date,tid,price,amount,type
1506124846,22081622,3061.88,0.03166730,0
1506124832,22081619,3061.91,0.99672975,0
1506124751,22081589,3061.30,0.21432619,0
1506124750,22081587,3059.16,0.00999966,0
1506124725,22081564,3056.97,0.02700000,0
1506124680,22081539,3056.97,0.01000000,0
1506124627,22081508,3051.81,0.36300430,0
1506124626,22081507,3051.80,0.03000000,0
1506124619,22081499,3051.81,0.03327462,0
1506124614,22081497,3051.79,0.02999966,0
1506124614,22081496,3051.77,0.00999966,0
1506124614,22081495,3051.47,0.04000000,0
1506124611,22081491,3051.47,0.29595002,0
1506124608,22081484,3046.36,0.36535406,0
1506124608,22081481,3046.36,0.12438419,0
1506124607,22081479,3046.36,1.01105604,0
1506124605,22081468,3046.36,0.10000000,0
1506124604,22081463,3046.36,0.36625758,0
1506124602,22081461,3046.36,0.02724164,0
1506124588,22081443,3051.06,0.09307730,1
1506124586,22081442,3040.00,0.97182658,1
1506124586,22081441,3041.81,0.04879966,1
1506124584,22081440,3046.00,0.01432000,1
1506124557,22081429,3051.81,0.97722189,0
1506124546,22081423,3051.81,0.21239893,0
1506124546,22081422,3051.81,0.39000000,0
1506124536,22081413,3051.81,0.03647100,0
1506124528,22081401,3051.81,0.02611300,0
1506124525,22081392,3051.81,0.22965421,0
1506124522,22081391,3051.81,0.09298210,0
1506124518,22081390,3052.88,0.00667811,0
1506124516,22081389,3052.88,0.33332189,1
1506124486,22081386,3056.98,0.03148381,0
1506124486,22081385,3056.98,0.41056740,0
1506124485,22081384,3056.98,0.21242013,0
1506124485,22081383,3056.97,0.09000000,0
1506124482,22081382,3056.97,0.01000000,1
1506124481,22081380,3056.97,0.03000000,1
1506124480,22081379,3056.97,0.00485918,0
1506124479,22081377,3056.97,0.03301916,0
1506124332,22081358,3062.70,0.05718179,0
1506124324,22081357,3062.68,0.09960930,0
1506124324,22081356,3062.67,0.01000000,0
1506124324,22081355,3057.23,0.02740883,0
1506124324,22081354,3057.23,0.01259117,0
1506124321,22081352,3057.24,0.62575577,0
1506124321,22081351,3057.24,0.62955335,0
1506124320,22081349,3057.24,0.46291132,0
1506124313,22081338,3057.24,0.80339006,0
1506124284,22081316,3062.68,0.01067820,0
1506124184,22081297,3062.68,0.00911969,0
1506124173,22081295,3062.68,0.08059281,0
1506124125,22081283,3062.70,0.03069143,0
1506124042,22081278,3068.08,0.01000000,0
1506124019,22081275,3067.99,0.01983383,0
1506123904,22081253,3067.68,0.01931116,0
1506123904,22081252,3067.47,0.01000000,0
1506123776,22081228,3056.10,0.00265000,0
1506123765,22081224,3056.10,0.03140832,0
1506123747,22081194,3056.11,0.03304183,0
1506123705,22081155,3062.44,0.03430085,0
1506123697,22081147,3062.45,0.31666476,0
1506123697,22081146,3062.44,0.04000000,0
1506123598,22081077,3060.85,0.03108286,1
1506123594,22081073,3062.44,0.01585000,0
1506123566,22081036,3060.85,0.10791773,1
1506123536,22080995,3065.18,0.01000000,1
1506123516,22080956,3068.52,0.10000000,0
1506123511,22080945,3068.52,0.10000000,0
1506123505,22080926,3068.52,0.05000000,0
1506123505,22080925,3068.51,0.05000000,0
1506123497,22080899,3068.52,0.05000000,0
1506123497,22080896,3068.51,0.05000000,0
1506123464,22080846,3055.66,0.01874509,1
1506123414,22080825,3069.99,0.01230100,0
1506123413,22080824,3069.99,0.02027240,0
1506123287,22080754,3070.00,0.47547736,0
1506123286,22080752,3070.00,0.40023944,0
1506123286,22080751,3069.99,0.01477456,0
1506123256,22080732,3069.98,0.00750000,0
1506123223,22080726,3069.99,0.00250000,0
1506123222,22080725,3064.26,0.00250000,1
1506123204,22080723,3069.99,0.00992908,0
1506123204,22080722,3069.98,0.03704913,0
1506123178,22080683,3057.12,0.01000000,1
1506123164,22080668,3055.68,0.01000000,1
1506123151,22080657,3055.62,0.01000000,1
1506123138,22080643,3055.52,0.01000000,1
1506123125,22080638,3053.88,0.01000000,1
1506123035,22080612,3069.74,0.37013562,1
1506123032,22080610,3069.70,0.18125916,0
1506123032,22080609,3069.69,0.07611835,0
1506122948,22080576,3067.37,0.07961913,0
1506122948,22080574,3067.32,0.00999966,0
1506122946,22080567,3066.53,0.06000000,0
1506122930,22080522,3067.34,0.15503009,0
1506122930,22080518,3066.55,0.32500000,0
1506122930,22080516,3066.55,0.31463698,0
1506122926,22080506,3066.54,0.04828901,0
1506122925,22080505,3066.55,0.10788557,1
1506122925,22080504,3066.55,0.06000000,0
1506122925,22080503,3066.55,0.15223670,0
1506122898,22080502,3067.32,0.01000000,0
1506122780,22080446,3067.35,0.01000000,0
1506122756,22080442,3066.64,0.01626210,0
1506122744,22080440,3066.76,0.03300000,1
1506122571,22080386,3059.00,0.57053100,0
1506122532,22080371,3058.99,0.01000000,0
1506122527,22080368,3059.00,0.06233409,0
1506122527,22080366,3058.99,0.07000000,0
1506122525,22080362,3058.00,0.03072069,0
1506122206,22080305,3058.00,0.03465827,0
1506122125,22080288,3057.99,0.03158225,0
1506122121,22080287,3041.11,0.29225958,1
1506122121,22080286,3042.60,0.32627380,1
1506122121,22080285,3051.20,0.10000000,1
1506122120,22080284,3052.00,0.28146662,1
1506122004,22080262,3057.99,0.01000000,0
1506121885,22080257,3052.00,0.02379992,1
1506121885,22080256,3052.60,0.01000000,1
1506121865,22080253,3058.00,0.00632197,0
1506121865,22080252,3057.99,0.02446170,0
1506121863,22080251,3058.00,0.00914955,0
1506121802,22080239,3058.00,0.01000000,0
1506121745,22080232,3058.00,0.00914952,0
1506121726,22080229,3057.99,0.03038214,0
1506121684,22080228,3057.99,0.01000000,0
1506121479,22080203,3059.27,0.00208104,0
1506121476,22080202,3059.28,0.00416206,0
1506121474,22080201,3059.29,0.00832413,0
1506121469,22080200,3059.31,0.01664827,0
1506121468,22080199,3059.31,0.03329653,0
1506121361,22080165,3059.62,0.07895830,0
1506121306,22080152,3063.17,0.00025817,0
1506121306,22080151,3053.72,0.01109737,0
1506121291,22080146,3053.72,0.40000000,0
1506121245,22080142,3053.72,0.01000000,0
1506121241,22080139,3042.29,0.16737439,0
1506121239,22080136,3042.29,0.00328261,0
1506121237,22080133,3042.29,0.01000000,1
1506121183,22080124,3039.68,0.09832993,1
1506121129,22080120,3053.72,0.01000000,0
1506121044,22080101,3053.70,0.03085924,0
1506121034,22080090,3053.71,0.05805146,0
1506121023,22080088,3053.72,0.17036775,0
1506121023,22080087,3053.72,0.02999915,0
1506121023,22080086,3053.70,0.00999915,0
1506121017,22080083,3053.72,0.16285230,0
1506121009,22080070,3036.90,0.43362830,0
1506121009,22080069,3039.04,0.22952633,1
1506121008,22080068,3040.00,0.10000000,1
1506121008,22080067,3040.50,0.10000000,1
1506121008,22080064,3043.39,0.01761139,1
1506121006,22080062,3043.43,0.01000000,1
1506120857,22079991,3046.95,0.03878702,0
1506120835,22079981,3045.46,0.00914342,0
1506120834,22079980,3047.08,0.00265200,1
1506120834,22079979,3047.08,0.01600456,1
1506120833,22079978,3047.73,0.01000000,1
1506120800,22079925,3053.54,0.03631000,1
1506120789,22079899,3053.54,0.03631600,0
1506120789,22079898,3053.54,0.00653000,0
1506120785,22079893,3053.56,0.06524823,0
1506120785,22079891,3053.55,0.02369018,0
1506120784,22079887,3053.55,0.03630982,0
1506120780,22079883,3053.55,0.01000000,0
1506120706,22079850,3055.61,0.16042261,0
1506120670,22079842,3046.28,0.02993726,1
1506120660,22079838,3055.61,0.01000000,0
1506120640,22079835,3055.61,0.02303811,0
1506120542,22079820,3055.61,0.01000000,0
1506120438,22079807,3055.61,0.02337118,0
1506120425,22079804,3055.61,0.10689072,0
1506120391,22079797,3055.61,0.07259702,0
1506120377,22079795,3064.98,0.01000000,0
1506120281,22079789,3065.20,0.04030882,0
1506120266,22079777,3065.23,0.00944626,0
1506120185,22079757,3065.41,0.02993726,0
1506120168,22079751,3065.46,0.03130735,0
1506120167,22079747,3065.46,0.03108064,0
1506120152,22079734,3065.50,0.18131647,0
1506120152,22079733,3065.50,0.17036775,0
1506120105,22079721,3043.84,0.24508857,1
1506120105,22079720,3043.84,0.09000000,1
1506120105,22079719,3043.90,2.00000000,1
1506120105,22079718,3050.00,0.09457767,1
1506120105,22079717,3050.00,0.16352459,1
1506120105,22079716,3050.59,0.00329633,1
1506120104,22079715,3050.99,0.04359915,1
1506120104,22079714,3051.00,0.44000000,1
1506120104,22079713,3051.00,0.30599648,1
1506120104,22079712,3051.01,0.95000000,1
1506120065,22079701,3069.85,0.00905907,0
1506120010,22079671,3050.71,0.01000000,1
1506120010,22079670,3050.71,0.01000000,1
1506120008,22079668,3065.91,0.05009761,0
1506120008,22079667,3065.91,0.01191890,0
1506120000,22079661,3065.92,0.08326826,0
1506119944,22079644,3050.79,0.03000000,1
1506119918,22079632,3066.06,0.01604000,0
1506119870,22079604,3067.30,0.00000221,1
1506119867,22079602,3067.30,0.01599779,1
1506119687,22079525,3068.00,0.03799176,0
1506119625,22079511,3068.47,0.05787556,0
1506119623,22079510,3068.47,0.11086927,0
1506119559,22079502,3060.12,0.08150988,1
1506119541,22079498,3069.81,0.02768802,0
1506119477,22079486,3067.69,0.01000000,0
1506119461,22079481,3067.69,0.02057140,0
1506119461,22079480,3065.95,0.01302467,0
1506119461,22079479,3063.65,0.01379809,0
1506119424,22079459,3058.54,0.07983497,0
1506119372,22079434,3058.83,0.01630361,0
1506119360,22079430,3058.84,0.00250000,0
1506119359,22079428,3051.68,0.00250000,1
1506119351,22079423,3058.64,0.37765044,0
1506119351,22079422,3058.51,0.03000000,0
1506119332,22079398,3065.00,0.66632613,1
1506119332,22079397,3065.10,0.06554187,1
1506119298,22079350,3065.10,0.01000000,1
1506119291,22079348,3072.11,0.06094990,0
1506119194,22079297,3074.60,0.05024719,1
1506119193,22079296,3074.60,0.05000000,0
1506119187,22079295,3074.60,0.04848634,0
1506119187,22079294,3074.60,0.02509619,0
1506119123,22079282,3074.74,0.03146960,0
1506119067,22079276,3074.85,0.58333115,0
1506119067,22079275,3074.84,0.05019238,0
1506118975,22079204,3065.10,0.02745813,1
1506118864,22079151,3074.84,0.01677868,0
1506118808,22079125,3065.10,0.02000000,1
1506118790,22079108,3074.99,0.44827086,0
1506118724,22079086,3065.10,0.01700000,1
1506118584,22079034,3069.77,0.02255000,0
1506118545,22079023,3069.84,0.00141230,0
1506118545,22079022,3069.83,0.03000000,0
1506118532,22079014,3076.24,0.00259306,0
1506118528,22079013,3076.25,0.00518612,0
1506118526,22079012,3076.25,0.01037224,0
1506118522,22079011,3076.26,0.02074448,0
1506118520,22079007,3076.26,0.04148896,0
1506118468,22078989,3076.37,0.03211608,0
1506118446,22078980,3076.41,0.04874105,0
1506118425,22078968,3065.10,0.01000000,1
1506118392,22078940,3076.50,0.02917926,0
1506118386,22078935,3076.51,0.04300111,0
1506118386,22078934,3076.50,0.03000000,0
1506118364,22078918,3076.53,0.07300111,0
1506118232,22078809,3065.00,0.01818000,1
1506118230,22078805,3065.00,0.02769940,1
1506118215,22078794,3065.00,0.07000000,1
1506118201,22078784,3065.00,0.07000000,1
1506118200,22078782,3065.00,0.01754324,1
1506118181,22078743,3065.00,0.13025123,1
1506118088,22078559,3077.73,0.29106401,0
1506118088,22078557,3077.34,0.00893599,0
1506118068,22078520,3077.34,0.01000000,1
1506118059,22078505,3077.77,0.63924212,0
1506118059,22078503,3074.27,0.00894338,0
1506118054,22078496,3074.27,0.01000000,1
1506118027,22078454,3078.27,0.00306004,0
1506118026,22078453,3074.24,0.00329656,0
1506118026,22078452,3073.08,0.01000000,0
1506118025,22078447,3070.00,0.00002400,0
1506118025,22078446,3070.00,0.01347930,0
1506118019,22078439,3070.00,0.01000000,0
1506118011,22078430,3070.00,0.03649670,0
1506118011,22078429,3070.00,0.16350330,0
1506117997,22078422,3070.00,0.08792420,0
1506117936,22078365,3070.00,0.98171414,0
1506117935,22078364,3069.99,0.01828586,0
1506117898,22078324,3069.96,0.01000000,1
1506117887,22078315,3062.15,0.08707631,1
1506117887,22078314,3069.96,0.08475893,1
1506117884,22078313,3069.96,0.03000000,1
1506117879,22078310,3069.96,0.10000000,1
1506117875,22078299,3070.00,0.01000000,0
1506117850,22078278,3070.00,0.01213844,0
1506117849,22078277,3069.96,0.02632912,0
1506117841,22078272,3069.95,0.03249239,0
1506117801,22078257,3069.67,0.00917421,0
1506117801,22078255,3069.68,0.00250582,1
1506117800,22078254,3069.68,0.07873066,1
1506117784,22078244,3069.70,0.30220444,0
1506117783,22078242,3060.00,0.02600000,1
1506117779,22078239,3060.00,0.13715800,1
1506117751,22078210,3069.79,0.04935549,1
1506117750,22078208,3069.77,0.03763249,0
1506117750,22078204,3069.77,0.07000000,0
1506117691,22078105,3069.87,0.07222055,0
1506117691,22078104,3064.00,0.02807945,0
1506117633,22078066,3065.00,0.00247637,0
1506117629,22078065,3065.94,0.00495275,0
1506117627,22078055,3065.94,0.00990550,0
1506117621,22078047,3065.95,0.01981099,0
1506117618,22078044,3065.95,0.03962198,0
1506117616,22078043,3065.96,0.07924395,0
1506117545,22077990,3067.37,0.01961259,0
1506117545,22077989,3060.00,0.00687980,0
1506117526,22077967,3045.11,0.28826000,1
1506117452,22077855,3059.85,0.08081683,0
1506117444,22077843,3059.86,0.09221168,0
1506117435,22077810,3050.00,0.02132279,0
1506117420,22077749,3050.00,0.02867721,0
1506117420,22077747,3049.36,0.00332279,0
1506117409,22077710,3047.24,0.00233850,1
1506117398,22077658,3047.26,0.00766150,0
1506117390,22077638,3047.25,2.31795850,0
1506117388,22077636,3047.26,0.00766150,1
1506117386,22077632,3047.26,2.32639600,0
1506117386,22077631,3047.26,1.08594250,0
1506117301,22077543,3047.91,0.01571045,0
1506117293,22077541,3047.92,0.01740751,0
1506117252,22077487,3040.80,0.00870919,1
1506117186,22077445,3048.08,0.12297565,0
1506117131,22077433,3048.16,0.03125000,0
1506117123,22077430,3040.80,0.00431544,1
1506117123,22077429,3042.60,0.01000000,1
1506117122,22077428,3043.09,0.01000000,1
1506117122,22077427,3043.09,0.01000000,1
1506117107,22077424,3048.40,0.00670203,0
1506117106,22077423,3048.40,0.03053200,0
1506117106,22077422,3048.40,0.64606226,0
1506117043,22077408,3048.87,0.08029644,0
1506117027,22077396,3048.99,0.12577199,0
1506117026,22077395,3042.95,0.01999932,0
1506117026,22077394,3039.02,0.00000523,0
1506117026,22077392,3039.02,0.12704300,0
1506117016,22077380,3039.02,0.01000000,0
1506116952,22077361,3039.02,0.32275778,0
1506116915,22077339,3036.95,0.00900000,1
1506116901,22077330,3039.01,0.03234198,0
1506116890,22077324,3039.02,0.00504638,0
1506116890,22077323,3039.01,0.20000000,0
1506116890,22077322,3038.99,0.06952346,0
1506116885,22077316,3038.99,0.00953189,0
1506116879,22077310,3038.99,0.02655938,0
1506116864,22077301,3038.99,0.00921154,0
1506116831,22077280,3036.95,0.07294480,1
1506116828,22077279,3036.95,0.80667200,0
1506116828,22077278,3036.00,0.03630058,0
1506116828,22077277,3035.99,0.01815029,0
1506116785,22077235,3036.00,0.46369942,0
1506116785,22077234,3035.99,0.03630058,0
1506116753,22077184,3022.26,0.11482627,0
1506116747,22077180,3036.92,0.08420230,0
1506116644,22077088,3037.44,0.01258271,0
1506116624,22077081,3022.02,0.01809526,1
1506116564,22077047,3037.63,0.03096459,0
1506116543,22077041,3038.97,0.01915277,0
1506116537,22077040,3038.98,0.21022774,0
1506116537,22077039,3038.97,0.08518388,0
1506116526,22077036,3039.00,0.03019743,0
1506116512,22077026,3039.03,0.07448212,1
1506116511,22077025,3039.03,0.22000000,0
1506116511,22077024,3039.02,0.17036775,1
1506116511,22077023,3039.02,0.34182213,1
1506116503,22077021,3021.01,0.15223533,1
1506116485,22077011,3039.69,0.19646863,0
1506116390,22076980,3021.04,0.34118028,0
1506116390,22076979,3023.11,0.00332142,1
1506116389,22076977,3025.63,0.12685482,1
1506116389,22076976,3027.04,0.29502754,0
1506116388,22076975,3027.65,0.02775512,1
1506116388,22076974,3027.67,0.19965848,1
1506116388,22076973,3027.67,0.00620234,1
1506116385,22076972,3027.67,0.00200000,1
1506116356,22076965,3040.12,0.00385633,0
1506116356,22076964,3040.00,0.00800000,0
1506116178,22076870,3027.67,0.00179766,1
1506116178,22076869,3030.00,0.00420234,1
1506116174,22076868,3041.79,0.00147042,0
1506116172,22076866,3032.98,0.01166972,0
1506116150,22076851,3030.00,0.00200000,1
1506116140,22076844,3032.98,0.00172000,0
1506116120,22076839,3030.70,0.00170000,0
1506116113,22076835,3030.00,0.13281200,1
1506116113,22076834,3030.70,0.00630000,1
1506116105,22076831,3041.79,0.61088573,0
1506116086,22076808,3042.12,0.09585992,1
1506116086,22076806,3042.12,0.04956430,1
1506116085,22076805,3042.12,0.85466453,0
1506115919,22076688,3030.70,0.00200000,1
1506115889,22076673,3030.70,0.00170000,1
1506115866,22076662,3037.12,0.02661871,0
1506115864,22076659,3037.13,0.02225795,0
1506115844,22076648,3030.00,0.01098566,1
1506115844,22076647,3033.73,0.01000000,1
1506115825,22076638,3037.27,0.00876993,0
1506115825,22076637,3037.25,0.00777047,0
1506115785,22076606,3043.08,0.01149388,0
1506115764,22076582,3049.18,0.01536116,0
1506115732,22076560,3049.31,0.00459111,0
1506115660,22076533,3033.76,0.00255769,1
1506115658,22076531,3045.19,0.00060133,0
1506115657,22076530,3045.00,0.85910267,0
1506115656,22076528,3033.76,0.00511539,1
1506115653,22076527,3033.77,0.01023078,1
1506115638,22076518,3045.00,0.01605100,0
1506115596,22076497,3045.00,0.01843100,0
1506115586,22076492,3045.00,0.02207160,0
1506115586,22076491,3045.00,0.02745813,0
1506115573,22076483,3045.00,0.05688560,0
1506115516,22076437,3052.87,0.00189002,0
1506115511,22076436,3052.89,0.14567179,1
1506115511,22076435,3052.89,0.11894577,0
1506115480,22076420,3054.86,0.00458280,0
1506115448,22076414,3054.97,0.18363726,0
1506115432,22076405,3056.79,0.09565262,0
1506115431,22076403,3056.76,0.00315000,1
1506115431,22076402,3056.76,0.03799448,1
1506115430,22076401,3056.76,0.84218272,0
1506115421,22076400,3037.73,0.02046157,1
1506115418,22076399,3040.28,0.02276643,1
1506115418,22076398,3044.94,0.01000000,1
1506115418,22076397,3047.04,0.00815671,1
1506115415,22076396,3047.04,0.07428627,1
1506115405,22076391,3058.65,0.10000000,0
1506115363,22076377,3059.33,0.04227956,0
1506115357,22076373,3059.37,0.05781728,0
1506115353,22076366,3036.50,0.97679178,0
1506115353,22076364,3036.50,0.24066388,0
1506115352,22076363,3036.53,0.90333684,0
1506115352,22076362,3036.84,0.07000000,1
1506115352,22076360,3040.24,0.04920750,0
1506115350,22076356,3039.30,1.36424853,1
1506115350,22076355,3040.00,0.00386686,1
1506115350,22076354,3040.00,0.10000000,1
1506115349,22076353,3040.22,1.12153070,1
1506115349,22076352,3040.24,0.34000000,0
1506115349,22076351,3040.25,1.09638948,1
1506115348,22076350,3047.95,0.00755959,1
1506115348,22076349,3047.97,0.01000000,1
1506115348,22076348,3047.99,0.01000000,1
1506115346,22076347,3049.15,0.01000000,1
1506115282,22076335,3059.62,0.00706010,0
1506115248,22076254,3059.69,0.27129210,0
1506115223,22076213,3059.73,0.00265200,0
1506115186,22076152,3059.79,0.02113447,0
1506115164,22076129,3059.99,0.00911381,0
1506115134,22076071,3048.05,0.00170000,1
1506115131,22076063,3060.00,0.06400000,0
1506115128,22076060,3060.00,0.16792376,0
1506115127,22076056,3060.00,0.05669496,0
1506115127,22076052,3060.00,0.35329005,0
1506115127,22076051,3060.00,0.23649043,0
1506115126,22076042,3060.00,0.02319932,0
1506115125,22076041,3060.00,0.00579932,0
1506115125,22076036,3060.00,0.01316783,0
1506115125,22076034,3059.99,0.01627200,0
1506115124,22076027,3048.05,0.06422624,1
1506115124,22076026,3052.00,0.00122686,1
1506115121,22076012,3052.00,0.01356617,1
1506115113,22075967,3060.00,0.03039065,0
1506115113,22075966,3053.03,0.07182838,0
1506115113,22075963,3052.00,0.08520697,1
1506115110,22075941,3058.27,0.01000000,1
1506115109,22075930,3060.00,0.64904809,1
1506115106,22075914,3060.00,0.03662500,1
1506115105,22075907,3060.00,0.08852134,1
1506115104,22075901,3060.00,0.09514401,1
1506115104,22075890,3060.00,0.07711930,1
1506115103,22075888,3066.01,0.01202114,1
1506115103,22075883,3063.76,0.02051300,0
1506115102,22075880,3066.01,0.05000000,0
1506115100,22075866,3060.00,0.08298755,1
1506115100,22075865,3060.00,0.00553250,1
1506115098,22075860,3060.00,0.03732865,1
1506115095,22075844,3060.00,0.04953044,1
1506115094,22075838,3060.00,0.03735501,1
1506115090,22075822,3066.03,0.06000000,0
1506115090,22075819,3060.00,0.84080811,1
1506115078,22075796,3060.01,0.32811793,1
1506115060,22075762,3069.87,0.32018389,0
1506115021,22075729,3070.00,0.07427035,0
1506115020,22075728,3069.98,0.33374908,0
1506115020,22075727,3069.97,0.06000000,0
1506115020,22075726,3069.97,0.01518000,1
1506115018,22075723,3069.96,2.44199700,0
1506114971,22075704,3069.98,0.06498414,0
1506114961,22075699,3069.98,0.05025000,0
1506114961,22075698,3069.00,0.05000000,0
1506114949,22075695,3069.98,0.04059714,0
1506114949,22075693,3069.97,0.02438700,0
1506114915,22075681,3069.98,0.06498414,0
1506114806,22075642,3069.98,0.01230160,0
1506114795,22075637,3069.98,0.16247663,0
1506114766,22075613,3070.00,0.08934520,0
1506114766,22075612,3069.99,0.07000000,0
1506114765,22075611,3069.99,0.03163347,0
1506114744,22075603,3069.98,0.01120000,0
1506114693,22075549,3069.96,0.03249228,0
1506114686,22075532,3065.37,0.01000000,1
1506114676,22075511,3069.98,0.35756894,0
1506114673,22075498,3065.37,0.01000000,1
1506114659,22075432,3070.00,0.41496978,0
1506114659,22075430,3069.00,0.00017247,0
1506114653,22075411,3069.00,0.13004450,0
1506114567,22075256,3069.00,0.05792013,0
1506114561,22075249,3069.00,0.01186290,0
1506114511,22075158,3070.00,0.06613459,0
1506114511,22075157,3070.00,0.00386686,0
1506114511,22075156,3069.99,0.07000000,0
1506114511,22075155,3068.30,0.31874910,0
1506114510,22075154,3068.03,0.01000000,0
1506114510,22075153,3064.96,0.01000000,0
1506114510,22075152,3064.08,0.05926133,0
1506114502,22075129,3064.08,0.03255463,0
1506114499,22075127,3064.08,0.30000000,0
1506114485,22075084,3064.08,0.10567912,0
1506114469,22075051,3063.00,0.00271426,1
1506114466,22075048,3063.00,0.62500000,1
1506114464,22075044,3064.08,0.01000000,0
1506114456,22075031,3063.00,0.19499470,0
1506114346,22074946,3063.00,0.04767301,0
1506114335,22074935,3063.00,0.01766919,0
1506114335,22074934,3062.99,0.27500000,0
1506114327,22074922,3063.00,0.21290564,0
1506114326,22074921,3063.00,0.02675746,0
1506114325,22074918,3062.99,0.06000000,0
1506114300,22074899,3063.87,0.17018268,0
1506114270,22074892,3060.00,0.01000000,0
1506114269,22074890,3060.00,0.01197712,1
1506114257,22074881,3063.95,0.01000000,0
1506114246,22074875,3064.07,0.01755426,0
1506114246,22074874,3061.83,0.01821371,0
1506114243,22074867,3061.83,0.03141579,0
1506114237,22074863,3061.83,0.00784201,0
1506114236,22074862,3061.83,0.04853284,0
1506114225,22074827,3061.83,0.01057663,0
1506114198,22074797,3060.00,0.47500000,1
1506114194,22074794,3060.00,0.10000000,0
1506114157,22074776,3060.89,0.10082990,0
1506114156,22074775,3060.88,0.03632616,1
1506114155,22074774,3060.88,0.03024986,0
1506114141,22074765,3060.90,0.01000000,0
1506114133,22074748,3060.91,0.00220820,0
1506114109,22074717,3060.98,0.02994221,0
1506114049,22074676,3057.41,0.02238159,0
1506114049,22074675,3057.41,0.06263551,0
1506114049,22074674,3057.41,0.05261046,0
1506114049,22074673,3056.94,0.07000000,0
1506114049,22074672,3056.93,0.01246905,0
1506114023,22074660,3056.98,0.01000000,0
1506114016,22074659,3056.97,0.00825000,0
1506113965,22074624,3057.18,0.03686493,0
1506113964,22074621,3057.19,0.28748025,0
1506113940,22074600,3057.28,1.95763227,0
1506113905,22074563,3057.41,0.01000000,0
1506113903,22074559,3061.83,0.02769740,0
1506113903,22074558,3059.91,0.03493811,0
1506113901,22074557,3057.41,0.01506449,0
1506113887,22074544,3060.87,0.02479033,1
1506113885,22074541,3057.41,0.00519647,0
1506113844,22074525,3057.47,0.01532947,0
1506113826,22074511,3057.52,0.12261264,0
1506113784,22074490,3057.67,0.00944634,0
1506113703,22074418,3058.03,0.01765000,0
1506113697,22074416,3058.06,0.10000000,0
1506113625,22074391,3058.36,0.06170272,0
1506113624,22074390,3058.37,0.63763377,0
1506113611,22074387,3042.50,0.14766667,1
1506113611,22074386,3042.68,0.00450000,1
1506113611,22074385,3042.70,0.00450000,1
1506113609,22074384,3044.28,0.01000000,1
1506113597,22074382,3058.47,0.01081532,0
1506113523,22074363,3058.71,0.15603421,0
1506113516,22074361,3058.74,0.00203678,0
1506113479,22074352,3058.89,0.09781980,0
1506113445,22074311,3059.50,0.06170252,0
1506113437,22074304,3042.19,0.07640732,1
1506113437,22074303,3043.62,0.01338971,1
1506113426,22074301,3045.91,0.00737087,1
1506113426,22074300,3059.57,0.15620000,0
1506113426,22074299,3045.91,0.00262913,1
1506113414,22074267,3061.83,0.00000322,1
1506113413,22074266,3061.83,0.09644886,1
1506113401,22074252,3042.45,0.00180000,1
1506113393,22074235,3061.86,0.01000000,1
1506113392,22074232,3063.96,0.01000000,0
1506113383,22074212,3042.43,0.02151152,1
1506113383,22074211,3042.44,0.40000000,1
1506113383,22074210,3043.92,0.01000000,1
1506113370,22074169,3062.00,1.26986468,0
1506113370,22074168,3062.00,0.16299674,0
1506113370,22074166,3060.00,0.15000000,0
1506113370,22074165,3059.98,0.02000000,0
1506113370,22074164,3058.00,6.40000000,0
1506113370,22074163,3057.99,0.08000000,0
1506113369,22074162,3057.30,0.12157728,0
1506113369,22074161,3057.29,0.13799149,0
1506113348,22074160,3043.67,0.00200000,0
1506113343,22074157,3042.37,0.37813598,1
1506113343,22074156,3043.67,0.00800000,1
1506113310,22074151,3057.30,0.04342115,0
1506113309,22074150,3043.67,0.00200000,1
1506113304,22074146,3057.29,0.03052068,0
1506113295,22074142,3057.30,0.07802975,0
1506113271,22074119,3045.55,0.00164409,1
1506113271,22074118,3048.00,0.00005591,1
1506113263,22074111,3057.27,0.12352630,0
1506113203,22074022,3048.00,0.14959651,1
1506113199,22074011,3057.30,0.03723087,0
1506113169,22073963,3057.30,0.03849515,0
1506113169,22073962,3057.07,0.01650485,0
1506113169,22073961,3056.95,0.01000000,0
1506113147,22073924,3051.97,0.02000000,0
1506113121,22073895,3051.98,0.02000000,0
1506113119,22073888,3051.91,0.01000000,1
1506113087,22073832,3052.41,0.01000000,1
1506113070,22073811,3052.30,0.10000000,0
1506113025,22073770,3052.30,0.09000000,1
1506112999,22073726,3056.95,0.01000000,1
1506112977,22073682,3045.30,0.03312410,1
1506112974,22073680,3057.98,0.01000000,0
1506112972,22073677,3045.30,0.01547955,1
1506112969,22073672,3050.00,0.01000000,0
1506112947,22073627,3048.05,0.03206443,0
1506112945,22073623,3043.68,0.02394370,1
1506112938,22073618,3048.05,0.02243557,0
1506112937,22073616,3048.04,0.04300969,0
1506112929,22073610,3043.68,0.06450000,1
1506112922,22073595,3048.04,0.02777570,0
1506112909,22073582,3047.00,1.50000000,0
1506112909,22073581,3046.99,0.11379509,0
1506112871,22073516,3047.96,0.16098584,0
1506112827,22073442,3049.51,0.05449072,1
1506112826,22073432,3049.50,0.04000000,0
1506112823,22073408,3033.57,0.21001471,1
1506112822,22073405,3033.58,0.04000000,1
1506112819,22073390,3033.58,0.14791011,1
1506112798,22073311,3049.56,0.02124204,0
1506112798,22073310,3049.55,0.03441026,0
1506112789,22073306,3049.57,0.05239790,0
1506112744,22073271,3049.66,0.03073367,0
1506112738,22073263,3049.68,0.14389470,1
1506112736,22073256,3049.68,0.04000000,0
1506112721,22073226,3049.70,0.01559287,0
1506112706,22073184,3050.00,0.21000000,1
1506112706,22073183,3050.00,6.40000000,1
1506112705,22073182,3050.00,1.30819345,1
1506112705,22073181,3050.00,0.32309967,1
1506112705,22073180,3050.01,1.08851604,1
1506112645,22073118,3054.00,0.17395505,1
1506112645,22073117,3054.00,0.36440078,1
1506112645,22073115,3054.00,14.87796333,1
1506112642,22073113,3054.99,0.05792170,0
1506112642,22073112,3054.99,0.05792170,0
1506112631,22073104,3054.00,0.03000000,1
1506112630,22073101,3055.00,0.72519149,0
1506112625,22073099,3055.00,0.16057008,0
1506112625,22073098,3055.00,0.03215904,0
1506112623,22073097,3055.00,0.01563923,0
1506112615,22073096,3055.00,0.20025000,0
1506112612,22073093,3055.00,0.26258400,0
1506112589,22073076,3055.00,0.08563550,0
1506112588,22073074,3055.00,0.08563550,0
1506112587,22073071,3055.00,0.08563550,0
1506112581,22073068,3055.00,0.07299181,0
1506112580,22073065,3055.00,0.07298600,0
1506112576,22073060,3055.00,0.07299000,0
1506112570,22073058,3055.00,0.33417223,0
1506112570,22073057,3055.00,0.97304494,0
1506112570,22073056,3055.00,0.10949348,0
1506112563,22073048,3055.00,0.15521414,0
1506112530,22073006,3054.19,0.07642627,0
1506112529,22073005,3054.19,0.25524233,0
1506112517,22072944,3054.19,0.01000000,0
1506112516,22072925,3054.19,0.10871708,1
1506112516,22072922,3054.19,0.13183600,1
1506112515,22072917,3054.98,0.00002400,1
1506112515,22072907,3054.98,0.02748282,1
1506112514,22072904,3055.00,0.00002400,1
1506112509,22072880,3055.00,0.05997600,1
1506112504,22072843,3062.00,0.10030000,0
1506112489,22072808,3054.09,0.09258297,1
1506112489,22072807,3054.82,0.01000000,1
1506112489,22072806,3054.84,0.01000000,1
1506112486,22072790,3062.00,0.09627737,0
1506112447,22072739,3062.00,0.01125935,0
1506112447,22072738,3058.94,0.02087827,0
1506112445,22072737,3058.94,0.00912173,0
1506112444,22072736,3062.00,0.04183000,0
1506112424,22072720,3062.00,0.58733654,0
1506112410,22072715,3062.86,0.08116243,0
1506112410,22072714,3054.00,0.75338886,0
1506112409,22072712,3054.00,0.01298823,0
1506112406,22072709,3054.00,0.15907204,0
1506112404,22072702,3054.00,0.56817629,0
1506112398,22072693,3055.00,0.00637458,1
1506112388,22072679,3062.87,0.01000000,0
1506112383,22072673,3062.88,0.01513167,0
1506112381,22072671,3062.87,0.05000000,0
1506112380,22072666,3055.00,0.15687911,0
1506112351,22072631,3055.00,2.23136382,0
1506112343,22072623,3055.00,0.02443770,0
1506112315,22072595,3050.00,0.00686804,0
1506112314,22072591,3050.00,0.09313196,0
1506112314,22072589,3050.00,0.38301004,0
1506112313,22072588,3050.00,0.50000000,0
1506112311,22072586,3050.00,0.23397988,0
1506112310,22072585,3050.00,0.13590344,0
1506112303,22072576,3050.00,0.47575500,0
1506112303,22072573,3050.00,0.21397988,0
1506112300,22072568,3050.00,0.58394100,0
1506112298,22072563,3050.00,0.23539817,0
1506112291,22072557,3050.00,0.01000000,0
1506112282,22072553,3050.00,0.02469754,0
1506112281,22072552,3050.00,0.03148023,0
1506112274,22072546,3050.00,0.02329200,0
1506112270,22072541,3050.00,1.00000000,0
1506112261,22072534,3050.00,0.50000000,0
1506112260,22072533,3050.00,0.01827009,0
1506112255,22072531,3050.00,0.16100603,0
1506112246,22072525,3050.00,0.07849870,0
1506112241,22072524,3050.00,0.00850164,0
1506112237,22072520,3050.00,0.12579746,0
1506112235,22072514,3050.00,0.13979417,0
1506112228,22072496,3050.00,0.03239411,0
1506112227,22072495,3050.00,0.23027023,0
1506112216,22072482,3050.00,0.10000000,0
1506112209,22072473,3050.00,0.26410391,0
1506112209,22072468,3049.99,0.05454702,0
1506112208,22072458,3049.99,0.10000000,0
1506112201,22072454,3049.99,0.10000000,0
1506112199,22072452,3049.99,0.09504572,0
1506112195,22072449,3049.99,0.10000000,0
1506112173,22072424,3049.99,0.01000000,0
1506112119,22072376,3049.99,0.01635087,0
1506112108,22072371,3049.99,0.02405639,0
1506112087,22072325,3050.00,0.03224685,0
1506112083,22072303,3050.00,0.02730899,0
1506112060,22072284,3044.13,0.00200000,0
1506112054,22072281,3044.13,0.00200000,1
1506112049,22072276,3044.13,0.00200000,1
1506112044,22072269,3044.13,0.00200000,1
1506112043,22072266,3050.00,0.01839421,0
1506112039,22072252,3044.13,0.00200000,1
1506112035,22072250,3037.53,0.00200000,1
1506112029,22072246,3037.49,0.00200000,1
1506112024,22072244,3036.09,0.00200000,1
1506112019,22072242,3036.09,0.00200000,1
1506112014,22072237,3036.07,0.00200000,1
1506112010,22072236,3034.55,0.00200000,1
1506112006,22072235,3050.00,0.01285747,0
1506112006,22072234,3049.99,0.06000000,0
1506112005,22072233,3034.51,0.00200000,1
1506112001,22072230,3034.50,0.00200000,1
1506111997,22072223,3034.48,0.00200000,1
1506111992,22072215,3034.46,0.00200000,1
1506111990,22072210,3049.98,0.04561062,0
1506111987,22072207,3034.13,0.00200000,1
1506111983,22072205,3034.08,0.00200000,1
1506111968,22072183,3050.00,0.75570180,0
1506111968,22072182,3050.00,0.08000000,1
1506111968,22072181,3049.95,0.35574269,1
1506111967,22072180,3046.57,0.00332234,0
1506111967,22072179,3044.00,0.35743362,0
1506111965,22072176,3036.20,0.00200000,0
1506111962,22072172,3032.92,0.35616870,1
1506111962,22072171,3036.20,0.00600000,1
1506111958,22072168,3036.20,0.00200000,1
1506111954,22072166,3036.20,0.00200000,1
1506111927,22072142,3043.00,0.06339032,0
1506111927,22072141,3042.99,0.00200000,0
1506111889,22072116,3043.00,0.03234342,0
1506111886,22072114,3043.00,0.03379683,0
1506111886,22072113,3042.99,0.00200000,0
1506111865,22072108,3033.77,0.00200000,1
1506111860,22072107,3033.77,0.00200000,1
1506111856,22072106,3043.00,0.40981997,0
1506111855,22072103,3033.77,0.00200000,1
1506111852,22072102,3043.00,0.03070672,0
1506111852,22072101,3035.76,0.00003500,0
1506111850,22072100,3033.77,0.00200000,1
1506111846,22072099,3033.77,0.00200000,1
1506111809,22072029,3041.00,0.05000000,1
1506111787,22072025,3043.00,0.68201445,0
1506111787,22072024,3041.00,0.41958565,0
1506111786,22072023,3040.00,0.45619146,0
1506111784,22072020,3034.74,0.00200000,1
1506111780,22072017,3034.74,0.00200000,1
1506111776,22072015,3034.74,0.00200000,1
1506111771,22072012,3034.74,0.00200000,1
1506111766,22072011,3034.74,0.00200000,1
1506111726,22071974,3040.00,0.01234539,0
1506111613,22071807,3040.00,0.03146315,0
1506111613,22071805,3039.98,0.01514636,0
1506111612,22071804,3039.97,0.00200000,0
1506111556,22071681,3041.00,0.02940518,0
1506111555,22071680,3040.99,0.07000000,0
1506111555,22071679,3040.97,0.06045433,0
1506111553,22071678,3040.96,0.00200000,0
1506111528,22071674,3040.96,0.10028724,0
1506111526,22071673,3040.96,0.03226273,0
1506111519,22071671,3040.97,0.01639937,0
1506111504,22071654,3035.74,0.03098010,0
1506111492,22071648,3041.00,0.14087206,0
1506111492,22071646,3040.99,0.01334580,0
1506111491,22071645,3040.99,0.00201990,0
1506111491,22071644,3040.98,0.16832795,1
1506111489,22071642,3040.98,0.00003981,0
1506111482,22071639,3040.98,0.00407961,0
1506111481,22071637,3040.97,0.00415921,0
1506111418,22071554,3025.62,0.00000047,1
1506111418,22071553,3025.63,0.14094980,1
1506111411,22071544,3025.72,0.04909357,1
1506111411,22071542,3028.00,0.01500000,1
1506111405,22071538,3039.88,0.01000000,1
1506111404,22071534,3041.29,0.00163746,0
1506111403,22071530,3041.29,0.04745611,1
1506111403,22071529,3041.29,0.00200000,1
1506111402,22071527,3039.78,1.17579563,1
1506111402,22071526,3039.78,0.00200000,0
1506111386,22071521,3043.29,1.78630473,0
1506111386,22071520,3042.78,0.00434976,0
1506111385,22071519,3042.77,0.02000000,0
1506111385,22071518,3041.00,0.10000000,0
1506111385,22071517,3039.80,0.36985300,0
1506111385,22071516,3039.10,0.00200000,0
1506111385,22071515,3039.09,0.08000000,0
1506111385,22071514,3038.15,0.11722924,0
1506111385,22071513,3035.40,0.01351208,0
1506111384,22071512,3033.33,0.71916674,0
1506111373,22071507,3025.30,0.01951156,1
1506111373,22071506,3025.30,0.28048844,1
1506111362,22071504,3033.12,0.04778968,0
1506111354,22071496,3025.28,0.01810390,1
1506111354,22071495,3029.00,0.01000000,1
1506111354,22071494,3029.75,0.01000000,1
1506111324,22071479,3033.33,0.03161132,0
1506111322,22071478,3033.33,0.12000000,0
1506111321,22071477,3033.33,0.12922194,0
1506111305,22071472,3029.00,0.08227121,1
1506111304,22071471,3029.35,0.01000000,1
1506111155,22071350,3042.79,0.82196740,1
1506111154,22071349,3042.79,0.02000000,0
1506111154,22071348,3042.78,0.18900000,1
1506111154,22071346,3040.00,0.01100851,0
1506111153,22071343,3039.99,0.05001119,0
1506111153,22071339,3038.16,0.04214316,0
1506111153,22071337,3038.15,0.10943502,1
1506111152,22071335,3038.15,0.32786730,1
1506111151,22071334,3038.15,1.62054600,0
1506111151,22071333,3038.15,0.09000000,0
1506111083,22071291,3038.28,0.04496232,0
1506111035,22071276,3038.40,0.01796472,0
1506111035,22071275,3038.39,0.02603391,0
1506111035,22071273,3038.38,0.08428633,0
1506111028,22071269,3038.42,0.20585304,0
1506111020,22071267,3038.45,0.10000000,0
1506110929,22071226,3038.62,0.19113053,0
1506110929,22071225,3038.62,0.00583388,0
1506110928,22071224,3038.62,0.03263166,0
1506110927,22071222,3038.62,0.00831493,0
1506110927,22071221,3038.62,0.02589982,0
1506110927,22071220,3038.62,0.05447900,0
1506110905,22071211,3038.67,0.01530817,0
1506110904,22071210,3038.67,0.00976831,0
1506110826,22071173,3038.84,0.15935132,0
1506110825,22071171,3038.86,0.54298987,0
1506110824,22071170,3038.86,0.14536057,0
1506110806,22071157,3038.92,0.05001436,0
1506110782,22071152,3025.01,0.02592816,1
1506110773,22071141,3022.34,0.50000000,1
1506110767,22071139,3039.04,0.02819675,1
1506110767,22071138,3039.04,0.10010727,0
1506110765,22071137,3034.47,0.00200000,0
1506110760,22071132,3022.69,0.30860592,1
1506110760,22071130,3034.47,0.00800000,1
1506110758,22071129,3034.47,0.00200000,1
1506110749,22071127,3024.00,0.09886806,1
1506110740,22071120,3043.50,0.93502577,1
1506110740,22071119,3040.15,0.00827104,0
1506110740,22071118,3040.15,0.10557472,1
1506110739,22071117,3040.00,0.96636627,0
1506110739,22071116,3039.10,0.00200000,0
1506110739,22071115,3039.09,0.06000000,0
1506110738,22071114,3035.00,0.98993738,0
1506110738,22071113,3032.00,0.14162845,0
1506110736,22071111,3031.99,0.03212958,0
1506110701,22071100,3032.00,0.00107150,0
1506110701,22071099,3031.98,0.01999847,0
1506110701,22071098,3031.96,0.00999847,0
1506110664,22071049,3032.00,0.00925236,0
1506110664,22071048,3032.00,0.01645292,0
1506110592,22071032,3032.00,0.01000000,0
1506110585,22071031,3032.00,0.32159477,0
1506110585,22071030,3031.98,0.03999847,0
1506110585,22071029,3029.99,0.21085306,0
1506110585,22071028,3029.96,0.06425916,0
1506110569,22071014,3024.00,0.23108098,1
1506110562,22071006,3024.00,0.04205096,1
1506110547,22070993,3029.99,0.16375216,0
1506110544,22070992,3029.99,0.03106824,0
1506110543,22070991,3029.99,1.00000000,0
1506110536,22070989,3024.01,0.00029545,0
1506110536,22070987,3024.01,0.08396674,0
1506110519,22070952,3029.99,0.04810500,0
1506110506,22070890,3029.99,0.09561761,0
1506110494,22070835,3029.99,0.00349210,0
1506110489,22070826,3029.98,0.08429590,0
1506110483,22070820,3029.99,0.01000000,0
1506110475,22070815,3029.99,0.01000000,0
1506110473,22070811,3029.99,0.05151269,0
1506110471,22070809,3029.97,0.11051873,0
1506110396,22070777,3029.99,0.11242313,0
1506110373,22070775,3015.61,0.11052672,1
1506110373,22070774,3020.88,0.07379983,1
1506110373,22070773,3022.09,0.20148056,1
1506110364,22070771,3020.91,0.03597640,0
1506110353,22070764,3029.99,0.10030000,0
1506110352,22070760,3020.90,1.16023125,1
1506110349,22070759,3022.03,0.01000000,1
1506110349,22070758,3022.20,0.32976875,1
1506110325,22070750,3029.99,0.15801028,0
1506110296,22070735,3029.99,0.03022609,0
1506110290,22070732,3029.99,0.32315894,0
1506110285,22070729,3029.99,0.30616272,0
1506110278,22070715,3029.99,0.03292090,0
1506110263,22070697,3029.98,0.06435538,0
1506110262,22070693,3023.00,0.67227144,0
1506110262,22070689,3023.00,0.20148620,0
1506110256,22070687,3023.00,0.12868343,0
1506110243,22070674,3023.00,0.07250900,0
1506110231,22070660,3023.00,0.14585328,0
1506110228,22070659,3023.00,0.11147305,0
1506110214,22070649,3023.00,0.02204000,0
1506110175,22070630,3017.15,0.06356014,1
1506110175,22070629,3018.05,0.02643986,1
1506110172,22070620,3012.60,1.18735394,1
1506110172,22070619,3017.00,0.77740000,1
1506110171,22070618,3018.06,0.01805820,1
1506110171,22070617,3018.07,0.02643986,1
1506110171,22070616,3020.05,0.26074800,0
1506110165,22070614,3018.06,0.00193825,1
1506110165,22070613,3018.17,0.00221946,1
1506110165,22070611,3018.06,0.00261562,1
1506110165,22070610,3018.06,0.00261562,1
1506110164,22070606,3018.06,0.00261562,1
1506110150,22070581,3023.00,0.03621716,0
1506110138,22070564,3023.00,0.09221242,0
1506110136,22070563,3023.00,0.17984160,0
1506110135,22070561,3023.00,0.04000000,1
1506110135,22070560,3023.01,0.09221242,1
1506110117,22070552,3029.98,0.03893855,0
1506110070,22070535,3029.99,0.27416455,0
1506110070,22070534,3029.98,0.05000000,0
1506110025,22070520,3029.98,0.04869156,0
1506110001,22070513,3029.99,6.36474047,0
1506110001,22070512,3029.99,0.02772555,0
1506110001,22070511,3029.98,0.06000000,1
1506109999,22070510,3029.98,0.03423844,0
1506109994,22070506,3029.98,0.03576156,0
1506109987,22070499,3029.99,0.02253142,0
1506109986,22070498,3029.98,0.07000000,0
1506109986,22070497,3029.96,0.00999983,0
1506109984,22070496,3029.00,0.33478244,0
1506109966,22070479,3029.00,0.16521756,0
1506109966,22070478,3028.99,0.02040927,0
1506109943,22070424,3029.98,0.02327182,0
1506109932,22070421,3029.99,0.43287271,0
1506109930,22070420,3029.98,0.08000000,0
1506109923,22070419,3024.00,0.02239956,1
1506109923,22070418,3027.69,0.01351211,1
1506109920,22070417,3029.99,0.00262180,0
1506109914,22070415,3029.99,0.03150762,0
1506109914,22070413,3029.98,0.09000000,0
1506109912,22070409,3029.97,0.04081853,0
1506109845,22070388,3029.98,0.02274891,0
1506109805,22070373,3029.97,0.07571692,0
1506109792,22070369,3029.97,0.01000000,0
1506109784,22070365,3029.98,0.03168709,0
1506109784,22070364,3029.97,0.01999983,0
1506109784,22070363,3029.95,0.10414043,0
1506109771,22070357,3029.97,0.09727300,0
1506109767,22070356,3029.97,0.54077272,0
1506109767,22070355,3024.41,0.45923628,0
1506109750,22070345,3029.99,0.03028722,1
1506109750,22070344,3029.99,0.15623296,0
1506109749,22070343,3029.98,0.11000000,0
1506109748,22070342,3029.83,0.30618219,0
1506109747,22070341,3024.46,0.03999983,0
1506109746,22070338,3024.43,0.08738271,0
1506109732,22070329,3029.89,0.01000000,0
1506109727,22070328,3024.48,0.01648878,0
1506109667,22070304,3029.94,0.00201875,0
1506109664,22070303,3029.93,0.04682613,0
1506109664,22070299,3029.94,0.00403750,0
1506109660,22070297,3024.48,0.00807500,0
1506109658,22070296,3029.97,0.00615018,0
1506109658,22070295,3029.95,0.00999983,0
1506109643,22070285,3017.26,0.28684539,1
1506109643,22070283,3024.48,0.00200000,1
1506109630,22070274,3024.48,0.07882759,0
1506109606,22070260,3029.95,0.00075950,0
1506109606,22070258,3029.95,0.00999983,0
1506109596,22070255,3015.90,0.33000000,1
1506109593,22070252,3029.88,0.33998964,0
1506109574,22070234,3029.84,0.01000000,0
1506109568,22070231,3019.35,6.43657643,0
1506109564,22070224,3019.35,0.01639028,0
1506109548,22070217,3019.35,0.04875193,0
1506109528,22070209,3019.35,0.01000000,0
1506109523,22070204,3019.35,0.02275000,0
1506109479,22070178,3019.35,0.03719983,0
1506109476,22070176,3019.35,0.08649074,0
1506109475,22070175,3019.35,0.28028691,0
1506109474,22070171,3019.35,1.00025000,0
1506109472,22070164,3013.20,0.35350709,1
1506109468,22070161,3019.35,0.28028220,0
1506109461,22070155,3013.20,0.09996001,1
1506109458,22070152,3019.35,0.02479983,0
1506109454,22070146,3019.35,0.16461790,0
1506109452,22070144,3013.11,0.06192049,1
1506109452,22070143,3013.71,0.01704792,1
1506109451,22070141,3019.35,0.02641700,0
1506109450,22070139,3019.35,0.02000000,0
1506109447,22070134,3019.35,0.02000000,0
1506109447,22070132,3019.35,0.14067662,0
1506109443,22070127,3019.35,0.02000000,0
1506109443,22070126,3013.71,0.01999772,1
1506109443,22070125,3014.00,0.01654446,1
1506109442,22070124,3014.01,0.08000000,1
1506109440,22070120,3019.35,0.02000000,0
1506109435,22070118,3019.35,0.87778362,0
1506109435,22070117,3019.35,7.00000000,1
1506109435,22070116,3019.55,6.90000000,1
1506109435,22070115,3019.56,0.42000000,1
1506109434,22070114,3019.57,0.81468590,1
1506109434,22070113,3019.57,0.33204081,1
1506109433,22070111,3032.92,0.02279230,0
1506109429,22070109,3019.56,0.28821497,1
1506109428,22070105,3032.93,0.03635779,0
1506109417,22070098,3019.72,0.07197121,1
1506109406,22070096,3018.54,0.00232549,1
1506109406,22070095,3022.69,0.01000000,1
1506109405,22070094,3022.69,0.01853855,1
1506109384,22070090,3022.69,0.01445854,1
1506109343,22070083,3033.19,0.08488247,0
1506109343,22070082,3033.18,0.04000000,0
1506109296,22070066,3033.25,0.03617572,0
1506109283,22070064,3033.28,0.03821578,0
1506109281,22070063,3024.00,0.00996328,0
1506109277,22070062,3024.00,0.00081995,0
1506109277,22070061,3022.70,0.02418005,0
1506109276,22070060,3022.70,0.00781995,1
1506109265,22070048,3022.70,0.13121688,1
1506109253,22070041,3024.00,0.37500000,0
1506109250,22070039,3024.00,0.10537635,0
1506109249,22070038,3024.00,0.03206019,0
1506109248,22070037,3024.00,0.03206019,0
1506109233,22070026,3024.00,0.76693122,0
1506109163,22069951,3024.00,0.03104703,0
1506109163,22069947,3022.73,0.07440333,1
1506109162,22069946,3023.99,0.00179600,1
1506109155,22069943,3024.00,0.28340236,0
1506109147,22069942,3024.00,0.01000000,0
1506109144,22069939,3024.00,0.30677249,0
1506109128,22069929,3024.00,0.02100000,1
1506109127,22069928,3024.01,0.02556694,1
1506109084,22069907,3035.00,0.01006262,0
1506109084,22069906,3033.84,0.00288824,0
1506109084,22069905,3033.83,0.04000000,0
1506109064,22069899,3024.00,0.01390748,1
1506109040,22069888,3032.06,0.06579685,0
1506109026,22069880,3032.06,0.15133276,0
1506108989,22069851,3033.84,0.00711176,0
1506108989,22069850,3033.80,0.05000000,0
1506108988,22069849,3030.06,0.20000000,0
1506108988,22069848,3029.00,0.15569495,0
1506108984,22069845,3029.00,0.34430505,0
1506108984,22069844,3025.00,0.17136663,1
1506108982,22069843,3025.00,4.54603298,0
1506108982,22069842,3025.00,0.06637355,0
1506108967,22069814,3025.00,0.12330699,0
1506108890,22069711,3025.00,0.16229829,0
1506108885,22069706,3025.00,0.30984498,0
1506108874,22069689,3025.00,0.82459544,0
1506108814,22069659,3025.00,0.04484628,0
1506108812,22069658,3025.00,0.75030000,0
1506108809,22069657,3025.00,0.06737370,0
1506108804,22069654,3025.00,0.01549705,0
1506108783,22069647,3025.00,1.00000000,0
1506108763,22069634,3025.00,1.00000000,0
1506108750,22069626,3023.99,0.01616400,1
1506108746,22069623,3025.00,0.06295536,0
1506108745,22069622,3025.00,1.00000000,0
1506108742,22069621,3025.00,0.00659504,0
1506108714,22069612,3025.00,0.33171024,0
1506108699,22069611,3025.00,0.12531901,0
1506108684,22069609,3025.00,0.25975206,0
1506108683,22069608,3024.99,0.07000000,0
1506108671,22069603,3025.00,0.06512250,0
1506108661,22069594,3024.99,0.00925640,0
1506108640,22069579,3025.00,0.28743763,0
1506108640,22069578,3024.99,0.07000000,0
1506108618,22069572,3023.99,0.00704000,1
1506108607,22069568,3025.00,0.07584132,0
1506108606,22069566,3025.00,0.07479758,0
1506108606,22069565,3024.99,0.08000000,0
1506108605,22069564,3024.00,0.01110045,0
1506108605,22069563,3024.00,0.50359849,0
1506108599,22069562,3024.00,0.03199405,0
1506108597,22069560,3023.99,0.02500000,1
1506108588,22069557,3024.00,0.14272817,0
1506108586,22069556,3023.99,0.02220089,0
1506108548,22069549,3024.00,0.00994163,0
1506108548,22069548,3022.70,0.02080828,0
1506108546,22069547,3022.70,0.31777405,0
1506108527,22069546,3022.58,0.12413402,0
1506108485,22069538,3022.44,0.07321860,0
1506108482,22069536,3013.08,0.01077705,1
1506108379,22069474,3022.00,0.61575389,0
1506108378,22069473,3021.99,0.04440178,0
1506108364,22069470,3022.00,0.01584257,0
1506108361,22069468,3009.96,0.08000000,1
1506108354,22069467,3022.62,0.07999500,0
1506108312,22069455,3022.46,0.16211796,0
1506108250,22069427,3022.70,0.03032217,0
1506108249,22069425,3022.70,0.04488539,0
1506108249,22069424,3021.94,0.03036461,0
1506108249,22069423,3021.94,0.02500000,0
1506108248,22069422,3022.70,0.01106087,0
1506108248,22069421,3022.00,0.00488087,0
1506108246,22069420,3021.94,0.07591811,1
1506108246,22069418,3021.94,0.03036790,1
1506108206,22069409,3021.59,0.03191809,0
1506108164,22069400,3021.85,0.02563429,0
1506108147,22069399,3022.00,0.49511913,0
1506108140,22069398,3022.63,0.00478097,0
1506108137,22069396,3022.54,0.02618630,0
1506108134,22069395,3022.54,0.00642010,0
1506108133,22069393,3022.55,0.00642010,0
1506108101,22069378,3010.24,0.67688371,1
1506108093,22069375,3022.67,0.03273175,0
1506108091,22069374,3022.70,0.03864499,0
1506108084,22069372,3022.69,0.01583576,0
1506108053,22069340,3009.67,0.01944332,0
1506108044,22069328,3009.43,0.00076519,1
1506108044,22069327,3012.12,0.01000000,1
1506108021,22069317,3022.70,0.01583576,0
1506107993,22069305,3022.70,0.02066849,0
1506107969,22069293,3023.00,0.02493356,0
1506107934,22069287,3024.00,0.06245227,0
1506107918,22069284,3024.00,0.22679752,0
1506107866,22069264,3024.00,0.02248787,0
1506107832,22069254,3024.83,0.01451434,0
1506107826,22069252,3024.83,0.01104744,0
1506107803,22069247,3024.88,0.06595303,0
1506107725,22069222,3024.96,0.10114575,0
1506107685,22069216,3024.84,0.64526776,0
1506107647,22069205,3024.97,0.03033749,1
1506107587,22069154,3022.84,0.16936458,1
1506107586,22069153,3022.86,0.14708994,0
1506107585,22069139,3024.00,0.25230062,0
1506107585,22069135,3022.87,0.07866498,0
1506107536,22069079,3023.45,0.03299211,0
1506107526,22069077,3023.49,0.03164289,0
1506107525,22069075,3023.52,0.03035204,0
1506107522,22069072,3023.51,0.13023127,0
1506107502,22069067,3009.62,0.20000000,0
1506107439,22069016,3025.88,0.14698283,1
1506107436,22069009,3025.88,0.04880878,0
1506107407,22068976,3025.94,0.06486273,0
1506107369,22068952,3027.96,0.08500000,0
1506107363,22068947,3027.97,0.46502960,0
1506107363,22068946,3027.97,0.03497040,0
1506107352,22068918,3027.99,0.06498479,0
1506107347,22068897,3028.00,0.15812748,0
1506107337,22068885,3012.91,0.00330307,1
1506107335,22068884,3012.91,0.00660613,1
1506107330,22068883,3012.91,0.01321227,1
1506107329,22068882,3012.58,0.02642453,1
1506107320,22068869,3028.40,0.00152427,1
1506107319,22068867,3028.40,0.06994081,0
1506107279,22068856,3028.47,0.06266460,1
1506107279,22068855,3028.47,0.13988161,0
1506107241,22068814,3028.56,0.10605370,0
1506107236,22068813,3028.58,0.10000000,0
1506107206,22068802,3009.72,0.00284907,1
1506107201,22068801,3012.81,0.00569814,1
1506107197,22068800,3013.05,0.01139629,1
1506107194,22068798,3012.81,0.02279257,1
1506107191,22068797,3012.81,0.04558515,1
1506107187,22068794,3012.54,0.09117029,1
1506107184,22068793,3012.54,0.18234058,1
1506107181,22068792,3012.62,0.33368115,1
1506107181,22068791,3015.06,0.01000000,1
1506107181,22068790,3017.00,0.02100000,1
1506107172,22068783,3017.00,0.00400000,0
1506107166,22068782,3017.00,0.06600000,1
1506107146,22068761,3028.87,0.09219437,0
1506107107,22068749,3028.93,0.64481332,0
1506107086,22068728,3015.12,0.01319300,0
1506107029,22068660,3028.96,1.00000000,0
1506106986,22068589,3023.08,0.03035645,0
1506106964,22068558,3019.12,0.15886881,0
1506106950,22068532,3019.15,0.11351692,0
1506106946,22068522,3024.80,0.56573738,0
1506106946,22068521,3024.69,0.09000000,0
1506106941,22068514,3019.16,0.05000000,0
1506106927,22068482,3023.08,0.00959759,0
1506106892,22068459,3009.00,0.01000000,1
1506106849,22068411,3014.13,0.00827104,1
1506106824,22068397,3014.18,0.01868437,0
1506106804,22068394,3014.02,0.12860846,0
1506106766,22068371,3014.08,0.10000000,0
1506106763,22068370,3018.09,0.08346855,0
1506106763,22068369,3017.05,0.07000000,0
1506106763,22068368,3015.00,0.00751016,0
1506106753,22068367,3014.11,0.10000000,0
1506106704,22068348,3014.16,0.03658375,0
1506106702,22068347,3005.00,0.01000000,1
1506106692,22068341,3014.18,0.33060401,0
1506106687,22068340,3014.18,0.16548448,0
1506106678,22068337,3014.13,0.00330775,0
1506106664,22068333,3014.16,0.01555341,0
1506106641,22068329,3014.02,0.31950173,0
1506106618,22068322,3014.04,0.00827129,0
1506106605,22068319,3014.05,0.10144158,0
1506106605,22068318,3014.05,0.01272833,0
1506106593,22068317,3014.18,0.05025000,0
1506106582,22068310,3014.13,0.06531894,0
1506106574,22068299,3014.13,0.07831525,0
1506106561,22068281,3014.13,0.09393759,0
1506106561,22068280,3006.78,0.00000073,0
1506106558,22068277,3006.78,0.01000000,1
1506106392,22068205,3014.13,0.33151855,0
1506106364,22068195,3014.17,0.31993778,0
1506106358,22068193,3014.18,0.26675428,0
1506106358,22068192,3014.17,0.07000000,0
1506106347,22068189,3005.00,0.00500000,0
1506106344,22068188,3004.97,0.03945979,1
1506106342,22068185,3005.00,0.32500000,0
1506106341,22068184,3004.97,0.00750000,1
1506106339,22068181,3004.97,0.00999949,1
1506106336,22068180,3004.97,0.00750000,1
1506106330,22068179,3003.00,0.01100000,0
1506106241,22068133,3009.79,0.02090290,0
1506106154,22068068,3011.73,0.29046760,0
1506106124,22068053,3011.48,0.09401037,0
1506106104,22068014,3015.00,0.00928984,0
1506106101,22068010,3011.53,0.02817894,0
1506106101,22068009,3011.52,0.01248153,0
1506106086,22067995,3011.57,0.05121648,1
1506106086,22067994,3011.57,0.02496305,0
1506105965,22067961,3011.80,0.07617371,0
1506105957,22067958,3011.82,0.01656969,0
1506105938,22067952,3011.83,0.11893679,0
1506105938,22067951,3011.38,0.06649580,0
1506105912,22067948,3011.44,0.06025000,0
1506105905,22067947,3011.45,0.03047369,0
1506105895,22067943,3011.46,0.16300084,0
1506105890,22067942,3011.47,0.03288698,0
1506105875,22067930,3011.50,0.54225232,0
1506105865,22067926,3011.52,0.06377194,0
1506105825,22067895,3011.80,0.03020025,0
1506105803,22067873,3008.31,0.15932908,0
1506105803,22067872,3008.30,0.16587857,0
1506105796,22067864,3008.28,0.03315848,0
1506105784,22067847,3008.37,0.02085360,0
1506105781,22067844,3003.71,0.01859700,0
1506105728,22067786,3003.84,0.00996058,0
1506105709,22067774,3004.00,0.00500000,1
1506105709,22067773,3004.07,0.25798334,1
1506105705,22067771,3005.00,0.14589480,1
1506105681,22067748,3012.37,0.00926796,0
1506105664,22067725,3012.43,0.10927547,0
1506105661,22067720,3012.44,0.01453877,0
1506105649,22067711,3012.52,1.59453884,1
1506105649,22067709,3012.52,1.01302559,0
1506105643,22067701,3012.54,0.03113832,0
1506105638,22067690,3005.00,0.02010520,1
1506105637,22067684,3012.50,0.16555687,0
1506105604,22067640,3018.72,0.03111157,0
1506105587,22067627,3018.80,0.50255603,0
1506105586,22067625,3018.83,0.06202051,0
1506105523,22067529,3009.11,0.89270257,0
1506105522,22067527,3009.11,1.10729743,1
1506105505,22067511,3022.96,0.00263980,0
1506105493,22067496,3022.94,0.45465222,0
1506105431,22067473,3023.50,0.00675941,0
1506105420,22067471,3023.52,0.08113969,0
1506105385,22067466,3028.99,0.20354973,0
1506105384,22067465,3023.13,0.05000000,0
1506105384,22067464,3023.10,0.69135027,0
1506105384,22067463,3015.00,0.05510000,0
1506105368,22067454,3016.66,0.01000000,1
1506105357,22067420,3023.14,0.05757193,0
1506105345,22067418,3023.21,0.03551760,0
1506105344,22067417,3023.20,0.06000000,0
1506105333,22067412,3023.22,0.01206826,0
1506105313,22067400,3015.06,0.06510000,1
1506105302,22067399,3023.40,0.16178220,0
1506105267,22067379,3023.52,0.32571140,0
1506105261,22067377,3028.97,0.06188247,0
1506105257,22067375,3015.03,0.06510000,0
1506105241,22067365,3023.53,0.09656734,0
1506105236,22067364,3015.03,0.95424000,1
1506105186,22067328,3028.74,0.26074473,0
1506105186,22067327,3024.01,0.01500000,0
1506105186,22067326,3017.83,0.05000000,0
1506105131,22067249,3017.81,0.64509128,1
1506105128,22067236,3017.80,2.01172973,0
1506105125,22067224,3017.80,0.03040927,0
1506105104,22067184,3017.67,0.06256841,0
1506105070,22067170,3017.73,0.60184906,0
1506105064,22067167,3017.74,0.01023203,0
1506105057,22067161,3017.77,0.07968176,0
1506105057,22067160,3017.76,0.02834409,0
1506105029,22067153,3014.97,0.10243251,0
1506104992,22067137,3014.99,0.04890974,0
1506104984,22067135,3014.99,0.12526398,0
1506104936,22067091,3014.98,0.02029999,0
1506104925,22067087,3014.50,0.02518680,0
1506104923,22067085,3014.99,0.03247347,0
1506104886,22067077,3014.52,0.03044265,0
1506104883,22067070,3014.99,0.09654099,0
1506104864,22067062,3014.55,0.00928537,0
1506104849,22067053,3014.57,0.03108593,0
1506104843,22067052,3014.62,0.10479356,0
1506104843,22067051,3014.59,0.38149895,0
1506104832,22067046,3014.70,0.32530014,0
1506104784,22067039,3014.77,0.03122084,0
1506104744,22067029,3014.42,0.01555521,0
1506104735,22067028,3012.40,0.02453360,0
1506104664,22067013,3015.00,0.01187002,0
1506104664,22067012,3014.96,0.00999949,0
1506104584,22066971,3013.53,0.23170501,0
1506104571,22066965,3014.92,0.04898614,0
1506104564,22066963,3013.60,0.02288905,0
1506104548,22066960,3013.60,0.32772630,0
1506104463,22066944,3007.86,0.01652093,0
1506104463,22066943,3007.85,0.12372907,0
1506104443,22066940,3008.02,0.01253895,0
1506104422,22066934,3008.18,0.03315958,0
1506104403,22066926,3008.19,0.08316095,0
1506104361,22066910,2995.14,0.08697295,1
1506104346,22066906,3008.66,0.05266796,1
1506104345,22066905,3004.00,0.09999668,0
1506104324,22066902,2995.10,0.03683511,1
1506104324,22066901,3000.00,0.01460000,1
1506104264,22066879,3008.63,0.02275000,0
1506104247,22066871,3012.35,0.00000174,1
1506104247,22066870,3012.35,0.01499826,1
1506104237,22066862,3014.03,0.01198792,0
1506104237,22066861,3014.03,0.16971496,0
1506104236,22066860,3014.02,0.05000000,0
1506104224,22066853,3013.98,0.01611082,0
1506104224,22066852,3004.95,0.01659595,0
1506104215,22066832,3014.05,0.01654584,1
1506104206,22066829,3015.00,0.01698163,0
1506104205,22066828,3014.99,0.01000000,0
1506104205,22066827,3014.33,0.20518988,0
1506104205,22066826,3014.15,0.01999949,0
1506104205,22066825,3014.15,0.05000000,0
1506104205,22066824,3014.13,0.00999949,0
1506104205,22066823,3005.00,1.31607905,0
1506104205,22066822,3004.71,2.33150100,0
1506104205,22066821,3004.70,0.06061217,0
1506104154,22066809,3004.94,0.16599333,0
1506104147,22066806,2995.61,0.03000000,1
1506104144,22066805,3005.00,0.03526123,0
1506104141,22066804,2995.52,0.03056843,1
1506104139,22066803,2999.00,0.03254742,1
1506104126,22066802,3004.81,0.00000051,0
1506104126,22066801,3004.79,0.00999949,0
1506104124,22066800,3004.74,0.02489733,0
1506104123,22066798,3005.00,0.19575407,0
1506104123,22066797,3004.99,0.01717578,0
1506104085,22066789,3004.88,0.07246795,0
1506104083,22066788,3004.88,0.01025000,0
1506104081,22066787,3004.88,0.03266562,0
1506104080,22066786,3004.89,0.00778388,0
1506104060,22066781,3004.99,0.07422127,0
1506104053,22066779,2999.00,0.02745258,1
1506104053,22066778,2999.49,0.09791665,1
1506104053,22066776,3001.00,0.00500000,1
1506104052,22066775,3001.03,0.20583211,1
1506103996,22066764,3005.00,0.04030000,0
1506103891,22066727,3005.00,0.02377015,0
1506103874,22066720,3005.00,0.28883550,0
1506103872,22066718,3004.99,0.03638483,0
1506103764,22066645,3008.95,0.03849869,0
1506103750,22066643,3008.98,0.03292103,0
1506103736,22066631,3009.00,0.00000332,1
1506103727,22066618,3013.89,0.03309676,0
1506103701,22066599,3009.00,0.28999668,1
1506103686,22066584,3014.11,0.07611533,0
1506103684,22066581,3014.08,0.17273535,0
1506103684,22066579,3004.00,0.14065465,0
1506103664,22066555,3004.00,0.07025000,0
1506103663,22066554,3004.00,0.03525000,0
1506103659,22066551,3005.00,0.75384535,1
1506103659,22066550,3005.03,1.00000000,1
1506103605,22066520,3007.43,0.00928195,0
1506103597,22066518,3010.14,0.17353378,1
1506103595,22066517,3010.14,0.15163803,0
1506103569,22066484,3001.06,0.05731083,1
1506103565,22066481,3010.25,0.07621293,0
1506103521,22066465,3010.28,1.21668262,0
1506103521,22066464,3010.27,0.06000000,0
1506103512,22066461,3010.28,0.03313645,0
1506103510,22066460,3001.03,0.09432720,1
1506103505,22066454,3010.30,0.00953357,0
1506103498,22066435,3015.00,0.03725704,0
1506103498,22066434,3014.38,0.09792524,0
1506103496,22066432,3014.33,0.07000000,0
1506103463,22066419,3014.38,0.02275469,0
1506103463,22066418,3014.14,0.00600196,0
1506103463,22066417,3014.08,0.01000000,0
1506103463,22066416,3013.90,0.01165678,0
1506103463,22066415,3013.89,0.09556743,0
1506103404,22066378,3000.78,0.03227964,0
1506103403,22066377,3014.10,0.02903245,0
1506103402,22066376,3014.05,0.01000000,0
1506103402,22066375,3001.00,1.54504399,0
1506103385,22066372,3000.80,0.78116836,0
1506103363,22066367,3000.80,0.32240026,0
1506103342,22066349,3000.99,0.32526186,0
1506103221,22066235,3000.86,0.06267880,0
1506103201,22066215,3000.78,0.00333243,0
1506103189,22066210,3000.82,0.26328119,0
1506103189,22066209,3000.81,0.00999915,0
1506103189,22066208,3000.81,0.05610042,0
1506103156,22066190,3000.91,0.00997008,0
1506103147,22066185,3000.92,0.00238593,0
1506103145,22066183,3000.91,0.02819050,0
1506103131,22066177,3000.98,0.34867610,0
1506103112,22066159,3000.98,0.16619571,0
1506103104,22066151,3000.98,0.05631552,0
1506103093,22066097,3000.99,0.06253248,0
1506103086,22066096,3000.99,0.00923356,0
1506103085,22066095,3000.99,0.03057981,0
1506103082,22066091,3001.00,1.66195601,0
1506103062,22066071,3001.00,0.01000000,0
1506103046,22066058,3008.88,0.00500000,0
1506103023,22066033,3008.93,0.00994373,1
1506103021,22066029,3008.94,0.01710577,0
1506103021,22066028,3008.93,0.02190049,0
1506102973,22065992,3010.00,0.00583860,1
1506102970,22065989,3010.00,7.80000000,1
1506102954,22065980,3013.97,0.01423040,0
1506102945,22065978,3010.00,2.76172731,1
1506102936,22065972,3010.00,0.00703657,1
1506102932,22065968,3010.00,0.06332911,1
1506102924,22065964,3010.00,0.10837476,1
1506102917,22065957,3010.00,0.05955629,1
1506102884,22065946,3010.00,0.26114400,1
1506102880,22065942,3010.00,0.13299336,1
1506102874,22065933,3014.14,0.71701802,1
1506102873,22065932,3014.14,0.08000000,0
1506102865,22065930,3014.15,0.01591579,0
1506102864,22065929,3014.15,0.02592916,0
1506102845,22065925,3014.19,0.12716813,0
1506102811,22065920,3014.32,0.33814977,0
1506102811,22065919,3014.30,0.09000000,0
1506102811,22065918,3014.27,0.81372979,0
1506102811,22065917,3003.00,0.15812044,0
1506102763,22065904,3014.87,0.03131358,0
1506102724,22065890,3015.47,0.02285000,0
1506102664,22065853,3016.30,0.12928894,0
1506102646,22065841,3016.60,0.02525838,0
1506102635,22065838,3016.64,0.02299852,0
1506102635,22065837,3016.61,0.00352076,0
1506102618,22065824,2996.69,0.19784789,1
1506102618,22065823,2998.99,0.00365211,1
1506102617,22065822,3000.00,0.01850000,1
1506102617,22065821,3002.61,0.01000000,1
1506102615,22065819,3002.78,0.01000000,1
1506102526,22065783,3006.66,0.04810767,0
1506102486,22065778,3017.42,0.03195417,0
1506102451,22065771,3006.90,0.00165619,0
1506102443,22065769,3009.46,0.00535284,0
1506102443,22065768,3002.98,0.01020139,0
1506102434,22065763,3010.88,0.01819733,1
1506102432,22065762,3003.00,0.19766218,0
1506102420,22065754,3003.00,0.34545454,1
1506102416,22065753,3006.99,0.02866110,0
1506102408,22065750,3006.99,0.04903706,0
1506102383,22065731,3003.10,0.32111450,0
1506102373,22065729,3003.11,0.06479915,1
1506102373,22065728,3003.15,0.92343660,1
1506102364,22065717,3009.99,0.00970646,0
1506102274,22065623,3013.85,0.05011096,0
1506102248,22065608,3020.15,0.07637896,0
1506102248,22065606,3017.83,0.00334917,0
1506102247,22065604,3014.43,0.03261373,0
1506102247,22065603,3009.02,0.10172934,0
1506102247,22065602,3009.02,0.06490782,0
1506102245,22065601,3005.00,0.09400000,0
1506102186,22065576,3014.28,0.01431237,0
1506102175,22065558,3014.27,0.83071191,0
1506102161,22065538,3014.42,0.00277665,0
1506102149,22065523,3014.43,0.03261373,1
1506102123,22065498,3000.00,1.67177762,0
1506102106,22065489,3000.00,0.12439468,0
1506102106,22065487,2999.00,0.59108636,0
1506102086,22065483,2999.00,0.03282685,0
1506102053,22065474,2999.00,0.14030000,0
1506102046,22065471,2999.00,0.18033011,0
1506102036,22065470,2999.00,0.32734604,0
1506102023,22065468,2999.00,0.09446012,0
1506102006,22065464,2999.00,0.07649883,0
1506102001,22065457,2999.00,0.07280589,0
1506101993,22065454,2999.00,0.15869800,0
1506101983,22065450,2999.00,0.01613931,0
1506101973,22065445,2999.00,0.10044400,0
1506101943,22065441,2999.00,0.01563136,0
1506101938,22065432,2998.96,0.01000000,0
1506101937,22065431,2987.36,7.73093709,0
1506101935,22065430,2987.36,0.02393600,1
1506101935,22065429,2988.08,0.01000000,1
1506101893,22065418,2987.36,0.01235832,1
1506101893,22065417,2987.37,0.33385114,1
1506101888,22065414,2994.45,0.01000000,1
1506101887,22065413,2994.48,1.00000000,1
1506101866,22065408,2997.45,0.03239851,0
1506101849,22065399,2997.45,0.02451368,0
1506101833,22065394,2997.45,0.41598025,0
1506101810,22065389,2993.35,0.02063595,0
1506101808,22065388,2996.22,0.01000000,1
1506101781,22065384,2997.45,2.16310197,0
1506101775,22065382,2997.45,0.00937100,0
1506101775,22065381,2997.44,0.05000000,0
1506101762,22065379,2997.45,0.05369231,0
1506101760,22065376,2997.44,0.04693569,0
1506101759,22065375,2997.44,0.03306431,0
1506101741,22065374,2997.45,0.04111828,0
1506101736,22065372,2997.45,1.00000000,0
1506101736,22065371,2997.42,1.00000000,0
1506101729,22065367,2997.45,1.00000000,0
1506101729,22065366,2997.45,0.01000000,1
1506101726,22065365,2999.00,0.14583248,0
1506101709,22065357,2999.00,0.33536059,0
1506101696,22065343,2999.00,0.01000000,0
1506101564,22065197,2998.99,1.63757535,0
1506101547,22065194,2998.92,0.35318008,0
1506101532,22065187,2998.94,0.06578424,0
1506101496,22065155,2998.98,0.05174233,0
1506101486,22065150,2998.99,0.10000000,0
1506101486,22065149,2992.00,0.04911655,0
1506101483,22065148,2992.00,0.13114465,0
1506101481,22065144,2992.00,0.02580784,0
1506101436,22065126,2998.95,0.09904135,0
1506101427,22065124,2998.97,0.00991091,0
1506101426,22065123,2998.99,0.01000000,0
1506101389,22065115,2992.00,0.01000000,0
1506101385,22065112,2992.00,0.02393096,0
1506101383,22065111,2992.67,0.01000000,1
1506101364,22065106,2999.00,0.00932955,0
1506101358,22065102,2998.82,0.04501865,0
1506101356,22065101,2998.81,0.12000000,0
1506101353,22065099,2998.82,0.02642706,0
1506101345,22065093,2998.83,0.03152594,0
1506101303,22065088,2998.89,0.06000000,0
1506101303,22065087,2998.87,0.14000000,0
1506101244,22065075,2998.98,0.01023149,0
1506101198,22065062,2998.99,0.13158184,0
1506101193,22065057,2998.99,0.16000000,0
1506101193,22065056,2998.98,0.02232093,0
1506101193,22065055,2998.98,0.00999915,0
1506101193,22065054,2998.17,0.02232696,0
1506101184,22065053,2998.20,0.02152679,0
1506101184,22065052,2998.18,0.00999915,0
1506101182,22065051,2998.17,0.57378692,0
1506101182,22065050,2993.70,0.02000000,0
1506101171,22065047,2989.01,0.11974658,0
1506101163,22065044,2987.00,1.84541492,0
1506101162,22065043,2986.00,0.00705205,0
1506101144,22065037,2986.00,0.03152259,0
1506101125,22065033,2986.00,0.01525000,0
1506101123,22065029,2986.00,0.02000000,0
1506101123,22065028,2982.07,0.08774707,1
1506101105,22065027,2986.00,0.03073342,0
1506101101,22065024,2986.00,0.83515740,0
1506101101,22065023,2986.00,0.02422988,0
1506101081,22065022,2982.42,0.46685365,1
1506101072,22065021,2986.00,0.04847670,0
1506101065,22065020,2986.00,0.00969749,0
1506100991,22064976,2986.00,0.82367658,0
1506100986,22064971,2986.00,0.07683188,0
1506100981,22064968,2986.00,0.01764528,0
1506100977,22064966,2986.00,0.03307530,0
1506100969,22064955,2986.00,0.23780000,0
1506100961,22064952,2982.00,0.89502906,1
1506100961,22064951,2982.01,0.02817991,1
1506100961,22064950,2982.05,0.02817953,1
1506100961,22064949,2982.11,0.04839915,1
1506100957,22064933,2982.16,0.01918620,1
1506100945,22064915,2986.00,0.12062720,0
1506100924,22064887,2986.00,0.12642270,0
1506100923,22064882,2986.00,0.53552000,0
1506100918,22064868,2986.00,0.00628153,0
1506100884,22064827,2987.00,0.01111659,0
1506100845,22064790,2987.00,0.05095382,0
1506100834,22064782,2982.00,0.01000000,1
1506100821,22064779,2982.00,0.90000000,1
1506100800,22064736,2986.72,0.71963566,0
1506100800,22064735,2986.69,0.28036434,0
1506100760,22064719,2986.93,0.07380172,0
1506100759,22064718,2986.94,0.10025000,0
1506100746,22064714,2987.00,0.03271313,0
1506100744,22064709,2987.00,0.04832137,0
1506100742,22064706,2987.00,0.00998017,0
1506100716,22064701,2988.75,0.00297185,0
1506100686,22064678,2988.97,0.00978204,0
1506100681,22064671,2980.04,0.38358619,1
1506100664,22064666,2981.00,0.03138415,0
1506100664,22064665,2981.25,0.08502966,1
1506100634,22064640,2989.01,0.01000000,0
1506100615,22064613,2989.01,0.01000000,1
1506100611,22064611,2999.40,0.59862305,0
1506100609,22064610,2999.40,0.09708185,0
1506100609,22064608,2991.00,0.03386817,0
1506100607,22064607,2991.00,0.01540353,0
1506100599,22064606,2991.00,0.01000000,0
1506100599,22064605,2992.00,0.31338903,1
1506100596,22064604,2992.00,0.02000000,1
1506100582,22064597,2992.69,0.00334927,1
1506100581,22064596,2993.10,0.12399000,1
1506100579,22064594,2993.10,0.02000000,1
1506100573,22064586,2999.45,1.00000000,0
1506100564,22064573,2999.46,0.03242308,0
1506100563,22064572,2993.10,0.50000000,1
1506100548,22064547,2999.49,3.32116546,1
1506100548,22064546,2999.49,0.02999510,1
1506100547,22064544,2999.49,0.50000000,1
1506100544,22064543,2999.99,0.01088800,0
1506100544,22064541,2999.49,2.50533494,1
1506100541,22064533,2999.49,0.14495128,1
1506100531,22064527,3000.00,0.00382770,0
1506100531,22064526,3000.00,0.01279563,0
1506100517,22064497,3000.00,0.00640000,0
1506100517,22064496,2999.99,0.02352316,1
1506100515,22064488,2999.49,0.11968629,1
1506100509,22064467,2999.49,0.21000000,1
1506100487,22064429,2999.50,0.29000000,1
1506100484,22064426,3000.00,0.03242308,0
1506100471,22064419,2999.50,0.23222253,0
1506100467,22064418,2999.49,0.50000000,1
1506100466,22064416,2999.50,0.03200742,0
1506100449,22064414,2999.50,2.70000000,0
1506100445,22064413,2999.50,0.35000000,0
1506100418,22064396,2999.50,0.36000000,0
1506100412,22064395,2999.50,0.04946425,0
1506100407,22064394,2999.49,0.03000000,0
1506100407,22064393,2999.48,0.04704632,0
1506100371,22064385,2999.49,0.02103516,0
1506100370,22064384,2999.49,0.01200000,0
1506100355,22064383,2999.48,0.00665115,0
1506100337,22064380,2993.10,0.17800500,1
1506100336,22064377,2993.10,0.17800500,1
1506100326,22064373,2999.48,0.03824330,0
1506100303,22064366,2999.50,0.01689090,0
1506100284,22064352,2999.50,0.01614982,0
1506100267,22064346,2999.50,0.05585841,0
1506100267,22064345,2995.27,0.10420000,0
1506100266,22064344,2995.25,0.02774466,0
1506100254,22064335,2995.25,0.02805534,1
1506100242,22064321,2995.27,0.09000000,0
1506100231,22064320,2999.50,0.48211195,0
1506100231,22064319,2999.49,0.01788805,0
1506100228,22064317,2995.27,0.18812812,1
1506100228,22064316,2995.50,0.30531927,1
1506100222,22064312,2999.50,0.16627771,0
1506100211,22064298,2999.47,0.29800122,1
1506100204,22064294,2999.47,0.03719658,1
1506100197,22064291,2999.47,0.51727100,1
1506100156,22064265,2999.50,6.82442740,0
1506100155,22064264,2999.50,0.02025000,0
1506100154,22064263,2999.49,0.03000000,1
1506100095,22064248,2999.50,0.14210824,0
1506100093,22064246,2999.49,0.02156779,0
1506100093,22064245,2999.49,0.00843221,0
1506100092,22064244,2999.47,0.11193180,1
1506100084,22064242,2999.48,0.23932839,0
1506100084,22064241,2999.47,0.03577610,0
1506100021,22064177,2995.50,1.69768524,0
1506100016,22064176,2995.50,0.12926780,0
1506100000,22064170,2995.50,0.01662344,0
1506099965,22064163,2995.50,0.03063595,0
1506099962,22064161,2995.50,0.08215836,0
1506099958,22064160,2995.50,0.00600900,0
1506099946,22064159,2995.50,0.06365447,0
1506099941,22064157,2995.50,0.00299783,0
1506099937,22064156,2995.50,1.66281267,0
1506099923,22064142,2995.50,0.14513929,0
1506099922,22064137,2995.50,0.02401900,0
1506099918,22064136,2995.50,0.13899695,1
1506099887,22064122,2999.49,0.02105073,0
1506099852,22064105,2999.48,0.05420754,0
1506099845,22064093,2999.48,0.03059530,0
1506099803,22064061,2999.48,0.16025000,0
1506099782,22064048,2999.49,0.02914040,0
1506099782,22064046,2998.00,0.00289585,0
1506099755,22064024,2998.00,0.01666258,0
1506099754,22064023,2998.00,0.14920604,0
1506099754,22064022,2998.00,0.05104396,0
1506099753,22064021,2998.00,0.13096919,0
1506099749,22064020,2998.00,0.14200857,0
1506099747,22064019,2998.00,0.01000000,0
1506099741,22064016,2998.00,0.03283160,0
1506099734,22064011,2998.00,0.14809872,0
1506099731,22064007,2998.00,0.04930549,0
1506099713,22064000,2998.00,0.00704916,0
1506099701,22063990,2998.00,0.06292278,0
1506099694,22063988,2998.00,0.06654436,0
1506099693,22063987,2998.00,0.56568379,0
1506099677,22063983,2998.00,4.52789349,0
1506099676,22063981,2998.00,0.06598009,0
1506099641,22063974,2998.00,0.03139975,0
1506099625,22063970,2997.99,0.01000000,1
1506099625,22063969,2998.00,0.01000000,0
1506099618,22063967,2998.00,0.32226186,0
1506099617,22063966,2998.00,0.28678045,0
1506099616,22063964,2997.99,0.04000000,0
1506099604,22063954,2997.99,0.03138426,0
1506099584,22063953,2998.00,0.00933263,0
1506099581,22063952,2998.00,0.02000000,0
1506099564,22063948,2998.00,0.13088715,0
1506099550,22063943,2998.00,2.73526017,0
1506099527,22063928,2998.00,0.03239799,0
1506099514,22063918,2998.00,0.01606720,0
1506099490,22063899,2996.32,0.07641318,0
1506099484,22063897,2996.32,0.16300000,0
1506099484,22063896,2996.32,0.01000000,0
1506099483,22063895,2996.32,0.00451320,0
1506099482,22063894,2996.98,0.00803681,1
1506099482,22063893,2996.98,0.00803681,1
1506099481,22063892,2997.00,0.01000000,1
1506099481,22063891,2997.21,0.01000000,1
1506099481,22063890,2997.25,0.01000000,1
1506099464,22063883,2998.00,0.01291339,0
1506099462,22063882,2998.00,0.53236821,0
1506099445,22063878,2999.50,0.07855567,0
1506099445,22063877,2999.49,0.05000000,0
1506099435,22063875,2999.49,0.01986124,0
1506099423,22063872,2999.48,0.06500977,0
1506099422,22063871,2999.48,0.01000000,0
1506099405,22063858,2999.48,0.00571999,0
1506099323,22063835,2999.49,0.03280849,0
1506099284,22063810,2999.47,0.03107798,0
1506099244,22063799,2999.50,0.18086800,0
1506099243,22063798,2999.49,0.07000000,1
1506099242,22063797,2999.49,0.07000000,0
1506099206,22063788,2999.48,0.01554346,0
1506099199,22063787,2999.49,0.01000000,0
1506099165,22063778,2999.49,0.03186272,0
1506099163,22063777,2999.50,2.29280770,0
1506099163,22063776,2999.49,0.20744230,0
1506099104,22063744,2995.50,0.01744103,1
1506099086,22063740,3000.00,0.07748238,0
1506099086,22063739,2999.99,0.05000000,0
1506099084,22063737,3000.00,0.04978855,0
1506099074,22063731,3000.00,0.27250000,0
1506099072,22063730,2999.99,0.06000000,0
1506099026,22063722,2995.50,0.25356202,1
1506099025,22063721,3000.00,0.14516724,0
1506099025,22063720,2995.66,0.01813555,0
1506098997,22063714,2995.50,0.09000000,1
1506098997,22063713,2995.63,0.01000000,1
1506098961,22063695,3000.00,0.03137892,0
1506098953,22063690,3000.00,0.60500242,0
1506098944,22063688,3000.00,0.10698232,0
1506098938,22063687,3000.00,0.99750000,0
1506098935,22063686,3000.00,0.10000000,0
1506098931,22063685,3000.00,0.02493667,0
1506098906,22063682,3000.00,0.18622125,0
1506098906,22063681,2999.99,0.05046046,0
1506098901,22063676,2999.99,0.00953954,0
1506098892,22063670,3000.00,1.00000000,0
1506098889,22063669,3000.00,0.11158900,0
1506098835,22063645,3000.00,0.23421090,0
1506098834,22063644,2999.99,0.07550163,1
1506098834,22063643,2999.99,0.01449837,1
1506098833,22063642,2999.99,0.09000000,0
1506098807,22063628,2999.99,0.02000000,1
1506098794,22063623,2999.99,0.10000000,0
1506098792,22063620,2999.99,0.01483000,0
1506098764,22063583,2999.99,0.00925667,0
1506098741,22063567,3000.00,0.06650000,0
1506098740,22063564,3000.10,0.66498117,1
1506098740,22063563,3001.81,0.26074800,1
1506098740,22063562,3001.94,0.01339247,1
1506098729,22063551,3011.64,0.66243309,0
1506098693,22063502,3014.67,0.23741216,1
1506098693,22063500,3014.67,0.47449992,0
1506098618,22063404,3002.00,0.68469675,1
1506098618,22063403,3002.01,0.36000000,1
1506098617,22063402,3002.02,3.93331900,1
1506098617,22063400,3002.03,0.02198425,1
1506098617,22063399,3022.30,0.20617294,0
1506098614,22063388,3022.34,0.51000000,0
1506098603,22063367,3022.49,0.02049985,0
1506098584,22063353,3023.65,0.01550008,0
1506098581,22063351,3001.95,2.00000000,0
1506098572,22063347,3001.85,3.16632476,0
1506098571,22063346,3001.93,0.08000000,0
1506098571,22063345,3001.93,0.40000000,0
1506098571,22063343,3001.94,0.17036775,0
1506098571,22063342,3001.94,0.07762932,0
1506098570,22063339,3001.94,1.10567817,1
1506098559,22063336,3023.94,0.09033481,0
1506098559,22063335,3023.94,0.25559516,0
1506098559,22063334,3023.94,0.04000000,0
1506098559,22063333,3023.94,0.17036775,0
1506098557,22063331,3001.90,1.06995237,1
1506098557,22063330,3001.93,0.93004763,1
1506098551,22063326,3001.50,0.66073325,1
1506098551,22063325,3001.81,0.32926675,0
1506098549,22063324,3013.54,0.01000000,1
1506098539,22063303,3023.97,0.01581304,0
1506098482,22063233,3029.00,0.04824738,0
1506098466,22063229,3024.32,0.00039646,0
1506098466,22063228,3024.32,0.03087832,0
1506098464,22063226,3024.32,0.00912168,0
1506098459,22063224,3024.33,0.78632592,0
1506098413,22063199,3024.41,0.26437999,1
1506098413,22063198,3024.41,0.04000000,0
1506098361,22063153,3024.50,0.01704713,0
1506098361,22063152,3024.50,0.05000000,0
1506098357,22063151,3024.51,0.44583157,0
1506098347,22063141,3024.52,0.01602942,0
1506098345,22063138,3024.52,0.09969296,0
1506098326,22063132,3010.00,0.08359676,1
1506098326,22063131,3016.47,0.01000000,1
1506098326,22063130,3016.56,0.01000000,1
1506098326,22063129,3018.00,0.00000001,1
1506098324,22063126,3024.58,0.28017296,0
1506098324,22063125,3024.57,0.05000000,0
1506098289,22063115,3024.62,0.24946313,0
1506098281,22063104,3024.65,0.09606892,0
1506098281,22063103,3024.64,0.06000000,0
1506098244,22063095,3024.68,0.15025000,0
1506098244,22063094,3024.68,0.07000000,0
1506098228,22063090,3024.79,0.01000000,0
1506098220,22063081,3024.80,1.00000000,0
1506098206,22063072,3024.90,0.07765016,0
1506098185,22063060,3025.09,0.14506907,0
1506098164,22063046,3025.10,0.03231105,0
1506098154,22063030,3018.00,0.01300862,1
1506098124,22063009,3022.36,0.01000000,1
1506098116,22063004,3025.38,0.01000000,1
1506098095,22062983,3030.18,0.01000000,0
1506098089,22062978,3034.79,0.01321937,0
1506098089,22062977,3033.63,0.03000000,0
1506098089,22062976,3033.62,0.01000000,0
1506098089,22062974,3030.00,0.05000000,0
1506098088,22062972,3030.00,0.01000000,0
1506098088,22062971,3029.00,0.01000000,0
1506098088,22062970,3024.00,0.02046223,0
1506098088,22062969,3019.64,0.01000000,0
1506098088,22062968,3018.00,0.01030659,0
1506098054,22062953,3018.00,0.03481317,0
1506098045,22062944,3018.00,0.03495029,0
1506098043,22062937,3018.00,0.38399271,0
1506098040,22062930,3018.00,0.25992000,0
1506097999,22062887,3017.96,0.01000000,0
1506097996,22062882,3017.96,0.01961193,0
1506097996,22062880,3016.62,0.01000000,0
1506097996,22062879,3016.30,0.00334906,0
1506097996,22062875,3010.00,0.13432292,0
1506097993,22062866,3010.00,0.42511627,0
1506097987,22062855,3010.00,0.09055813,0
1506097975,22062834,3010.00,0.19652801,0
1506097964,22062814,3010.00,0.15347467,0
1506097964,22062813,3002.67,0.06155237,1
1506097924,22062781,3009.96,0.03131754,0
1506097919,22062779,2997.15,0.00840000,1
1506097883,22062770,3009.79,0.02124183,0
1506097880,22062769,3009.79,0.03314185,0
1506097876,22062767,3009.78,0.00662839,0
1506097875,22062764,3009.80,0.30214900,0
1506097873,22062761,3009.79,0.02392321,0
1506097824,22062748,3009.89,0.03136207,0
1506097766,22062643,3009.99,0.12453853,0
1506097766,22062641,3008.83,0.00276211,0
1506097766,22062639,3005.00,0.01187047,0
1506097761,22062629,3006.38,0.13940715,0
1506097755,22062604,3006.38,0.02853265,0
1506097732,22062601,3006.38,0.02622810,0
1506097732,22062600,3006.38,0.06600410,0
1506097732,22062599,3006.00,0.42123417,0
1506097730,22062598,3006.00,0.02099049,0
1506097730,22062597,3006.00,0.16230754,0
1506097728,22062596,3006.00,0.02564718,0
1506097726,22062595,3006.00,0.01176862,0
1506097720,22062592,3006.00,0.02505200,0
1506097690,22062574,3005.84,0.22695572,0
1506097655,22062565,3005.90,0.16592368,0
1506097639,22062560,3005.93,0.20000000,0
1506097632,22062555,3005.95,0.02503727,0
1506097584,22062535,2997.00,0.40000000,0
1506097552,22062526,3005.83,0.22840508,0
1506097537,22062521,3005.85,0.00753769,0
1506097537,22062520,3005.85,0.03024260,0
1506097438,22062477,3006.19,0.06525348,0
1506097407,22062465,3006.35,0.33938974,0
1506097385,22062448,3006.41,0.79184576,0
1506097385,22062447,3006.41,0.10000000,0
1506097384,22062446,3006.38,1.49320781,1
1506097384,22062443,3006.38,0.96606746,0
1506097354,22062432,3006.59,0.00676687,0
1506097293,22062391,3007.02,0.02716567,1
1506097281,22062382,2986.00,1.72565087,1
1506097281,22062381,2987.00,0.01000000,1
1506097280,22062380,2992.11,0.00334913,1
1506097280,22062379,2992.15,0.26000000,1
1506097279,22062376,2992.38,1.00000000,1
1506097244,22062366,3007.18,0.01175572,0
1506097223,22062361,3007.22,0.03775767,0
1506097201,22062354,3007.25,0.03129547,0
1506097198,22062353,3007.29,0.60012742,0
1506097198,22062352,3007.26,0.39987258,0
1506097186,22062348,3007.40,0.03113001,0
1506097184,22062347,3007.40,0.03192974,0
1506097167,22062343,3007.51,0.03264965,0
1506097164,22062340,3007.44,0.03128975,0
1506097097,22062322,3007.87,0.13125839,0
1506097091,22062321,2992.27,0.52000000,1
1506097053,22062313,3007.96,0.01660377,0
1506097043,22062292,3007.98,0.03125664,0
1506097040,22062267,2992.12,0.08863908,1
1506097040,22062266,2992.12,0.14530882,1
1506097035,22062261,2992.80,0.01448722,1
1506097027,22062228,3008.53,0.08251302,1
1506097027,22062226,3008.54,0.50636517,1
1506097027,22062225,3008.53,0.07000000,0
1506097026,22062224,3008.00,0.26291560,1
1506097025,22062220,3008.00,0.01000000,0
1506097023,22062218,3008.54,0.03239025,0
1506096996,22062200,3008.58,0.03315185,0
1506096963,22062187,3008.77,0.01249710,0
1506096930,22062172,3008.83,0.00276211,1
1506096930,22062171,3008.83,0.16300000,0
1506096912,22062165,3008.86,0.06571859,0
1506096904,22062160,3008.88,0.04652393,0
1506096901,22062157,3008.88,0.33151870,0
1506096877,22062145,3002.51,0.04975524,0
1506096866,22062135,3002.53,0.00165860,0
1506096849,22062083,3002.55,0.03789454,0
1506096783,22062073,3002.65,0.00934763,0
1506096767,22062069,3015.36,0.16509498,0
1506096767,22062068,3015.30,2.00000000,0
1506096767,22062067,3007.77,0.01000000,0
1506096767,22062066,3007.77,0.03567034,0
1506096767,22062065,3003.01,0.01000000,0
1506096766,22062064,3003.01,0.01000000,0
1506096766,22062063,3003.00,0.01000000,0
1506096766,22062062,3003.00,0.01000000,0
1506096766,22062061,3003.00,0.01000000,0
1506096766,22062060,3002.68,0.01000000,0
1506096759,22062051,3007.77,0.01000000,1
1506096756,22062049,3005.65,0.01000000,1
1506096745,22062047,3015.48,0.13116177,0
1506096734,22062033,3016.20,0.10066468,0
1506096725,22062030,3016.50,0.08007223,0
1506096725,22062029,3015.85,0.00334958,0
1506096725,22062026,3015.83,0.02000000,0
1506096725,22062024,3010.29,0.04090539,0
1506096725,22062022,3008.87,0.06332962,0
1506096725,22062021,3008.86,0.09000000,0
1506096725,22062020,2996.01,0.01000000,0
1506096725,22062019,2995.00,0.69234318,0
1506096707,22062011,2989.53,0.02793350,1
1506096693,22062004,2995.00,0.75000000,0
1506096685,22061990,2995.00,0.12948919,0
1506096684,22061981,2995.00,0.01438567,0
1506096660,22061958,2995.00,0.06860000,0
1506096634,22061942,2995.00,0.00518196,0
1506096632,22061936,2994.98,0.01146875,0
1506096593,22061908,2993.16,0.04259385,0
1506096583,22061905,2993.18,0.09325000,0
1506096546,22061891,2993.25,0.03065898,0
1506096545,22061888,2993.25,0.03117834,0
1506096523,22061885,2993.30,0.01284872,0
1506096523,22061884,2993.30,0.00166705,0
1506096515,22061875,2993.32,0.10046717,1
1506096515,22061874,2993.32,0.22664989,0
1506096477,22061847,2993.51,0.01593685,0
1506096447,22061788,2993.75,0.54893838,1
1506096447,22061787,2993.75,0.08000000,0
1506096446,22061786,2993.72,0.03745327,0
1506096405,22061717,2994.04,0.03119823,0
1506096388,22061704,3003.89,4.69788076,1
1506096388,22061703,3003.89,2.81310000,1
1506096387,22061702,3000.00,0.59384258,0
1506096387,22061701,2996.06,0.12540520,1
1506096387,22061700,2996.06,0.49852180,0
1506096386,22061698,2996.01,0.09000000,0
1506096386,22061697,2996.01,0.07490655,1
1506096386,22061696,2994.15,0.00850000,0
1506096386,22061695,2994.15,0.00850000,0
1506096386,22061694,2994.15,0.00850000,0
1506096385,22061693,2994.15,0.00850000,0
1506096385,22061692,2994.15,0.00850000,0
1506096385,22061691,2994.15,0.00850000,0
1506096385,22061689,2994.15,0.00850000,0
1506096385,22061688,2994.15,0.00850000,0
1506096385,22061687,2994.15,0.00850000,0
1506096385,22061686,2994.15,0.00850000,0
1506096384,22061685,2994.15,0.00850000,0
1506096384,22061684,2994.10,0.00850000,0
1506096384,22061682,2994.10,0.00850000,0
1506096383,22061675,2994.09,0.30729633,1
1506096382,22061667,2994.09,2.02191300,0
1506096373,22061653,2996.03,0.00847488,1
1506096364,22061649,2996.14,0.01256001,0
1506096355,22061644,2981.97,0.80000000,1
1506096323,22061619,2981.18,0.13756125,1
1506096307,22061599,2998.70,1.01641044,0
1506096306,22061598,2996.11,0.26063842,0
1506096306,22061596,2992.00,0.01000000,0
1506096305,22061594,2991.63,0.00337531,0
1506096305,22061592,2991.52,0.11000000,0
1506096305,22061590,2991.52,0.14981309,1
1506096303,22061581,2991.49,0.94775280,0
1506096285,22061540,2991.44,0.03285983,0
1506096276,22061524,2991.47,0.94032700,0
1506096268,22061509,2980.60,0.39293530,1
1506096267,22061505,2980.60,0.38523540,1
1506096266,22061497,2991.50,0.03138392,0
1506096263,22061490,2980.51,4.40547645,1
1506096263,22061489,2980.52,0.16000000,1
1506096263,22061488,2980.52,1.11034451,1
1506096263,22061487,2980.52,0.32417904,1
1506096247,22061474,2991.52,0.04017413,1
1506096247,22061473,2988.00,0.02000000,0
1506096245,22061471,2987.99,0.01655646,0
1506096239,22061462,2980.00,0.12245865,0
1506096239,22061461,2980.00,0.63091171,0
1506096154,22061413,2980.00,0.10025000,0
1506096125,22061407,2980.00,0.31130201,0
1506096107,22061401,2980.00,0.01000000,0
1506096098,22061395,2980.00,0.01675609,0
1506096095,22061391,2980.00,0.36113627,0
1506096088,22061390,2980.00,0.33620134,0
1506096074,22061385,2980.00,0.00685243,0
1506096074,22061384,2980.00,0.08278043,0
1506096026,22061362,2970.00,0.96830198,0
1506096025,22061361,2970.00,0.03169802,0
1506096021,22061359,2969.79,0.36129555,0
1506096021,22061358,2965.53,0.02404988,1
1506096005,22061346,2965.51,0.02627169,1
1506096004,22061345,2965.92,0.01000000,1
1506096002,22061342,2965.51,0.01476593,1
1506096002,22061341,2965.94,0.01000000,1
1506095995,22061337,2969.79,0.25356202,0
1506095994,22061336,2969.79,0.01262672,0
1506095989,22061332,2969.79,0.44032406,0
1506095989,22061331,2969.79,0.32410296,0
1506095988,22061327,2969.79,0.35773236,0
1506095979,22061321,2969.79,0.08349030,0
1506095978,22061320,2968.47,0.30944500,0
1506095976,22061318,2968.47,0.03391700,1
1506095971,22061314,2969.79,0.01000000,0
1506095960,22061305,2969.79,0.01262672,0
1506095952,22061298,2969.79,0.16794117,0
1506095944,22061292,2969.79,0.16439309,0
1506095938,22061287,2969.79,0.00436900,0
1506095938,22061286,2969.79,0.07038789,0
1506095935,22061282,2969.79,0.03026900,0
1506095927,22061273,2969.79,0.12659428,0
1506095926,22061272,2969.79,1.00000000,0
1506095919,22061247,2969.79,0.34361882,0
1506095914,22061203,2969.79,0.54381237,0
1506095904,22061133,2969.79,0.10967080,0
1506095903,22061114,2969.79,0.07717889,0
1506095899,22061099,2969.79,0.03825890,0
1506095897,22061096,2969.79,0.01285338,0
1506095891,22061083,2969.79,0.25080675,0
1506095891,22061082,2969.79,0.31696041,0
1506095886,22061079,2969.79,0.39765826,0
1506095884,22061078,2969.79,0.02405389,0
1506095880,22061067,2969.79,0.26290788,0
1506095868,22061048,2969.79,0.03326273,0
1506095865,22061041,2969.79,0.04919938,0
1506095857,22061038,2969.79,0.11557215,0
1506095852,22061035,2969.79,0.05697064,0
1506095847,22061034,2969.79,0.07581760,0
1506095841,22061030,2969.78,0.16000000,0
1506095834,22061022,2969.79,0.14839107,0
1506095834,22061021,2969.79,0.21705084,0
1506095834,22061020,2969.79,0.01453917,0
1506095833,22061019,2969.79,0.08352542,0
1506095833,22061018,2969.76,0.02500000,0
1506095831,22061013,2969.79,0.03305690,0
1506095828,22061008,2969.79,0.21705084,0
1506095826,22060997,2969.76,0.05000000,1
1506095822,22060991,2969.76,0.03619890,0
1506095803,22060978,2969.79,0.13785695,0
1506095803,22060977,2969.77,0.08163667,0
1506095790,22060973,2969.79,0.00637014,0
1506095769,22060958,2969.77,0.01460682,0
1506095769,22060956,2969.77,0.02410443,0
1506095758,22060946,2969.77,0.02410949,0
1506095743,22060933,2957.41,0.14431481,1
1506095742,22060931,2969.79,0.07295801,0
1506095732,22060912,2969.79,0.09058619,0
1506095732,22060911,2969.78,0.00058403,0
1506095732,22060910,2969.77,0.19557748,0
1506095724,22060906,2957.41,0.19480298,1
1506095722,22060905,2969.78,0.02441597,1
1506095716,22060900,2969.79,0.14028932,0
1506095716,22060898,2969.78,0.08471068,0
1506095713,22060897,2969.78,0.05438805,0
1506095712,22060896,2969.72,0.02200075,0
1506095710,22060890,2969.72,0.00299925,0
1506095708,22060887,2969.78,0.03090127,1
1506095706,22060886,2969.69,0.01604830,0
1506095706,22060885,2969.73,0.02676231,0
1506095705,22060884,2969.73,0.02996809,0
1506095705,22060882,2969.73,0.59546059,0
1506095704,22060881,2969.72,0.81439752,0
1506095699,22060874,2969.77,0.19901960,0
1506095696,22060871,2963.50,0.30000000,1
1506095696,22060869,2963.50,0.87892200,1
1506095696,22060868,2966.23,0.12107800,1
1506095695,22060867,2969.72,0.10000000,0
1506095694,22060862,2956.92,2.79078117,0
1506095693,22060860,2957.50,0.72398276,1
1506095693,22060858,2957.88,0.06744687,1
1506095693,22060856,2957.88,0.02838770,0
1506095692,22060853,2960.00,0.25000000,1
1506095692,22060851,2960.00,1.00000000,1
1506095692,22060849,2960.00,0.01693580,1
1506095692,22060847,2960.00,0.10000000,1
1506095692,22060846,2962.42,2.00000000,0
1506095691,22060843,2962.42,0.02246570,0
1506095688,22060839,2960.20,1.21697422,1
1506095688,22060836,2963.00,0.00802000,1
1506095687,22060835,2965.00,0.05604503,1
1506095687,22060833,2965.00,0.02571630,1
1506095687,22060832,2966.12,0.02000000,1
1506095687,22060828,2967.36,0.00337612,1
1506095687,22060827,2967.36,0.03744950,0
1506095686,22060826,2967.82,0.00274574,1
1506095686,22060825,2968.00,0.93201480,1
1506095685,22060824,2968.18,0.03142910,0
1506095684,22060821,2968.18,1.17622919,1
1506095676,22060814,2969.79,0.14806385,0
1506095676,22060812,2969.79,0.70316815,0
1506095676,22060811,2969.79,0.70320078,0
1506095675,22060810,2969.79,1.51747766,0
1506095673,22060806,2969.79,0.03614500,0
1506095673,22060804,2969.79,0.01656346,0
1506095670,22060800,2969.79,0.09669370,0
1506095670,22060796,2969.79,0.01707191,0
1506095669,22060794,2969.79,0.02004180,0
1506095669,22060793,2969.79,0.01954134,0
1506095669,22060792,2969.79,1.41445000,0
1506095667,22060788,2969.79,0.03253050,0
1506095666,22060787,2969.79,0.01676960,0
1506095666,22060781,2969.79,0.15000000,0
1506095665,22060779,2969.79,0.11068300,0
1506095663,22060773,2969.79,0.02829348,0
1506095662,22060772,2969.79,1.11415042,0
1506095662,22060771,2969.85,0.16000000,1
1506095662,22060770,2969.92,0.33825371,1
1506095662,22060769,2970.03,0.90000000,1
1506095661,22060768,2970.06,0.16690882,1
1506095635,22060751,2990.06,1.11563253,0
1506095635,22060750,2990.00,2.00000000,0
1506095635,22060749,2989.95,0.22849118,0
1506095619,22060738,2990.40,0.00173873,0
1506095602,22060723,2990.46,0.02868455,0
1506095585,22060702,2994.07,0.06663171,0
1506095581,22060692,2994.19,0.38045221,0
1506095552,22060670,2994.72,0.03327429,0
1506095543,22060598,2994.89,0.05928367,0
1506095532,22060590,2995.01,0.00680480,0
1506095523,22060558,2995.18,0.06232431,0
1506095521,22060554,2995.19,0.16651698,0
1506095521,22060551,2968.89,0.35020627,1
1506095519,22060544,2995.19,0.03330340,0
1506095505,22060523,2968.81,0.12989946,1
1506095504,22060522,2995.27,0.03151347,0
1506095500,22060511,2968.00,2.79321003,0
1506095500,22060510,2968.00,0.28700743,0
1506095499,22060509,2968.70,0.14369400,1
1506095499,22060508,2968.70,0.03142452,1
1506095499,22060507,2968.70,0.03142452,1
1506095498,22060506,2968.80,2.00000000,0
1506095498,22060505,2972.00,0.24340480,1
1506095498,22060504,2972.05,0.05000000,1
1506095498,22060502,2972.05,0.57407600,0
1506095497,22060501,2979.88,2.61797360,1
1506095497,22060500,2980.00,1.00000000,1
1506095497,22060499,2980.01,0.26000000,1
1506095497,22060498,2980.01,0.91773296,0
1506095496,22060497,2986.00,0.25850000,1
1506095496,22060496,2990.00,0.02500000,1
1506095495,22060491,2991.33,0.18655214,1
1506095467,22060445,2995.57,0.05606663,0
1506095467,22060444,2995.57,0.00805483,0
1506095465,22060442,2995.57,0.02695000,0
1506095464,22060440,2995.58,0.03252303,0
1506095450,22060410,2991.33,0.01700000,1
1506095440,22060391,2996.20,0.03296673,0
1506095435,22060386,2996.37,0.16555699,0
1506095435,22060384,2996.36,2.21828900,1
1506095434,22060383,2996.29,0.06090391,1
1506095433,22060377,2996.29,2.21831000,0
1506095409,22060339,2996.50,0.08112369,0
1506095403,22060333,2996.58,0.14291010,0
1506095397,22060319,2991.37,0.08336314,0
1506095386,22060273,2991.35,0.16673074,0
1506095375,22060248,2987.26,1.00000000,0
1506095371,22060243,2981.10,0.02936780,1
1506095356,22060215,2986.49,0.03618435,1
1506095355,22060214,2986.49,0.13081772,0
1506095306,22060156,2986.11,0.97735434,0
1506095283,22060133,2986.99,0.03134811,0
1506095245,22060098,2986.22,0.04111000,0
1506095233,22060087,2986.25,0.00200000,0
1506095216,22060065,2986.28,0.16701380,0
1506095203,22060048,2986.30,1.13569634,0
1506095203,22060047,2982.04,0.19800000,0
1506095202,22060046,2980.00,0.00270000,0
1506095194,22060041,2980.00,0.04730000,1
1506095189,22060035,2986.34,0.03599007,0
1506095178,22060017,2979.88,0.06000000,1
1506095166,22059985,2986.36,0.15364859,0
1506095160,22059977,2986.47,0.06326327,0
1506095156,22059975,2986.54,0.01000000,0
1506095147,22059967,2980.00,0.06672688,0
1506095145,22059963,2979.97,0.32187953,0
1506095136,22059941,2980.00,0.02520715,0
1506095127,22059931,2980.00,0.56015225,0
1506095116,22059916,2980.00,0.09197139,0
1506095116,22059914,2980.00,0.27506434,0
1506095108,22059892,2979.88,0.01338980,0
1506095107,22059888,2975.00,0.36629982,0
1506095104,22059884,2972.00,0.00659520,1
1506095104,22059883,2972.30,0.01000000,1
1506095103,22059881,2975.00,0.00940746,0
1506095095,22059879,2975.00,0.01027180,0
1506095091,22059877,2975.00,0.01659100,0
1506095087,22059872,2975.00,0.03170965,0
1506095085,22059870,2975.00,0.06542027,0
1506095081,22059864,2975.00,0.50030000,0
1506095063,22059854,2968.00,0.10000000,1
1506095061,22059853,2968.12,0.01776970,1
1506095053,22059850,2978.79,0.01682655,0
1506095051,22059847,2968.00,0.00260849,1
1506095051,22059846,2968.00,0.00265599,1
1506095051,22059845,2968.00,0.00132442,1
1506095051,22059844,2972.03,0.00133157,1
1506095050,22059843,2972.03,0.00357063,1
1506095047,22059826,2972.03,0.09509780,1
1506095032,22059816,2978.86,0.33147417,0
1506095026,22059813,2968.00,0.04412938,1
1506095026,22059811,2968.01,0.01187047,1
1506095025,22059810,2972.03,0.00000015,1
1506095012,22059795,2972.06,0.12356278,1
1506095008,22059788,2972.03,0.22729985,0
1506094997,22059772,2972.03,0.00578288,0
1506094996,22059770,2972.03,0.10068875,0
1506094994,22059766,2972.03,0.02823290,0
1506094992,22059764,2972.03,0.09504620,0
1506094992,22059763,2972.03,0.05780156,0
1506094983,22059752,2972.03,0.02192660,0
1506094981,22059751,2968.04,0.22603500,0
1506094979,22059748,2972.03,0.07012226,0
1506094977,22059747,2968.70,0.09488513,0
1506094974,22059745,2968.70,0.07201400,0
1506094964,22059715,2968.70,0.00940576,0
1506094952,22059700,2968.70,0.04025000,0
1506094935,22059680,2968.70,0.04700000,0
1506094931,22059677,2968.70,0.04356452,0
1506094928,22059670,2968.70,0.06243740,0
1506094925,22059658,2968.70,0.04795163,0
1506094920,22059650,2968.70,0.03141000,0
1506094919,22059647,2968.70,0.01413750,0
1506094916,22059638,2968.70,0.03358569,0
1506094915,22059635,2968.70,0.00335837,0
1506094897,22059605,2968.00,0.17596204,1
1506094897,22059604,2968.25,0.15000000,1
1506094897,22059603,2968.62,0.01000000,1
1506094897,22059602,2968.68,0.01988530,1
1506094897,22059601,2968.70,0.98773268,1
1506094891,22059595,2968.70,0.02800000,1
1506094890,22059593,2974.68,0.02947520,0
1506094888,22059581,2974.68,0.02041783,0
1506094887,22059580,2974.68,0.01246963,0
1506094886,22059577,2974.65,0.36342259,0
1506094871,22059546,2974.77,0.13065356,0
1506094859,22059501,2969.00,0.05982540,0
1506094858,22059499,2969.00,0.24891599,0
1506094858,22059496,2969.89,0.05000000,1
1506094858,22059495,2969.98,0.01329205,1
1506094858,22059493,2970.00,0.30540000,1
1506094858,22059492,2970.00,0.10000000,1
1506094857,22059491,2970.00,1.00000000,1
1506094857,22059490,2970.19,0.01500000,1
1506094857,22059488,2970.21,0.01500000,1
1506094850,22059454,2971.78,0.02827691,1
1506094850,22059453,2971.80,0.11000000,1
1506094850,22059452,2972.03,0.01000000,1
1506094848,22059448,2975.30,0.32145170,0
1506094842,22059430,2975.39,0.05910171,0
1506094842,22059420,2975.39,0.17743351,0
1506094839,22059409,2975.40,0.14950308,0
1506094838,22059407,2975.40,0.11166557,0
1506094834,22059392,2975.00,0.19448657,1
1506094834,22059391,2975.00,0.11599525,1
1506094834,22059390,2975.01,0.01000000,1
1506094830,22059382,2975.47,0.08169000,0
1506094829,22059369,2976.00,0.08379536,1
1506094824,22059347,2977.10,0.00309796,0
1506094823,22059341,2977.10,0.04922856,0
1506094818,22059320,2975.00,0.46148719,1
1506094813,22059299,2982.79,0.16722599,1
1506094811,22059289,2977.14,0.01722359,1
1506094810,22059282,2982.87,0.09422772,0
1506094809,22059269,2977.17,0.03352400,0
1506094809,22059268,2977.17,0.00972652,0
1506094808,22059266,2975.00,0.35748394,1
1506094807,22059262,2975.00,0.06503362,1
1506094807,22059260,2975.01,0.31251606,0
1506094807,22059259,2975.01,0.33000000,1
1506094805,22059250,2982.91,0.00972652,0
1506094803,22059229,2977.18,0.17223589,0
1506094801,22059219,2977.18,0.02303169,0
1506094800,22059209,2975.04,0.26313571,1
1506094799,22059205,2983.10,0.03186534,0
1506094798,22059202,2983.10,0.01284642,0
1506094797,22059189,2977.19,0.04796365,0
1506094797,22059184,2977.19,0.03210567,0
1506094796,22059154,2977.19,0.23922222,0
1506094795,22059146,2977.19,0.04096477,0
1506094793,22059130,2977.20,0.09465653,0
1506094791,22059125,2977.20,0.00980735,0
1506094790,22059123,2975.02,0.02463289,1
1506094789,22059115,2977.23,0.03987994,1
1506094789,22059114,2978.00,0.10000000,1
1506094789,22059113,2980.00,0.01700000,1
1506094789,22059112,2980.00,0.88549460,1
1506094788,22059111,2983.13,0.03148995,0
1506094786,22059105,2991.30,0.01585797,0
1506094785,22059098,2991.30,0.04886459,0
1506094785,22059096,2991.24,0.03000000,0
1506094783,22059086,2980.00,0.03171079,1
1506094780,22059075,2991.39,0.07221408,0
1506094779,22059071,2991.39,0.09283292,0
1506094777,22059067,2991.34,0.05182857,0
1506094775,22059065,2980.00,0.07107002,1
1506094774,22059063,2991.47,0.04679101,0
1506094773,22059060,2991.45,0.03631000,0
1506094772,22059057,2980.06,0.11789172,1
1506094770,22059051,2991.47,0.47765071,0
1506094769,22059049,2991.49,0.09542649,0
1506094767,22059044,2980.00,0.01071190,1
1506094766,22059041,2980.00,0.00101269,1
1506094766,22059040,2980.00,0.15798731,1
1506094765,22059039,2991.50,0.02222153,0
1506094763,22059033,2991.49,0.01572782,0
1506094760,22059022,2980.00,2.32903610,1
1506094760,22059021,2980.52,0.97055547,1
1506094759,22059020,2980.53,0.38000000,1
1506094759,22059019,2980.53,1.10467909,1
1506094759,22059018,2983.08,0.24133941,1
1506094757,22059015,2991.57,0.12381790,0
1506094756,22059014,2991.60,0.01684200,0
1506094754,22059011,2991.68,0.28828355,0
1506094753,22059008,2983.23,0.01351902,1
1506094751,22059006,2995.67,0.59936776,0
1506094749,22059000,2995.67,0.03231759,0
1506094747,22058995,2995.68,0.00933482,0
1506094746,22058991,2995.68,0.09688102,0
1506094744,22058984,2995.69,0.00920951,0
1506094741,22058978,2995.70,0.06457275,0
1506094739,22058973,2995.67,0.05777359,0
1506094737,22058966,2995.70,0.21687757,0
1506094736,22058963,2995.71,0.03087708,0
1506094734,22058962,3000.85,0.09099077,0
1506094734,22058961,3000.78,0.02000000,0
1506094734,22058960,2996.26,0.03000000,0
1506094734,22058959,2995.74,2.58610900,0
1506094732,22058954,2995.79,0.00946224,0
1506094730,22058952,2995.75,0.06294960,0
1506094729,22058949,2995.77,0.15296753,0
1506094729,22058947,2995.74,0.10000000,0
1506094727,22058939,2995.77,0.06197578,0
1506094726,22058934,2995.75,2.03113744,0
1506094725,22058932,2995.72,0.16112639,0
1506094724,22058930,2995.79,0.04827246,0
1506094724,22058929,2995.78,0.01370800,0
1506094721,22058925,2995.79,0.08348568,0
1506094721,22058924,2983.08,0.07166218,0
1506094720,22058923,2983.08,0.92833782,1
1506094719,22058918,2995.79,0.01582862,0
1506094717,22058911,2995.80,0.02523159,0
1506094715,22058910,2995.80,0.02773855,0
1506094714,22058905,2995.87,0.02455308,0
1506094712,22058903,2995.88,0.03190253,0
1506094710,22058899,2995.87,0.01508690,0
1506094708,22058896,2995.89,0.01589339,0
1506094707,22058895,2995.89,0.01516213,0
1506094705,22058893,2995.89,0.01819015,0
1506094704,22058888,2995.90,0.17794250,0
1506094701,22058884,2995.93,0.49967790,0
1506094700,22058882,2995.93,0.03093528,0
1506094698,22058880,2995.93,0.32206065,0
1506094697,22058875,3001.49,0.02178430,0
1506094697,22058874,3001.49,0.01660921,0
1506094695,22058872,2983.01,0.03437098,1
1506094694,22058870,3001.49,0.01593235,0
1506094693,22058866,3001.49,0.01661201,1
1506094691,22058864,3001.96,0.01245730,0
1506094690,22058863,3001.49,0.34550775,0
1506094690,22058862,3001.49,0.09000000,0
1506094688,22058859,3001.50,0.03153068,0
1506094687,22058858,3001.50,0.32252017,0
1506094685,22058853,2995.00,0.07000000,1
1506094685,22058852,3001.50,0.03152805,0
1506094681,22058847,3001.58,0.03152805,0
1506094648,22058823,3002.10,0.12525000,0
1506094647,22058822,3003.10,0.03327598,0
1506094647,22058821,3003.10,0.00395424,0
1506094646,22058820,3002.29,0.09027348,0
1506094645,22058819,3002.29,0.00972652,0
1506094641,22058817,3002.20,0.31251606,0
1506094640,22058815,3002.20,0.00972652,0
1506094639,22058814,3002.20,0.01000000,0
1506094639,22058813,3002.20,0.02303169,0
1506094636,22058812,3002.20,0.03186534,0
1506094635,22058810,3002.29,0.01284642,0
1506094633,22058808,3002.30,0.03210567,0
1506094631,22058807,3002.30,0.02542865,0
1506094631,22058806,2995.92,0.01553612,0
1506094629,22058805,2995.92,0.09465653,0
1506094628,22058804,2995.92,0.00980735,0
1506094626,22058799,2981.87,0.02463289,1
1506094624,22058794,2995.89,0.03148995,0
1506094621,22058784,2995.93,0.01585797,0
