date,tid,price,amount,type
1506124849,22081624,3602.89,2.12727200,1
1506124849,22081623,3602.91,0.00559200,1
1506124846,22081621,3602.90,0.00327745,1
1506124846,22081620,3602.90,0.00559300,1
1506124824,22081609,3611.92,0.00419072,0
1506124816,22081606,3608.70,0.35968831,0
1506124811,22081604,3608.70,0.01758683,0
1506124806,22081601,3608.71,0.00323775,0
1506124802,22081595,3611.91,0.02137710,0
1506124796,22081592,3612.18,0.22402482,0
1506124764,22081591,3604.00,0.17217213,1
1506124750,22081588,3607.24,0.17056834,0
1506124738,22081575,3598.82,0.03998114,1
1506124737,22081574,3598.82,0.00586800,1
1506124723,22081562,3607.24,0.09571120,0
1506124703,22081547,3597.57,0.00300000,1
1506124702,22081546,3597.56,0.08654900,1
1506124701,22081545,3597.56,0.00614100,1
1506124677,22081534,3597.47,0.02175783,1
1506124677,22081533,3597.47,0.00642800,1
1506124663,22081530,3599.80,0.08767749,0
1506124660,22081526,3599.07,0.11000000,0
1506124626,22081502,3599.00,0.00925800,0
1506124625,22081501,3599.00,0.01338133,0
1506124625,22081500,3599.00,0.01607800,1
1506124616,22081498,3599.04,0.00202451,0
1506124614,22081494,3599.05,0.00701050,0
1506124596,22081448,3600.82,0.00695227,0
1506124562,22081430,3603.12,0.09396873,0
1506124556,22081428,3602.35,0.01019500,0
1506124551,22081427,3602.36,0.01069300,1
1506124547,22081424,3602.37,0.11111111,0
1506124544,22081421,3602.37,0.03338900,1
1506124544,22081420,3602.38,0.01118900,1
1506124543,22081419,3603.10,0.13850000,0
1506124541,22081418,3602.36,0.08881100,0
1506124541,22081417,3602.36,0.01118900,0
1506124538,22081416,3602.37,0.68822028,1
1506124537,22081415,3602.37,0.10000000,1
1506124533,22081406,3603.12,0.10000000,0
1506124532,22081405,3603.26,0.01173700,0
1506124531,22081404,3603.26,0.10000000,1
1506124527,22081399,3605.21,0.12349127,0
1506124491,22081388,3613.34,0.03626008,1
1506124446,22081370,3613.55,0.01199546,0
1506124406,22081364,3616.34,0.32079532,0
1506124397,22081363,3616.43,0.02757398,0
1506124383,22081360,3613.59,0.02000000,0
1506124359,22081359,3613.62,0.42934432,0
1506124264,22081315,3607.68,1.31000000,1
1506124264,22081314,3607.68,0.00275679,1
1506124186,22081298,3616.57,0.27584737,0
1506124171,22081293,3609.26,0.00679415,1
1506124145,22081288,3616.76,1.17217991,1
1506124145,22081287,3616.76,0.13787384,0
1506124145,22081286,3616.76,0.02562616,0
1506124110,22081282,3616.66,0.10701791,0
1506124072,22081281,3615.26,0.00916496,0
1506124072,22081280,3614.35,0.00183504,0
1506124053,22081279,3614.35,0.01400000,0
1506124010,22081274,3614.33,0.07700000,0
1506123925,22081262,3608.40,0.20000000,0
1506123920,22081258,3608.41,0.01000000,0
1506123884,22081250,3608.39,1.13371496,0
1506123881,22081249,3609.50,0.07037113,0
1506123881,22081248,3608.36,0.61784915,0
1506123881,22081247,3608.37,2.63151138,0
1506123879,22081246,3608.41,0.01285400,0
1506123879,22081245,3608.41,4.00000000,1
1506123876,22081244,3609.50,0.00214121,0
1506123865,22081243,3608.36,0.08732172,1
1506123865,22081242,3608.37,0.01346700,1
1506123843,22081241,3609.50,0.01300000,0
1506123818,22081238,3609.50,0.19036969,1
1506123793,22081235,3607.04,0.07635448,1
1506123780,22081230,3613.99,0.02060860,0
1506123778,22081229,3613.99,0.07427190,0
1506123762,22081218,3613.39,0.80316153,1
1506123761,22081215,3613.40,0.86482933,0
1506123755,22081212,3613.42,0.15108395,0
1506123753,22081211,3607.18,0.07079552,1
1506123749,22081197,3610.50,1.10205553,0
1506123744,22081189,3604.72,0.43193978,1
1506123744,22081188,3605.07,0.09211970,0
1506123743,22081185,3605.07,2.00000000,1
1506123742,22081184,3605.10,0.37594052,1
1506123728,22081167,3611.46,0.14629816,1
1506123723,22081161,3611.50,0.32857000,1
1506123706,22081156,3618.07,0.18793344,0
1506123683,22081141,3612.12,0.29030000,0
1506123654,22081128,3618.08,0.04302625,0
1506123651,22081127,3612.01,0.93723900,0
1506123649,22081126,3615.62,0.53900000,1
1506123649,22081125,3615.63,0.00979600,1
1506123637,22081114,3615.00,0.20896469,1
1506123627,22081108,3618.06,0.28020651,0
1506123615,22081088,3618.07,0.21964799,0
1506123603,22081081,3618.08,0.19437419,0
1506123598,22081076,3618.08,1.41195534,0
1506123576,22081052,3615.61,1.43470969,1
1506123571,22081043,3617.19,0.01025300,1
1506123556,22081016,3616.84,2.67423631,1
1506123556,22081015,3617.34,0.00281399,1
1506123554,22081010,3617.34,0.02947281,0
1506123542,22081001,3617.34,0.00428487,0
1506123540,22081000,3617.34,0.01700000,0
1506123539,22080999,3616.75,1.37234199,1
1506123538,22080998,3616.63,0.26598296,0
1506123538,22080996,3616.63,0.32337196,0
1506123534,22080993,3616.63,0.00511700,0
1506123528,22080980,3616.83,0.00536100,1
1506123523,22080970,3617.34,0.00536100,0
1506123517,22080959,3617.34,0.89859793,0
1506123517,22080957,3617.34,0.04528339,0
1506123514,22080955,3619.02,0.00140916,1
1506123513,22080954,3622.58,0.89862769,1
1506123513,22080953,3622.61,0.67988747,1
1506123512,22080951,3622.61,1.00000000,1
1506123508,22080932,3617.34,1.00000000,1
1506123508,22080930,3617.34,0.05319149,1
1506123505,22080927,3615.01,1.00000000,1
1506123503,22080920,3615.19,0.72125485,1
1506123499,22080909,3617.00,1.00000000,0
1506123497,22080897,3616.53,0.24777100,1
1506123495,22080885,3615.00,0.24780700,1
1506123495,22080882,3619.16,0.06837600,0
1506123488,22080878,3619.17,0.03793506,1
1506123487,22080874,3622.70,0.01407224,0
1506123473,22080851,3619.17,0.03308494,1
1506123465,22080847,3619.82,0.29261788,0
1506123460,22080841,3620.00,3.77997529,1
1506123445,22080837,3620.00,5.06057423,1
1506123443,22080836,3623.97,2.74860000,1
1506123432,22080835,3625.49,2.74680000,1
1506123430,22080832,3626.00,0.00950000,1
1506123430,22080831,3626.00,0.82000000,1
1506123430,22080830,3626.10,12.35355036,1
1506123420,22080827,3626.10,0.06617617,1
1506123409,22080822,3631.45,0.02057916,0
1506123397,22080798,3626.10,0.01328821,1
1506123367,22080784,3633.28,0.24708527,1
1506123365,22080783,3629.99,0.00825001,0
1506123337,22080781,3633.62,0.01381268,1
1506123331,22080777,3626.10,0.19461088,1
1506123330,22080776,3626.11,0.13019500,1
1506123321,22080773,3633.06,0.02320736,0
1506123315,22080772,3634.37,0.00166261,0
1506123315,22080771,3634.15,0.00356800,0
1506123315,22080769,3630.00,0.01000000,0
1506123315,22080767,3630.00,0.00776939,0
1506123313,22080765,3629.99,0.13019500,0
1506123311,22080764,3630.00,0.04083165,0
1506123311,22080763,3630.00,0.00480030,0
1506123311,22080762,3629.99,0.05436805,0
1506123303,22080761,3629.99,0.05597400,0
1506123296,22080756,3626.11,0.09173649,1
1506123282,22080748,3626.11,0.01326442,1
1506123282,22080747,3626.11,0.02204297,1
1506123270,22080743,3626.11,0.38974621,1
1506123264,22080739,3626.11,1.54679593,1
1506123264,22080738,3626.11,0.98900000,1
1506123260,22080735,3626.11,0.07700000,1
1506123247,22080730,3630.00,0.04288508,0
1506123228,22080727,3630.00,0.12796393,0
1506123198,22080721,3623.55,0.07023214,1
1506123198,22080720,3623.55,1.39318417,1
1506123198,22080718,3623.55,0.10470622,1
1506123198,22080717,3629.54,0.00259185,1
1506123196,22080716,3629.54,0.00740815,1
1506123188,22080710,3629.55,0.00739165,1
1506123187,22080704,3629.55,2.75020000,1
1506123167,22080673,3629.50,0.13310374,0
1506123166,22080671,3629.50,0.00261784,0
1506123166,22080670,3629.28,0.00738216,0
1506123160,22080666,3625.29,0.00336000,1
1506123153,22080660,3629.83,0.00262888,0
1506123153,22080659,3629.28,0.00737112,0
1506123149,22080654,3629.28,0.00262888,1
1506123148,22080650,3629.28,0.00737112,1
1506123126,22080639,3629.38,0.01000000,0
1506123106,22080629,3622.00,0.27580097,1
1506123086,22080623,3627.79,0.03121058,0
1506123080,22080622,3627.91,0.04300000,0
1506123072,22080621,3627.94,0.00456473,0
1506123064,22080619,3630.00,2.17495115,0
1506123064,22080618,3628.00,0.40006557,0
1506123064,22080617,3627.87,7.38911000,0
1506123064,22080616,3626.36,0.01115978,0
1506123062,22080615,3626.33,0.00400000,0
1506123034,22080611,3625.01,0.10076821,1
1506123030,22080608,3625.01,0.00736627,0
1506123017,22080604,3621.18,0.01000000,0
1506123016,22080602,3619.02,0.27557851,1
1506122965,22080595,3615.41,0.12889588,1
1506122957,22080594,3620.78,0.01000000,0
1506122956,22080593,3620.78,0.41130417,0
1506122948,22080575,3624.48,4.12820321,1
1506122937,22080536,3620.78,0.00500000,0
1506122933,22080532,3620.79,0.06690020,0
1506122885,22080485,3621.22,0.02534110,0
1506122882,22080478,3621.35,0.02551047,0
1506122882,22080477,3619.69,0.02548953,0
1506122851,22080468,3619.69,0.94251047,0
1506122851,22080467,3617.58,0.07714720,0
1506122787,22080447,3619.69,0.03200000,0
1506122770,22080443,3618.20,1.00000000,0
1506122701,22080435,3612.47,0.02760000,1
1506122674,22080424,3616.49,0.00416684,0
1506122673,22080423,3619.67,0.00552254,0
1506122673,22080422,3617.00,0.06447746,0
1506122673,22080421,3616.50,0.01000000,0
1506122668,22080419,3611.64,0.89258419,1
1506122668,22080418,3612.20,0.87150000,1
1506122668,22080417,3612.37,0.87150000,1
1506122636,22080415,3616.50,0.00460696,0
1506122585,22080396,3616.50,0.25651320,0
1506122569,22080384,3611.81,0.07013238,1
1506122566,22080383,3611.79,0.01530930,1
1506122531,22080370,3617.03,0.07359003,0
1506122531,22080369,3614.53,0.00040997,0
1506122526,22080364,3614.53,0.00551939,0
1506122483,22080350,3611.30,0.00396953,1
1506122478,22080348,3611.28,0.00728210,1
1506122465,22080347,3611.23,0.00275539,1
1506122461,22080346,3614.53,0.00407064,0
1506122417,22080339,3611.10,0.01466199,1
1506122417,22080338,3611.10,0.09872500,1
1506122356,22080318,3606.80,0.01302000,1
1506122311,22080310,3614.81,0.04211465,0
1506122237,22080306,3606.14,0.02634527,1
1506122195,22080299,3614.60,1.69581077,0
1506122195,22080298,3614.58,0.87150000,0
1506122194,22080297,3614.01,0.12464000,0
1506122194,22080296,3610.32,4.00000000,0
1506122194,22080295,3610.00,0.64660000,0
1506122194,22080294,3610.00,0.01000000,0
1506122194,22080293,3610.00,1.44015980,0
1506122146,22080289,3609.95,0.26292677,0
1506122116,22080283,3610.00,0.10000000,0
1506122116,22080282,3604.02,0.06980248,1
1506122105,22080279,3610.00,0.02195529,0
1506122071,22080275,3604.24,0.16636800,1
1506122056,22080274,3604.13,0.10876403,1
1506122046,22080272,3609.99,0.10842072,0
1506122045,22080271,3606.35,0.01870099,0
1506121976,22080260,3609.99,0.23540000,0
1506121963,22080259,3610.00,0.16100715,0
1506121871,22080255,3609.97,0.10000000,0
1506121846,22080248,3609.96,0.45592749,0
1506121845,22080247,3609.96,0.00202526,0
1506121845,22080246,3609.96,0.18318468,0
1506121827,22080243,3609.96,0.71620000,0
1506121813,22080242,3609.96,0.02818583,0
1506121792,22080238,3604.00,0.27960000,1
1506121788,22080237,3608.48,0.38261265,0
1506121788,22080236,3604.12,0.03165700,0
1506121771,22080235,3604.14,0.02760000,1
1506121658,22080225,3610.00,0.02807666,0
1506121636,22080222,3603.89,0.01343525,1
1506121619,22080217,3609.99,0.04348129,0
1506121615,22080216,3610.00,0.02612985,0
1506121554,22080213,3609.87,0.01720000,0
1506121549,22080212,3609.51,2.00000000,1
1506121449,22080195,3609.48,0.09573401,0
1506121447,22080194,3606.37,0.01000000,0
1506121438,22080193,3606.36,0.05300000,0
1506121435,22080191,3601.50,0.34717479,1
1506121434,22080190,3600.00,0.06447746,1
1506121396,22080170,3604.02,0.01600000,1
1506121350,22080164,3609.98,0.05396547,1
1506121338,22080161,3610.00,0.18100000,0
1506121327,22080159,3609.99,0.04913739,0
1506121327,22080156,3609.99,0.08576464,0
1506121318,22080154,3610.00,0.01403690,0
1506121300,22080150,3609.96,0.01753453,0
1506121254,22080143,3607.03,0.00697000,1
1506121242,22080140,3610.00,0.02763435,0
1506121237,22080134,3607.32,2.63226232,0
1506121231,22080132,3604.57,0.01832960,1
1506121155,22080122,3601.62,0.13907385,1
1506121127,22080119,3607.32,0.17099936,0
1506121110,22080117,3604.10,2.76560000,0
1506121095,22080114,3601.47,0.28311072,1
1506121087,22080112,3602.03,0.27862337,1
1506121076,22080111,3602.30,0.02205300,1
1506121073,22080108,3602.33,0.10239403,1
1506121068,22080107,3602.03,0.13850000,1
1506121067,22080106,3602.03,0.01397400,1
1506121067,22080105,3602.05,0.04142600,1
1506121036,22080096,3602.05,0.01712165,1
1506121018,22080084,3601.93,0.01000000,0
1506121008,22080066,3601.94,0.01580100,0
1506121008,22080065,3601.93,0.03419900,0
1506120986,22080053,3604.79,0.01795029,0
1506120983,22080049,3601.93,0.16603877,1
1506120980,22080048,3604.80,0.10239403,1
1506120976,22080047,3600.05,0.03538958,1
1506120968,22080040,3604.80,0.02752670,0
1506120966,22080038,3599.91,0.01815324,1
1506120958,22080036,3601.93,0.01437998,0
1506120955,22080034,3601.93,0.04263548,1
1506120947,22080031,3601.92,0.04144503,1
1506120942,22080029,3601.92,1.95294777,1
1506120942,22080028,3601.95,0.18425223,1
1506120934,22080025,3605.45,2.76450000,1
1506120930,22080024,3602.75,2.77020000,0
1506120918,22080021,3605.09,0.06009000,0
1506120916,22080020,3605.09,0.36435691,0
1506120916,22080019,3602.03,0.32414107,1
1506120910,22080018,3605.06,0.09421538,1
1506120893,22080017,3597.77,0.48111870,1
1506120893,22080016,3599.78,0.04787700,1
1506120888,22080012,3601.35,0.00054430,0
1506120888,22080011,3600.49,0.01352100,0
1506120878,22080009,3602.76,0.01406510,0
1506120873,22080007,3599.88,0.00140000,1
1506120867,22079999,3602.76,0.21200000,0
1506120866,22079998,3602.76,0.06930926,0
1506120865,22079997,3602.76,0.10000000,0
1506120865,22079996,3602.76,0.05000000,0
1506120859,22079994,3599.88,1.72076150,0
1506120858,22079993,3600.00,4.00000000,1
1506120858,22079992,3600.00,1.27923850,1
1506120849,22079990,3601.33,0.32570000,1
1506120847,22079989,3601.35,0.66628900,1
1506120844,22079985,3602.76,0.34646900,0
1506120842,22079984,3601.35,0.95900000,0
1506120840,22079983,3601.35,2.40000000,1
1506120840,22079982,3601.36,1.64100000,1
1506120820,22079969,3601.35,0.00140000,1
1506120817,22079968,3602.36,0.60886600,0
1506120816,22079964,3602.36,1.38422000,0
1506120815,22079960,3600.00,0.00140000,1
1506120813,22079956,3600.18,0.11684620,1
1506120811,22079953,3602.57,2.51964501,1
1506120811,22079946,3602.57,0.24625499,1
1506120811,22079944,3602.76,0.05000000,1
1506120809,22079937,3607.38,0.05548923,0
1506120801,22079933,3600.00,6.72538649,1
1506120801,22079932,3600.00,1.08400000,1
1506120800,22079931,3600.00,0.53800000,1
1506120800,22079930,3600.00,0.37197501,1
1506120800,22079929,3600.00,2.20424041,1
1506120800,22079928,3600.00,0.17475959,1
1506120800,22079927,3600.00,1.61600000,1
1506120800,22079926,3600.00,0.00500000,1
1506120800,22079924,3600.00,0.07311713,1
1506120800,22079923,3600.00,0.42688287,1
1506120799,22079922,3600.00,2.50000000,1
1506120799,22079921,3600.00,1.49780747,1
1506120799,22079920,3600.00,0.05000000,1
1506120799,22079919,3600.00,0.72719253,1
1506120799,22079918,3600.00,4.72000000,1
1506120799,22079916,3600.00,0.00500000,1
1506120799,22079915,3600.12,0.87150000,1
1506120799,22079914,3602.11,4.00000000,1
1506120799,22079913,3602.74,1.69700000,1
1506120798,22079912,3603.32,4.00000000,1
1506120793,22079904,3606.09,0.05244400,0
1506120789,22079897,3606.10,0.05228700,0
1506120788,22079895,3606.10,0.02544855,1
1506120783,22079886,3606.10,0.06049400,0
1506120781,22079884,3606.11,0.06049500,1
1506120779,22079882,3605.63,0.06325500,0
1506120776,22079881,3606.09,0.06191200,1
1506120770,22079880,3606.09,0.00140000,1
1506120756,22079871,3610.03,0.02807627,0
1506120747,22079869,3606.08,0.35108372,1
1506120737,22079866,3610.00,0.30000000,1
1506120736,22079865,3610.00,5.17555177,1
1506120736,22079864,3610.00,0.04723118,1
1506120736,22079863,3610.00,0.01814265,1
1506120736,22079862,3610.00,0.01607440,1
1506120736,22079861,3610.00,10.53175000,1
1506120736,22079860,3610.01,0.04000000,1
1506120735,22079859,3610.58,0.03260000,1
1506120726,22079858,3610.58,0.00140000,1
1506120723,22079857,3612.07,0.05223333,0
1506120720,22079856,3612.07,0.04300000,1
1506120720,22079855,3613.35,0.03400000,1
1506120716,22079853,3614.94,0.05492611,0
1506120700,22079849,3614.94,0.00500000,0
1506120687,22079846,3615.00,0.01000000,1
1506120673,22079844,3615.62,1.42636467,1
1506120670,22079843,3619.64,0.14124240,0
1506120668,22079841,3615.62,0.00275194,1
1506120664,22079840,3619.67,0.30070000,0
1506120661,22079839,3615.62,0.08556000,1
1506120642,22079836,3615.62,0.00884371,0
1506120602,22079829,3623.99,0.32938219,0
1506120602,22079828,3623.93,0.87150000,0
1506120602,22079827,3620.00,0.17468206,0
1506120555,22079821,3621.23,0.01913834,0
1506120500,22079817,3616.05,0.00557956,1
1506120457,22079811,3615.92,0.66015567,1
1506120436,22079806,3615.80,0.45000000,1
1506120406,22079801,3616.16,0.03140000,1
1506120318,22079792,3616.13,0.70723989,1
1506120316,22079791,3616.13,0.08280000,1
1506120302,22079790,3615.38,0.01000000,1
1506120277,22079788,3615.31,0.01415100,1
1506120256,22079772,3623.95,0.01597476,0
1506120255,22079771,3621.52,0.02200000,0
1506120196,22079759,3615.12,0.05569593,1
1506120178,22079755,3615.00,0.02598039,1
1506120169,22079752,3621.39,0.00179094,0
1506120168,22079750,3621.39,1.00967860,0
1506120168,22079748,3621.39,1.00000000,1
1506120167,22079746,3620.00,3.83717846,0
1506120166,22079745,3620.00,0.16282154,0
1506120136,22079730,3615.01,0.02230000,1
1506120091,22079708,3622.86,0.04007409,1
1506120091,22079707,3622.81,0.00992591,0
1506120047,22079689,3615.12,0.09908908,1
1506120047,22079688,3615.15,0.40091092,1
1506120003,22079664,3624.13,0.04712700,0
1506119985,22079656,3624.14,0.00179027,1
1506119984,22079654,3624.14,0.16282087,1
1506119972,22079648,3614.50,0.13981680,1
1506119946,22079646,3622.19,0.64722447,0
1506119898,22079623,3623.77,0.01600000,0
1506119896,22079621,3623.77,0.01608585,0
1506119893,22079617,3624.61,0.00259569,1
1506119891,22079615,3623.78,0.23609005,0
1506119860,22079601,3624.19,0.00200000,0
1506119851,22079598,3616.05,0.10688157,1
1506119847,22079597,3619.35,0.17210548,0
1506119847,22079596,3617.79,0.04200000,0
1506119845,22079594,3617.55,0.03176525,0
1506119791,22079550,3611.66,0.00140000,1
1506119776,22079547,3611.63,0.04692012,1
1506119776,22079546,3613.43,0.00141134,1
1506119765,22079543,3615.34,0.64838438,0
1506119753,22079541,3617.54,0.00998728,1
1506119753,22079540,3617.54,0.01000000,0
1506119725,22079537,3613.58,0.06200794,1
1506119724,22079536,3613.70,0.05432937,1
1506119702,22079526,3613.71,0.26698495,0
1506119658,22079521,3614.96,0.41838734,0
1506119637,22079515,3614.98,0.00269032,0
1506119636,22079514,3614.98,0.24293056,0
1506119629,22079513,3615.00,1.19920609,1
1506119627,22079512,3615.00,0.75000000,0
1506119612,22079509,3613.71,0.00830068,1
1506119596,22079508,3613.71,0.01417996,1
1506119595,22079507,3617.53,0.02539422,0
1506119584,22079506,3617.52,0.01700000,0
1506119578,22079505,3613.70,0.02100000,1
1506119575,22079503,3617.52,0.00500000,0
1506119516,22079496,3613.71,0.00140000,1
1506119472,22079485,3613.69,0.08428109,1
1506119465,22079483,3617.54,0.00481600,0
1506119464,22079482,3617.55,0.00481100,0
1506119446,22079471,3613.58,0.01213183,1
1506119433,22079464,3614.16,0.01000000,1
1506119427,22079462,3613.57,1.75613553,0
1506119426,22079461,3613.58,1.24386447,1
1506119425,22079460,3613.85,1.00000000,1
1506119422,22079458,3613.58,2.76370000,0
1506119422,22079457,3613.58,3.91243553,0
1506119406,22079454,3613.58,0.04858390,0
1506119403,22079453,3613.58,0.00481600,0
1506119395,22079445,3613.58,0.00671644,0
1506119395,22079444,3613.58,0.40744813,0
1506119395,22079443,3613.58,0.20000000,0
1506119386,22079440,3610.00,0.20625000,1
1506119370,22079433,3610.00,0.00500000,1
1506119358,22079427,3613.50,0.04744547,1
1506119357,22079426,3616.25,0.04172650,0
1506119357,22079425,3616.25,0.02837100,0
1506119355,22079424,3610.04,0.00500000,1
1506119344,22079419,3619.20,0.12810200,1
1506119339,22079415,3619.24,0.04169790,0
1506119338,22079414,3617.55,3.90000000,1
1506119335,22079403,3621.37,0.02340000,0
1506119334,22079402,3617.55,8.27490000,1
1506119334,22079401,3617.55,1.08100000,1
1506119334,22079400,3617.55,2.74410000,1
1506119334,22079399,3617.56,3.90000000,1
1506119331,22079396,3617.56,0.10000000,1
1506119328,22079395,3622.63,0.04760196,0
1506119327,22079391,3622.63,0.50000000,0
1506119317,22079386,3622.63,0.02750227,0
1506119314,22079378,3622.63,0.14611177,0
1506119313,22079377,3622.64,0.50075000,0
1506119312,22079376,3622.64,0.50075000,0
1506119311,22079375,3621.47,0.50075000,0
1506119305,22079358,3621.48,0.17757130,0
1506119293,22079349,3622.63,0.00295921,0
1506119288,22079347,3622.65,0.06000000,1
1506119288,22079346,3622.75,0.00500000,1
1506119282,22079343,3623.75,0.02764520,0
1506119278,22079342,3620.05,1.34526222,1
1506119278,22079341,3622.65,0.04499590,0
1506119277,22079340,3620.05,7.00000000,1
1506119277,22079339,3622.65,0.50000000,0
1506119271,22079330,3623.65,0.05000000,0
1506119269,22079329,3617.73,1.25064960,1
1506119269,22079328,3617.75,0.87150000,1
1506119269,22079327,3618.48,1.08400000,1
1506119269,22079326,3619.48,4.00000000,1
1506119269,22079325,3620.00,0.00483000,1
1506119268,22079324,3620.04,1.07100000,1
1506119268,22079323,3620.48,1.75306732,1
1506119262,22079322,3624.83,0.05000000,1
1506119261,22079321,3626.32,0.17104868,0
1506119250,22079314,3624.82,0.00296732,0
1506119243,22079313,3622.00,1.00000000,1
1506119233,22079310,3623.91,1.75010000,1
1506119232,22079309,3623.91,1.00000000,1
1506119227,22079307,3623.25,0.05000000,0
1506119224,22079306,3623.25,1.00000000,1
1506119222,22079305,3623.25,1.00000000,1
1506119214,22079303,3627.81,0.32554506,0
1506119212,22079302,3627.81,0.05000000,1
1506119212,22079301,3627.89,3.68951878,1
1506119211,22079300,3628.00,1.00000000,1
1506119203,22079298,3628.13,0.00500000,1
1506119182,22079293,3630.00,0.01430050,0
1506119173,22079290,3628.01,0.49167917,1
1506119158,22079289,3630.00,0.00500000,0
1506119129,22079284,3630.00,0.35019046,0
1506119125,22079283,3630.00,0.06500000,1
1506119120,22079281,3630.00,0.02500000,1
1506119073,22079277,3627.90,0.57480535,1
1506119065,22079274,3638.36,0.00738179,1
1506119061,22079272,3638.41,0.57166781,0
1506119059,22079271,3638.38,0.89833219,0
1506119053,22079241,3638.42,0.04340555,1
1506119051,22079240,3636.00,0.01759802,0
1506119050,22079239,3636.00,0.14735538,1
1506119050,22079238,3636.00,0.01192917,1
1506119050,22079236,3636.00,0.01759802,1
1506119041,22079235,3638.11,0.02632366,0
1506119022,22079230,3639.37,0.21330339,0
1506119021,22079229,3627.89,0.50289258,0
1506119020,22079228,3628.00,1.09500000,0
1506119020,22079227,3628.00,1.09100000,0
1506119020,22079226,3629.02,0.53900000,0
1506119019,22079224,3631.22,2.74360000,1
1506119019,22079223,3635.30,4.00000000,0
1506119018,22079222,3636.00,0.02850742,1
1506118985,22079209,3639.74,0.03202000,0
1506118983,22079208,3639.71,0.03842400,0
1506118974,22079203,3638.33,0.14268238,0
1506118974,22079202,3637.00,0.05000000,0
1506118973,22079201,3636.00,0.00425523,0
1506118958,22079200,3632.89,0.00371696,1
1506118950,22079198,3636.00,0.02370139,0
1506118922,22079191,3632.90,0.03994300,1
1506118913,22079186,3632.00,0.00140000,0
1506118904,22079183,3635.43,1.00000000,0
1506118900,22079181,3635.43,1.00000000,0
1506118898,22079180,3635.43,1.00000000,0
1506118895,22079178,3635.41,1.00000000,0
1506118894,22079175,3635.42,0.29312901,1
1506118892,22079173,3635.39,0.70687099,0
1506118891,22079171,3635.42,0.01104000,1
1506118890,22079170,3635.42,0.28692780,0
1506118888,22079169,3635.42,0.16462901,0
1506118888,22079168,3635.40,0.23800000,0
1506118888,22079167,3635.40,0.59737099,0
1506118885,22079166,3635.42,0.12850000,0
1506118885,22079165,3635.41,0.87150000,0
1506118880,22079163,3632.00,0.06337993,0
1506118879,22079162,3630.12,0.55151253,1
1506118877,22079161,3630.12,0.01079179,1
1506118877,22079160,3632.00,0.00312142,0
1506118874,22079158,3632.00,0.03349865,0
1506118871,22079156,3631.00,0.30000000,0
1506118870,22079155,3629.99,0.24000000,0
1506118869,22079154,3629.99,4.00000000,0
1506118865,22079153,3630.05,0.00274387,1
1506118864,22079150,3630.00,5.17555177,0
1506118860,22079149,3630.00,0.04723118,0
1506118860,22079148,3630.00,1.99245577,1
1506118858,22079147,3626.52,0.11768106,0
1506118856,22079146,3627.40,0.01000000,1
1506118850,22079144,3627.88,2.75740000,1
1506118846,22079142,3628.40,0.54464481,0
1506118846,22079141,3627.40,0.00500000,0
1506118836,22079136,3626.26,0.05000000,0
1506118835,22079135,3626.26,0.00805897,0
1506118823,22079133,3627.55,0.05000000,0
1506118816,22079131,3620.01,0.00356200,1
1506118816,22079130,3620.11,0.00500000,1
1506118814,22079128,3629.43,0.00086572,0
1506118814,22079127,3627.82,0.01000000,0
1506118801,22079116,3625.49,0.09623333,0
1506118759,22079097,3627.85,0.03063656,0
1506118759,22079096,3625.00,0.00140000,0
1506118740,22079091,3627.88,0.00700000,0
1506118692,22079073,3621.25,0.04021000,1
1506118673,22079065,3627.09,1.09918815,0
1506118672,22079063,3630.00,0.01814265,0
1506118670,22079062,3627.13,0.50877000,0
1506118666,22079060,3621.13,0.00691227,1
1506118658,22079055,3627.09,0.10148924,0
1506118644,22079051,3628.74,0.02992015,0
1506118644,22079050,3627.18,0.01000000,0
1506118628,22079049,3626.50,1.49911031,1
1506118624,22079048,3626.00,0.00088969,0
1506118622,22079047,3624.55,0.13436500,0
1506118622,22079046,3625.40,0.10013900,1
1506118620,22079044,3626.00,0.12063400,0
1506118619,22079043,3621.09,0.21306107,0
1506118619,22079042,3621.09,0.02478600,0
1506118618,22079041,3621.09,0.45722432,0
1506118593,22079036,3625.95,0.00184289,0
1506118592,22079035,3625.95,0.03645711,0
1506118578,22079032,3626.00,0.13418400,0
1506118568,22079031,3626.00,0.09618892,0
1506118562,22079030,3626.00,0.10994896,0
1506118559,22079029,3626.00,0.03315960,0
1506118544,22079021,3624.00,0.97379750,1
1506118544,22079020,3624.00,7.00000000,1
1506118543,22079019,3624.00,5.00000000,1
1506118540,22079018,3624.00,20.22000000,1
1506118536,22079016,3626.31,0.00645454,0
1506118535,22079015,3626.31,0.50888504,0
1506118505,22079004,3627.17,0.25575862,0
1506118504,22079002,3627.17,0.14799538,1
1506118502,22079001,3624.01,0.02751032,1
1506118489,22078997,3627.17,1.95828970,0
1506118467,22078988,3629.94,0.01466679,0
1506118459,22078983,3629.95,0.03199025,0
1506118457,22078982,3629.95,0.01989886,0
1506118455,22078981,3629.94,0.00805509,0
1506118445,22078979,3627.14,0.02530072,0
1506118441,22078975,3627.17,0.01000000,1
1506118427,22078970,3627.18,1.34013084,0
1506118400,22078960,3629.08,0.05000000,0
1506118387,22078936,3629.87,0.03000000,0
1506118379,22078925,3629.97,0.00600000,0
1506118364,22078917,3624.00,0.09406400,1
1506118353,22078915,3624.01,0.14062805,1
1506118349,22078910,3630.00,0.01607440,0
1506118348,22078909,3629.93,0.03375557,0
1506118347,22078908,3628.54,0.10128030,1
1506118342,22078901,3628.48,0.02587586,1
1506118341,22078898,3628.53,0.08812270,1
1506118337,22078889,3624.45,0.13279923,1
1506118336,22078888,3624.85,0.53600000,1
1506118328,22078883,3629.90,0.12817600,1
1506118328,22078882,3630.00,0.11373235,1
1506118328,22078880,3629.99,0.52639626,0
1506118326,22078877,3629.90,0.00563608,0
1506118325,22078873,3629.90,0.03343500,0
1506118295,22078866,3629.96,0.00641354,0
1506118282,22078860,3624.58,0.11029004,1
1506118258,22078820,3627.07,0.52639626,0
1506118257,22078819,3627.21,0.01000000,1
1506118239,22078812,3623.98,0.33828240,1
1506118239,22078811,3624.07,2.00000000,1
1506118232,22078808,3623.00,0.05459718,1
1506118231,22078807,3623.00,0.01240799,1
1506118213,22078793,3622.19,0.42800000,0
1506118205,22078792,3622.19,0.18200000,0
1506118202,22078786,3622.19,0.09000000,0
1506118191,22078775,3620.10,0.17752800,1
1506118188,22078767,3620.00,0.41836000,1
1506118187,22078766,3620.00,0.01535867,1
1506118187,22078763,3620.02,0.04127149,0
1506118185,22078761,3620.00,0.61363500,1
1506118183,22078754,3620.02,0.25421000,1
1506118182,22078749,3620.02,1.45352789,1
1506118182,22078747,3620.02,0.00799443,1
1506118180,22078738,3620.05,0.15865042,0
1506118180,22078735,3622.08,0.51096098,1
1506118179,22078733,3622.19,0.00000218,1
1506118179,22078732,3622.22,0.00000149,1
1506118178,22078730,3622.22,0.06999851,1
1506118172,22078714,3626.43,1.21025194,1
1506118172,22078713,3626.43,5.00000000,1
1506118171,22078711,3626.43,3.78267680,1
1506118171,22078709,3626.43,0.00707126,1
1506118169,22078704,3622.19,0.29877229,1
1506118165,22078700,3622.22,0.05570223,0
1506118155,22078684,3622.79,0.07999637,0
1506118155,22078683,3622.19,0.03122553,1
1506118155,22078681,3622.79,0.08000000,1
1506118146,22078669,3626.44,0.00201354,0
1506118142,22078661,3625.96,0.14082754,0
1506118142,22078660,3625.96,0.00685029,0
1506118136,22078657,3624.04,1.09300000,1
1506118136,22078656,3624.07,2.00000000,1
1506118130,22078649,3628.04,0.05056348,1
1506118127,22078643,3629.95,0.00631677,0
1506118116,22078620,3629.99,2.74240000,0
1506118116,22078619,3629.99,0.28875829,0
1506118116,22078618,3629.99,0.26569093,0
1506118116,22078617,3629.44,0.04398900,0
1506118112,22078612,3628.07,0.42716285,1
1506118106,22078608,3630.00,10.74300000,1
1506118105,22078607,3630.00,5.25700000,1
1506118105,22078605,3630.07,1.74300000,1
1506118103,22078603,3630.87,2.74360000,0
1506118103,22078602,3631.57,0.39772866,1
1506118099,22078594,3633.12,0.08363800,0
1506118096,22078584,3631.57,0.47377134,1
1506118095,22078583,3630.19,0.08357949,0
1506118094,22078581,3631.55,0.87150000,1
1506118090,22078574,3630.19,0.14170196,0
1506118090,22078572,3631.50,0.00000413,1
1506118088,22078553,3631.50,0.46999587,1
1506118085,22078550,3633.05,0.07690700,0
1506118085,22078549,3633.05,0.52096500,0
1506118078,22078540,3631.24,0.19316818,0
1506118073,22078530,3633.05,0.07609300,0
1506118069,22078524,3631.13,0.34212491,0
1506118061,22078508,3633.05,0.03471600,0
1506118051,22078488,3638.99,0.08759014,0
1506118039,22078475,3635.00,12.17490000,1
1506118038,22078473,3635.01,1.08100000,1
1506118038,22078472,3635.01,2.74410000,1
1506118038,22078470,3637.01,0.91620865,1
1506118033,22078461,3637.00,0.00000973,1
1506118030,22078458,3637.00,0.01846027,1
1506118021,22078440,3636.36,0.00695000,1
1506118004,22078424,3636.05,0.10296800,0
1506117983,22078403,3635.07,0.10391900,0
1506117982,22078401,3637.38,0.05800000,1
1506117970,22078391,3640.12,4.00000000,1
1506117967,22078390,3640.01,2.99850000,1
1506117958,22078385,3640.07,0.00161666,1
1506117957,22078384,3640.07,0.32883550,1
1506117952,22078380,3641.51,0.00178608,0
1506117952,22078379,3641.51,0.01821772,0
1506117947,22078377,3640.06,0.30431100,1
1506117947,22078376,3640.06,0.00896000,1
1506117937,22078367,3641.08,0.15885502,0
1506117935,22078362,3642.00,0.31316035,0
1506117934,22078361,3641.51,0.00554444,0
1506117934,22078360,3641.09,0.01000000,0
1506117930,22078358,3640.00,1.45626229,0
1506117930,22078357,3638.99,0.00795206,0
1506117929,22078356,3638.62,0.32573324,0
1506117926,22078349,3633.00,2.16971458,0
1506117925,22078346,3633.00,0.06000000,0
1506117922,22078340,3630.67,0.59801360,1
1506117916,22078335,3633.00,0.42861817,0
1506117906,22078329,3633.00,0.11185800,0
1506117894,22078319,3633.00,0.04337580,0
1506117878,22078306,3633.00,0.18643345,0
1506117878,22078304,3631.33,0.04000000,0
1506117878,22078303,3630.40,0.00765123,0
1506117878,22078302,3630.30,0.00500000,0
1506117867,22078292,3630.00,0.01000000,0
1506117860,22078290,3625.32,10.49472735,0
1506117859,22078289,3625.32,0.06000000,0
1506117858,22078288,3625.32,0.02100000,0
1506117857,22078284,3625.32,1.63500000,0
1506117856,22078283,3625.15,0.02694000,1
1506117856,22078282,3625.32,0.20030000,0
1506117853,22078281,3625.32,1.77000000,0
1506117844,22078274,3625.32,1.84000000,0
1506117818,22078267,3625.32,0.66000000,0
1506117817,22078266,3625.32,0.10000000,0
1506117816,22078265,3625.32,1.65800000,0
1506117811,22078262,3625.32,0.02177154,0
1506117803,22078258,3625.32,0.26698495,0
1506117801,22078256,3624.58,0.30344232,0
1506117798,22078252,3625.32,0.06000000,0
1506117797,22078251,3624.40,0.01000000,1
1506117793,22078250,3624.40,0.01520265,1
1506117792,22078248,3625.32,18.00000000,0
1506117787,22078246,3624.00,0.13683728,0
1506117787,22078245,3624.00,0.01379600,0
1506117779,22078238,3625.32,6.48306319,0
1506117777,22078234,3625.32,16.80000000,0
1506117775,22078233,3621.86,8.00602499,1
1506117774,22078232,3622.00,1.08400000,1
1506117774,22078231,3622.00,0.53800000,1
1506117774,22078230,3624.00,0.37197501,1
1506117773,22078228,3625.32,7.00000000,0
1506117772,22078227,3625.32,2.65477806,0
1506117768,22078223,3624.91,0.46100000,0
1506117764,22078222,3624.00,0.10833745,0
1506117760,22078218,3624.00,0.02064294,0
1506117743,22078159,3619.73,0.06595114,1
1506117726,22078130,3624.00,0.01300000,0
1506117724,22078128,3624.00,0.02725000,0
1506117708,22078116,3619.71,0.06471091,1
1506117707,22078115,3623.99,0.09600000,0
1506117698,22078114,3624.00,0.03076961,0
1506117696,22078112,3619.06,6.24597548,1
1506117696,22078111,3619.45,2.75510000,1
1506117696,22078110,3620.67,0.99892452,1
1506117695,22078108,3620.67,0.00107548,0
1506117686,22078103,3619.33,0.13899363,0
1506117685,22078102,3619.00,2.20424041,0
1506117685,22078101,3619.00,0.17475959,0
1506117684,22078100,3619.00,1.61600000,0
1506117684,22078099,3619.65,0.00500000,1
1506117681,22078096,3620.67,0.03030378,0
1506117680,22078093,3620.67,0.00607444,0
1506117674,22078088,3619.54,0.08000000,1
1506117665,22078084,3620.67,0.02534614,0
1506117650,22078077,3619.31,0.04442731,1
1506117643,22078074,3620.67,0.07400829,1
1506117641,22078072,3624.00,0.32876788,1
1506117640,22078071,3623.94,0.07311713,1
1506117640,22078070,3623.94,0.95311499,1
1506117639,22078069,3623.94,0.00500000,0
1506117637,22078068,3622.36,0.07311713,1
1506117637,22078067,3622.66,0.42688287,1
1506117629,22078064,3622.65,0.17116702,1
1506117622,22078048,3623.93,0.38176682,1
1506117613,22078041,3623.91,0.01193182,1
1506117610,22078039,3617.63,0.03549600,1
1506117607,22078032,3623.29,0.08526916,0
1506117607,22078030,3617.60,0.04700000,1
1506117605,22078029,3623.29,0.25603250,1
1506117604,22078026,3623.29,0.00632700,0
1506117604,22078023,3623.29,0.00331038,0
1506117603,22078022,3623.29,0.09357087,0
1506117581,22078013,3624.37,0.03495319,0
1506117574,22078010,3624.88,0.13557562,0
1506117573,22078009,3617.48,0.02878985,1
1506117572,22078008,3625.00,1.24000000,1
1506117569,22078006,3617.49,2.50000000,1
1506117561,22078001,3617.63,1.00000000,1
1506117560,22078000,3617.51,1.00000000,0
1506117557,22077999,3617.63,1.00000000,1
1506117555,22077998,3617.63,1.00000000,1
1506117553,22077997,3617.62,0.07332681,1
1506117553,22077996,3620.65,0.00143100,1
1506117550,22077992,3620.63,0.15000000,0
1506117542,22077987,3625.32,0.06400000,0
1506117538,22077983,3625.32,1.85302910,0
1506117538,22077982,3624.91,0.03627500,0
1506117537,22077981,3624.81,0.01453000,1
1506117536,22077980,3624.81,0.00500000,0
1506117529,22077974,3620.49,0.05383520,0
1506117528,22077972,3620.62,0.02315716,1
1506117526,22077966,3620.62,0.07684284,0
1506117515,22077964,3617.52,1.00000000,1
1506117511,22077963,3617.50,0.03630600,1
1506117509,22077961,3617.50,0.01435442,1
1506117504,22077960,3617.45,0.03831900,0
1506117498,22077958,3618.48,0.03627500,1
1506117495,22077934,3624.91,0.02340799,0
1506117493,22077932,3620.00,1.49780747,0
1506117492,22077931,3620.00,0.05000000,0
1506117491,22077929,3620.00,0.72719253,0
1506117491,22077928,3620.48,4.72000000,1
1506117491,22077927,3620.58,0.00500000,1
1506117488,22077918,3620.61,0.07276990,1
1506117473,22077904,3625.32,5.00000000,0
1506117471,22077900,3625.32,2.32530000,0
1506117470,22077897,3625.32,0.01500000,0
1506117470,22077896,3625.32,5.00000000,0
1506117469,22077895,3620.49,0.38335274,1
1506117468,22077892,3620.49,0.14013335,1
1506117462,22077885,3620.48,0.16589657,1
1506117462,22077884,3620.48,0.03414100,1
1506117461,22077881,3625.32,5.82224145,0
1506117460,22077880,3625.31,0.08000000,0
1506117460,22077879,3624.91,0.03626500,0
1506117460,22077878,3624.91,0.54918000,0
1506117460,22077877,3621.95,0.51231355,0
1506117457,22077871,3624.91,1.00000000,1
1506117455,22077866,3624.91,0.03622800,1
1506117454,22077865,3624.91,0.48171800,1
1506117454,22077864,3625.32,9.28203292,0
1506117454,22077863,3625.31,0.10000000,0
1506117454,22077862,3624.91,0.65301400,0
1506117453,22077858,3621.95,0.03273400,1
1506117452,22077854,3624.91,0.00500000,0
1506117451,22077852,3621.95,0.07978000,1
1506117449,22077851,3620.47,0.02000000,1
1506117447,22077849,3620.47,0.03627400,1
1506117446,22077848,3620.47,0.07858836,1
1506117443,22077838,3620.47,0.18651662,1
1506117443,22077837,3620.47,0.24760494,1
1506117443,22077836,3621.64,0.33516138,1
1506117443,22077835,3621.64,0.54982906,1
1506117443,22077834,3621.64,2.10651556,1
1506117441,22077831,3625.32,0.91277144,0
1506117441,22077829,3625.31,0.12000000,0
1506117441,22077828,3625.29,0.87150000,1
1506117440,22077827,3624.91,0.00500000,0
1506117440,22077823,3618.91,0.09001415,0
1506117437,22077820,3622.21,0.12009135,1
1506117437,22077816,3621.99,1.15894752,0
1506117437,22077815,3621.98,0.79700000,0
1506117436,22077813,3617.45,0.07858800,0
1506117435,22077811,3615.54,2.00279000,0
1506117434,22077807,3615.17,0.07646430,1
1506117433,22077802,3621.99,0.41773317,0
1506117433,22077800,3620.26,0.58226683,0
1506117431,22077798,3620.26,0.04996117,0
1506117431,22077797,3618.92,0.08880780,0
1506117431,22077796,3617.45,0.86123103,0
1506117430,22077794,3617.45,1.35241588,1
1506117430,22077792,3620.26,1.55798065,1
1506117430,22077791,3620.26,0.10454500,1
1506117429,22077788,3620.26,1.42107100,1
1506117429,22077786,3620.26,0.01987800,1
1506117428,22077781,3621.99,0.11531931,0
1506117427,22077772,3620.26,1.37460138,1
1506117427,22077770,3620.26,0.20716173,1
1506117427,22077767,3620.26,0.04976759,1
1506117426,22077764,3620.26,0.08738546,1
1506117426,22077763,3620.26,0.24868416,1
1506117426,22077760,3620.26,0.87669632,1
1506117426,22077759,3620.26,0.30536138,1
1506117426,22077758,3620.26,0.59630561,1
1506117426,22077757,3620.26,0.09961072,1
1506117425,22077756,3620.26,0.54688300,1
1506117423,22077753,3620.26,0.50406800,1
1506117422,22077752,3622.03,0.87150000,1
1506117421,22077750,3617.45,0.10866628,1
1506117420,22077745,3617.45,0.01439494,1
1506117419,22077744,3622.00,0.12590933,0
1506117419,22077742,3622.00,0.00259067,0
1506117419,22077739,3622.00,0.87150000,0
1506117418,22077735,3617.45,0.62438700,1
1506117416,22077729,3617.45,0.03609720,1
1506117415,22077728,3617.45,0.75058868,1
1506117415,22077727,3617.45,2.15650297,1
1506117415,22077726,3617.45,1.91219283,1
1506117415,22077725,3617.45,0.39484322,1
1506117414,22077724,3619.54,0.10296588,1
1506117413,22077722,3619.54,0.85891722,1
1506117413,22077721,3619.54,0.03811690,1
1506117412,22077717,3617.45,0.54991100,1
1506117411,22077715,3615.17,0.08603443,1
1506117407,22077698,3612.64,1.73141411,1
1506117406,22077696,3612.64,0.94592000,1
1506117401,22077674,3610.47,0.00558792,1
1506117401,22077673,3610.47,0.08381874,1
1506117400,22077667,3610.47,0.55113317,1
1506117400,22077665,3611.53,0.00737681,1
1506117399,22077659,3610.33,0.08021601,0
1506117394,22077648,3602.66,0.55076912,1
1506117393,22077647,3619.56,2.24724676,1
1506117391,22077644,3619.56,0.00695676,0
1506117391,22077643,3619.55,0.03000000,0
1506117391,22077642,3609.23,0.15000000,0
1506117387,22077635,3599.32,5.55110000,0
1506117387,22077634,3598.22,0.04995841,0
1506117387,22077633,3598.22,0.50075000,0
1506117385,22077630,3594.75,1.68000000,1
1506117385,22077629,3595.47,1.09200000,1
1506117385,22077627,3600.00,0.09876239,0
1506117385,22077626,3599.62,1.27050377,0
1506117383,22077624,3599.62,0.09600000,0
1506117382,22077621,3597.92,2.67470000,0
1506117379,22077619,3597.47,0.00000037,0
1506117379,22077618,3597.47,0.50074600,0
1506117372,22077610,3597.47,0.50075000,1
1506117369,22077607,3597.92,0.10000000,0
1506117369,22077606,3597.00,0.04082350,0
1506117369,22077605,3596.35,0.18000000,0
1506117368,22077603,3594.51,0.13910101,0
1506117365,22077599,3594.51,0.50075000,0
1506117364,22077598,3594.48,0.50075000,0
1506117363,22077597,3594.51,0.50075000,0
1506117355,22077595,3596.35,0.23451700,0
1506117355,22077594,3595.00,0.08500000,0
1506117354,22077593,3595.00,0.01500000,1
1506117345,22077591,3590.01,0.72875726,1
1506117345,22077590,3594.74,0.54876400,1
1506117344,22077585,3590.00,0.23996367,1
1506117343,22077584,3590.01,0.00152000,0
1506117343,22077583,3590.01,0.30689633,0
1506117342,22077582,3590.01,0.00152000,1
1506117336,22077580,3595.22,0.20000000,1
1506117329,22077579,3595.50,0.04877770,0
1506117327,22077578,3595.50,0.03300000,0
1506117326,22077576,3595.00,0.50584484,1
1506117324,22077574,3595.00,0.05875600,1
1506117321,22077567,3595.22,0.24258350,0
1506117319,22077565,3595.22,0.06431010,0
1506117316,22077561,3599.61,0.07127618,0
1506117316,22077560,3597.92,0.29689633,0
1506117316,22077559,3595.56,0.06426517,0
1506117313,22077556,3595.56,0.24262723,0
1506117313,22077555,3595.50,0.42441600,0
1506117313,22077554,3595.43,0.20445677,0
1506117290,22077540,3597.78,0.00500000,0
1506117287,22077539,3596.18,0.01301957,1
1506117286,22077537,3596.18,0.18616500,1
1506117285,22077535,3597.00,0.00500000,1
1506117273,22077523,3597.80,0.01279062,1
1506117273,22077522,3597.80,0.27811538,1
1506117270,22077521,3599.06,0.04506750,0
1506117260,22077511,3599.06,0.40076885,1
1506117258,22077507,3597.91,0.40039913,0
1506117256,22077502,3597.79,0.37909106,1
1506117255,22077498,3599.62,0.39758800,1
1506117254,22077497,3599.62,1.36650655,1
1506117254,22077492,3599.62,0.39758800,0
1506117253,22077489,3597.00,0.00500000,1
1506117252,22077488,3599.61,0.00500000,1
1506117239,22077482,3606.58,0.01405006,0
1506117238,22077480,3606.58,0.00202671,1
1506117236,22077479,3606.58,0.01300000,0
1506117228,22077478,3599.60,0.08497060,1
1506117226,22077476,3599.60,1.35501112,1
1506117226,22077475,3606.62,0.05044671,0
1506117225,22077473,3597.69,0.40758100,0
1506117225,22077472,3597.67,0.03075880,0
1506117222,22077465,3606.62,0.00800000,0
1506117216,22077460,3601.67,0.00187332,1
1506117203,22077459,3608.56,0.06486475,0
1506117200,22077456,3601.68,0.05900000,1
1506117189,22077450,3608.64,0.49171155,1
1506117189,22077449,3601.83,0.07370841,0
1506117189,22077448,3601.83,0.08430000,0
1506117188,22077447,3601.67,0.00016600,0
1506117187,22077446,3601.67,0.00483400,0
1506117149,22077438,3595.79,0.06613851,1
1506117149,22077436,3596.53,0.00793149,1
1506117136,22077435,3600.36,0.02770000,1
1506117134,22077434,3601.78,0.01000000,1
1506117127,22077432,3596.53,0.00706851,1
1506117126,22077431,3601.78,0.00400000,0
1506117116,22077426,3601.80,0.08549261,0
1506117106,22077421,3596.66,0.01527277,1
1506117093,22077420,3596.55,0.03043911,1
1506117072,22077415,3596.54,0.00276165,0
1506117065,22077413,3601.82,0.16081700,0
1506117061,22077412,3601.82,0.02236074,0
1506117051,22077410,3601.83,0.00970000,1
1506117012,22077379,3602.91,0.01193315,1
1506116977,22077372,3596.53,0.50970006,1
1506116977,22077371,3594.43,4.45700000,0
1506116976,22077370,3597.19,0.54300000,1
1506116963,22077366,3600.40,2.77100000,1
1506116958,22077365,3601.17,0.00500000,1
1506116925,22077349,3595.28,0.16899047,1
1506116910,22077338,3608.25,3.09125753,0
1506116910,22077337,3608.13,4.00000000,1
1506116908,22077335,3608.11,0.87150000,0
1506116888,22077321,3607.34,0.19638570,1
1506116887,22077320,3607.22,0.00500000,0
1506116887,22077319,3603.23,0.05578000,0
1506116872,22077306,3608.24,0.04900000,0
1506116870,22077305,3601.33,0.92000000,0
1506116869,22077304,3601.33,0.08000000,1
1506116867,22077303,3601.33,1.00000000,1
1506116863,22077300,3601.34,1.00000000,1
1506116860,22077299,3601.34,1.00000000,1
1506116859,22077298,3601.33,0.29226499,1
1506116859,22077295,3601.33,0.68083452,1
1506116855,22077287,3609.85,0.02763481,0
1506116851,22077284,3603.22,1.00000000,0
1506116836,22077282,3603.23,0.03895793,1
1506116821,22077275,3603.22,0.43759669,1
1506116815,22077274,3603.23,0.76348400,0
1506116815,22077273,3603.23,2.10031009,0
1506116810,22077272,3603.32,0.00500000,1
1506116806,22077271,3603.23,0.12927992,0
1506116804,22077269,3610.58,0.09137683,0
1506116803,22077267,3603.22,0.26922600,1
1506116795,22077260,3603.22,0.14498590,0
1506116795,22077259,3603.22,0.60000000,1
1506116794,22077258,3603.22,0.25501410,1
1506116794,22077257,3603.22,0.06274010,1
1506116794,22077255,3603.22,0.15321500,0
1506116794,22077254,3603.22,0.24536300,1
1506116794,22077253,3603.22,0.28366780,1
1506116791,22077248,3600.03,0.05485710,1
1506116790,22077247,3600.03,2.12717845,1
1506116789,22077246,3600.03,2.34025752,1
1506116789,22077245,3600.03,2.34025752,1
1506116789,22077244,3599.65,0.07368130,0
1506116785,22077232,3603.21,1.00000000,0
1506116783,22077229,3599.86,0.05191900,0
1506116783,22077226,3597.29,2.33887833,1
1506116781,22077220,3603.22,0.87150000,0
1506116780,22077219,3599.86,0.99999723,1
1506116777,22077214,3595.17,0.35450078,1
1506116777,22077213,3598.00,0.53140586,1
1506116777,22077212,3598.00,0.27731315,1
1506116777,22077210,3598.00,0.19128099,1
1506116773,22077206,3598.00,0.10000000,0
1506116766,22077200,3592.63,0.24378116,1
1506116765,22077199,3593.18,0.00002891,1
1506116763,22077198,3593.18,1.08500000,0
1506116763,22077196,3593.18,0.01097109,0
1506116762,22077194,3590.32,1.00000000,1
1506116760,22077192,3590.35,0.10960065,1
1506116755,22077189,3590.32,0.11110331,1
1506116755,22077188,3590.32,0.85276803,1
1506116754,22077187,3590.32,1.38760069,1
1506116748,22077182,3590.32,0.08715095,1
1506116739,22077175,3588.68,2.78340000,0
1506116734,22077154,3585.62,0.19321022,1
1506116731,22077145,3584.78,0.05201090,1
1506116727,22077143,3587.62,0.62656399,1
1506116727,22077140,3587.62,0.00500000,1
1506116724,22077137,3587.21,1.61901339,0
1506116720,22077135,3586.86,2.78720000,0
1506116720,22077134,3586.28,0.04319308,0
1506116720,22077133,3586.27,4.00000000,0
1506116718,22077130,3586.27,2.34847200,0
1506116715,22077127,3586.28,0.14463455,0
1506116709,22077119,3583.59,0.14371427,1
1506116709,22077118,3583.59,0.01912732,1
1506116703,22077114,3583.59,0.14348125,1
1506116703,22077113,3583.59,0.23135533,1
1506116699,22077109,3586.28,0.01269680,0
1506116698,22077108,3583.60,0.17432865,1
1506116692,22077105,3583.60,0.04807996,1
1506116684,22077101,3587.57,0.25492322,0
1506116679,22077097,3583.00,0.07980916,0
1506116650,22077091,3580.24,0.46059717,0
1506116637,22077087,3580.24,0.05577984,0
1506116634,22077085,3580.24,0.00157700,0
1506116632,22077082,3581.12,0.00157700,1
1506116623,22077080,3580.24,0.07495900,1
1506116612,22077078,3580.18,0.01455767,1
1506116604,22077074,3588.76,0.01590564,0
1506116597,22077072,3580.20,0.15479328,1
1506116596,22077071,3581.00,0.45000000,1
1506116596,22077070,3581.12,0.00205800,1
1506116595,22077069,3581.19,0.00206500,1
1506116595,22077067,3581.22,0.00206500,1
1506116595,22077066,3581.76,1.08500000,0
1506116594,22077065,3581.76,0.24083610,0
1506116593,22077064,3581.76,0.10117930,0
1506116593,22077063,3581.76,0.00500000,1
1506116580,22077060,3581.66,0.00140000,1
1506116572,22077059,3581.21,0.28726499,1
1506116572,22077058,3583.75,0.00500000,1
1506116566,22077050,3581.01,0.00140000,1
1506116565,22077048,3591.24,0.03010000,1
1506116562,22077046,3588.78,0.00500000,0
1506116555,22077045,3581.01,0.31766062,1
1506116555,22077044,3583.07,0.00774372,1
1506116555,22077043,3585.00,0.65000000,1
1506116527,22077037,3588.99,0.01009706,0
1506116521,22077032,3590.00,0.01500000,1
1506116494,22077019,3589.43,3.36447464,1
1506116490,22077017,3589.43,16.27000000,1
1506116486,22077016,3589.43,2.99759203,1
1506116486,22077015,3589.55,0.01097109,1
1506116486,22077014,3590.00,0.01500000,1
1506116486,22077013,3590.00,7.97526810,1
1506116485,22077012,3590.03,0.00116878,1
1506116485,22077010,3590.04,4.00000000,1
1506116465,22076997,3593.32,0.01614200,0
1506116459,22076995,3593.33,2.50000000,0
1506116445,22076992,3597.76,0.50075000,0
1506116432,22076991,3590.03,0.01383122,1
1506116409,22076989,3593.54,0.00481712,0
1506116409,22076988,3593.49,0.02755527,0
1506116360,22076966,3597.88,0.15127000,0
1506116346,22076962,3597.20,0.11814000,1
1506116345,22076961,3597.00,0.01100000,0
1506116296,22076951,3596.99,0.43265875,0
1506116295,22076950,3597.00,0.03900000,0
1506116285,22076949,3590.00,0.00140000,1
1506116282,22076945,3590.10,0.14000000,1
1506116257,22076931,3591.63,0.00140000,1
1506116253,22076926,3591.11,0.13850000,1
1506116237,22076922,3590.00,0.01362231,1
1506116237,22076921,3590.00,0.00970959,1
1506116237,22076920,3590.37,0.00002041,1
1506116221,22076908,3598.78,0.02200000,0
1506116207,22076906,3592.34,0.07499200,0
1506116202,22076898,3598.73,0.09600000,0
1506116199,22076894,3598.78,0.00200000,0
1506116182,22076872,3598.89,0.09600000,0
1506116180,22076871,3598.83,0.21819941,0
1506116164,22076857,3598.84,0.09600000,0
1506116164,22076855,3592.28,0.02782571,1
1506116146,22076848,3592.27,0.01529000,1
1506116133,22076842,3592.52,0.07253618,1
1506116131,22076841,3592.54,0.00140000,1
1506116115,22076837,3599.20,0.45920000,0
1506116095,22076819,3592.15,0.10213525,0
1506116092,22076813,3599.85,0.01000000,0
1506116086,22076809,3600.50,0.10941654,0
1506116086,22076807,3600.00,0.01960140,0
1506116085,22076803,3597.92,0.01500000,0
1506116083,22076799,3599.85,0.01800000,0
1506116081,22076797,3597.68,0.06052761,0
1506116081,22076796,3596.40,0.00695000,0
1506116079,22076795,3596.39,0.81790000,0
1506116069,22076790,3590.37,0.00140000,1
1506116062,22076786,3592.07,0.36234971,0
1506116062,22076785,3592.07,1.23388597,0
1506116054,22076780,3600.53,0.02000000,0
1506116052,22076779,3592.07,0.54684020,0
1506116050,22076778,3594.00,0.50921793,1
1506116049,22076775,3594.00,0.03678207,1
1506116049,22076774,3596.00,0.54200000,1
1506116048,22076771,3600.00,0.03556655,1
1506116011,22076746,3600.76,0.27700079,0
1506115990,22076708,3600.00,0.01443345,1
1506115940,22076703,3605.73,0.01193323,1
1506115937,22076702,3596.78,0.27591630,1
1506115937,22076701,3597.01,0.06549870,1
1506115936,22076700,3597.15,0.75159000,1
1506115934,22076699,3600.99,0.90755676,0
1506115930,22076696,3599.00,0.07249227,0
1506115930,22076695,3599.00,0.21565510,0
1506115928,22076694,3601.00,0.01400492,1
1506115925,22076692,3605.56,0.25729009,0
1506115925,22076691,3605.56,0.03225700,0
1506115921,22076689,3601.00,0.01099508,0
1506115912,22076682,3599.29,1.09400000,0
1506115912,22076681,3599.29,1.08200000,0
1506115912,22076680,3599.29,0.04428196,0
1506115901,22076678,3593.97,0.05337884,1
1506115900,22076677,3593.97,0.22000000,1
1506115893,22076675,3593.97,0.60640000,1
1506115890,22076674,3593.97,2.77630000,1
1506115888,22076672,3593.97,2.78080000,1
1506115877,22076670,3591.99,0.32578874,0
1506115875,22076669,3591.99,0.77021126,0
1506115875,22076668,3591.99,1.08200000,0
1506115875,22076667,3591.99,1.09400000,0
1506115875,22076666,3591.99,2.05378874,0
1506115874,22076665,3591.99,5.00000000,0
1506115874,22076664,3591.99,7.00000000,0
1506115873,22076663,3591.99,7.00000000,0
1506115866,22076661,3592.97,0.02554154,1
1506115858,22076658,3590.52,0.00140000,1
1506115846,22076649,3590.52,0.01195741,1
1506115844,22076646,3593.02,1.20274588,1
1506115839,22076645,3590.00,0.99798061,0
1506115830,22076641,3589.44,2.98640630,1
1506115828,22076640,3591.99,0.02018215,1
1506115828,22076639,3591.99,1.38183724,1
1506115825,22076635,3589.43,0.10821300,1
1506115820,22076629,3592.99,0.18045316,0
1506115820,22076628,3592.99,0.06364277,0
1506115819,22076627,3589.43,0.10000000,1
1506115809,22076625,3589.43,0.07000000,1
1506115808,22076624,3589.43,0.10000000,1
1506115805,22076621,3589.43,15.90000000,1
1506115805,22076620,3589.43,3.58410698,1
1506115802,22076618,3590.82,0.08899440,0
1506115801,22076617,3589.43,15.00000000,1
1506115798,22076616,3589.43,4.83000000,1
1506115798,22076615,3589.44,0.17000000,1
1506115795,22076613,3589.43,7.00000000,1
1506115793,22076612,3589.43,17.43711335,1
1506115793,22076611,3590.16,0.00247665,1
1506115792,22076609,3590.16,0.21753167,1
1506115792,22076608,3590.88,2.41880000,0
1506115784,22076605,3589.43,13.73850000,1
1506115784,22076604,3589.44,0.19000000,1
1506115783,22076603,3590.00,1.00000000,1
1506115783,22076602,3590.17,0.87150000,1
1506115779,22076601,3594.14,0.03200000,0
1506115779,22076599,3590.16,0.05000000,1
1506115779,22076598,3594.14,0.03874081,0
1506115778,22076596,3594.14,0.01038635,1
1506115777,22076595,3595.06,0.00695676,1
1506115774,22076590,3594.15,0.10000000,1
1506115773,22076588,3595.68,0.01388800,0
1506115766,22076584,3600.21,0.01500000,0
1506115763,22076578,3600.94,0.10068827,0
1506115758,22076576,3595.00,5.00000000,1
1506115738,22076563,3595.06,0.03153915,1
1506115736,22076562,3597.99,0.14402600,1
1506115728,22076556,3600.00,0.22496232,1
1506115723,22076552,3602.13,0.00500000,0
1506115721,22076550,3601.00,0.05000000,1
1506115721,22076549,3601.00,0.70000000,1
1506115686,22076540,3604.73,0.00500000,0
1506115672,22076539,3603.85,0.12947131,1
1506115671,22076538,3603.85,0.82232869,1
1506115669,22076537,3602.37,0.96640000,0
1506115669,22076536,3602.37,1.80390000,0
1506115659,22076532,3603.58,0.00500000,0
1506115649,22076525,3603.57,0.04044238,0
1506115647,22076524,3603.58,0.10000000,0
1506115640,22076519,3602.31,0.25037500,0
1506115629,22076508,3602.30,0.56380000,0
1506115624,22076507,3602.39,0.12737377,0
1506115620,22076505,3603.57,1.00000000,1
1506115618,22076504,3603.56,2.22900000,0
1506115606,22076502,3602.32,1.00000000,0
1506115606,22076501,3602.32,1.77100000,0
1506115606,22076500,3602.32,2.22900000,0
1506115598,22076498,3602.40,0.62810000,0
1506115575,22076486,3600.00,3.00000000,1
1506115573,22076484,3602.37,0.52970000,1
1506115572,22076482,3603.62,2.96180000,0
1506115572,22076481,3603.62,2.03820000,0
1506115566,22076473,3602.33,0.06368655,0
1506115564,22076460,3602.33,0.12992000,0
1506115563,22076459,3602.33,0.11220800,0
1506115551,22076454,3600.00,1.77503768,1
1506115551,22076453,3600.00,1.00000000,1
1506115551,22076452,3600.00,2.22496232,1
1506115549,22076450,3604.68,0.01885145,1
1506115546,22076449,3600.00,0.27721000,1
1506115546,22076448,3600.00,0.01259562,1
1506115531,22076446,3600.00,2.62579589,1
1506115530,22076445,3605.72,0.03248793,0
1506115527,22076442,3600.00,14.62906718,1
1506115527,22076441,3601.44,2.80102607,1
1506115527,22076440,3602.00,0.02500000,1
1506115527,22076439,3603.05,0.02999997,1
1506115508,22076434,3606.39,0.64999348,1
1506115506,22076433,3606.40,0.15071000,0
1506115499,22076431,3605.00,8.00000000,1
1506115498,22076430,3606.69,4.99967086,0
1506115496,22076425,3608.88,0.34728746,0
1506115496,22076424,3607.89,0.08500000,0
1506115492,22076423,3607.89,0.01500000,1
1506115487,22076422,3609.34,4.00000000,1
1506115473,22076418,3611.30,0.45626229,0
1506115446,22076413,3616.43,0.06343825,1
1506115410,22076395,3613.23,0.05504025,0
1506115410,22076394,3611.11,0.02000000,0
1506115410,22076393,3610.00,0.02700000,0
1506115391,22076388,3613.23,0.00993285,0
1506115380,22076382,3613.23,0.02760688,0
1506115379,22076381,3613.20,0.04000000,1
1506115366,22076379,3613.22,0.01213643,0
1506115359,22076374,3613.22,0.21632400,0
1506115354,22076371,3613.20,0.01741180,1
1506115353,22076367,3613.20,0.08240089,1
1506115353,22076365,3613.20,0.00331580,1
1506115351,22076357,3613.20,0.08556102,1
1506115344,22076346,3613.20,0.00278064,1
1506115325,22076344,3613.22,0.02539840,0
1506115298,22076339,3613.23,0.00675193,0
1506115297,22076338,3613.23,0.02887430,0
1506115296,22076337,3613.24,0.04941660,0
1506115270,22076324,3607.58,0.00275624,1
1506115267,22076317,3613.25,0.25674322,0
1506115265,22076314,3613.26,0.05275845,0
1506115261,22076311,3602.86,0.00000003,0
1506115260,22076306,3602.86,0.42920600,0
1506115258,22076303,3601.32,0.00140000,1
1506115249,22076259,3600.00,5.23036899,1
1506115249,22076258,3600.00,1.00000000,1
1506115249,22076257,3600.01,0.24000000,1
1506115248,22076256,3600.09,0.05000000,1
1506115248,22076255,3601.00,0.51953101,1
1506115248,22076253,3601.51,0.09000000,1
1506115248,22076252,3602.38,1.99860000,1
1506115248,22076250,3602.48,0.87150000,1
1506115247,22076249,3602.38,0.00140000,1
1506115245,22076248,3609.98,0.03490000,0
1506115234,22076240,3609.99,0.17033100,0
1506115233,22076239,3609.99,1.73440000,0
1506115233,22076238,3610.64,0.71677311,1
1506115233,22076236,3609.99,1.61252689,0
1506115232,22076235,3601.27,0.54779102,1
1506115231,22076234,3601.58,0.00795206,1
1506115231,22076233,3604.11,0.54840000,1
1506115231,22076232,3604.44,1.57200000,1
1506115231,22076231,3605.00,8.00000000,1
1506115231,22076230,3605.00,5.00000000,1
1506115231,22076229,3605.19,3.85584662,1
1506115230,22076225,3605.32,0.32970000,1
1506115229,22076222,3609.99,0.60640000,0
1506115221,22076211,3609.99,0.76014115,0
1506115221,22076210,3605.69,0.00154285,0
1506115210,22076195,3605.69,0.03225600,0
1506115197,22076174,3609.99,0.45933607,0
1506115197,22076173,3609.99,0.00955788,0
1506115181,22076144,3609.99,0.01480000,0
1506115168,22076131,3609.99,0.43844245,0
1506115164,22076130,3609.99,0.09879556,0
1506115156,22076111,3610.00,0.19219648,0
1506115150,22076107,3609.99,0.36486543,0
1506115147,22076101,3609.99,0.03934860,0
1506115147,22076100,3609.99,0.20000000,0
1506115146,22076099,3609.99,0.07758661,0
1506115145,22076097,3609.99,0.12710562,0
1506115145,22076096,3609.99,0.17469175,0
1506115144,22076093,3610.00,5.00000000,0
1506115137,22076077,3610.00,0.01500000,0
1506115135,22076072,3609.99,0.06939659,0
1506115133,22076067,3609.99,0.26109719,0
1506115133,22076066,3609.99,0.15428172,0
1506115132,22076065,3608.80,0.04499491,1
1506115132,22076064,3608.91,0.07130400,1
1506115130,22076062,3610.00,0.01677259,0
1506115128,22076058,3610.00,0.07000000,0
1506115128,22076057,3610.00,0.01362049,0
1506115127,22076054,3610.00,0.35358315,0
1506115124,22076030,3610.00,0.06545310,0
1506115122,22076015,3610.00,0.06927146,0
1506115121,22076010,3610.00,0.01356617,0
1506115120,22076004,3610.00,0.06542700,0
1506115119,22076003,3610.00,13.74840000,0
1506115119,22076002,3610.00,0.20365200,0
1506115118,22076001,3610.00,0.09000000,0
1506115118,22075999,3610.00,7.00000000,0
1506115118,22075998,3610.00,0.00943713,0
1506115118,22075997,3610.00,0.01448557,0
1506115116,22075989,3610.00,4.00000000,0
1506115115,22075985,3610.00,7.60000000,0
1506115115,22075982,3610.00,0.48000000,0
1506115115,22075980,3610.00,0.20370500,0
1506115114,22075970,3610.00,0.64878857,0
1506115113,22075965,3610.00,8.05279712,0
1506115113,22075964,3610.00,0.24711300,0
1506115113,22075962,3610.00,0.25052000,0
1506115112,22075961,3610.00,0.86778686,0
1506115112,22075960,3610.00,4.00000000,0
1506115112,22075959,3610.00,0.08182838,0
1506115111,22075952,3610.70,8.00850000,1
1506115111,22075950,3610.71,0.23000000,1
1506115111,22075949,3612.32,0.25748500,1
1506115111,22075948,3612.55,7.08207000,1
1506115110,22075947,3612.59,0.25748200,1
1506115110,22075945,3612.60,0.01643453,1
1506115110,22075943,3612.62,6.60180000,1
1506115109,22075934,3615.00,0.08579571,0
1506115109,22075925,3615.00,0.95809564,0
1506115108,22075922,3615.00,0.34550572,0
1506115106,22075915,3615.00,0.03662500,0
1506115105,22075909,3615.00,0.08582201,0
1506115105,22075904,3615.00,0.09514401,0
1506115104,22075892,3615.00,0.08914044,0
1506115103,22075884,3615.00,0.19196417,0
1506115102,22075878,3615.00,0.08584737,0
1506115101,22075873,3615.00,0.00553250,0
1506115101,22075870,3615.00,0.08298755,0
1506115099,22075863,3612.55,0.13793000,1
1506115098,22075862,3615.00,0.03732865,0
1506115098,22075858,3615.00,0.02200330,0
1506115097,22075854,3615.00,0.03408298,0
1506115096,22075847,3615.00,0.01380000,0
1506115095,22075842,3615.00,2.30870000,0
1506115094,22075839,3615.00,0.04953044,0
1506115094,22075836,3615.00,0.03735501,0
1506115093,22075831,3615.00,0.15249000,0
1506115091,22075824,3616.00,2.68560000,0
1506115090,22075820,3615.99,0.84080811,1
1506115086,22075812,3615.99,0.01677086,0
1506115084,22075811,3615.99,2.75400000,0
1506115081,22075809,3615.99,0.07499207,0
1506115080,22075807,3615.99,0.06538837,1
1506115079,22075805,3616.00,0.32811793,0
1506115079,22075804,3616.00,1.40130000,0
1506115079,22075802,3608.80,1.35440000,0
1506115078,22075798,3609.52,0.54800000,0
1506115078,22075797,3609.52,1.09400000,0
1506115078,22075795,3610.82,0.87760000,1
1506115078,22075794,3610.82,0.89900000,0
1506115077,22075793,3614.01,0.54400000,1
1506115076,22075791,3615.08,5.36256600,1
1506115076,22075789,3615.99,0.24244600,0
1506115075,22075788,3615.09,0.90000000,1
1506115074,22075786,3616.00,0.00686989,0
1506115073,22075783,3615.08,3.59450000,1
1506115073,22075781,3615.52,0.02700000,1
1506115070,22075780,3616.00,1.09600000,0
1506115070,22075778,3616.36,1.08200000,1
1506115070,22075777,3616.52,1.27300000,1
1506115070,22075776,3618.01,0.87150000,1
1506115061,22075763,3621.88,2.75360000,1
1506115058,22075760,3624.27,0.10000000,0
1506115056,22075759,3624.28,0.00570000,0
1506115050,22075758,3622.47,0.87150000,1
1506115050,22075757,3623.85,2.74930000,0
1506115046,22075755,3623.85,2.75340000,1
1506115046,22075754,3624.29,0.08090405,0
1506115043,22075749,3625.65,0.20607618,1
1506115041,22075748,3623.65,0.10000000,1
1506115036,22075745,3628.28,0.96682722,1
1506115033,22075741,3625.65,2.25456306,1
1506115031,22075740,3631.29,0.04161272,0
1506115031,22075738,3631.29,0.00322411,0
1506115026,22075736,3631.29,0.04008822,0
1506115023,22075734,3631.30,0.01632912,0
1506115023,22075733,3625.84,0.01000000,0
1506115020,22075725,3631.31,2.78650000,0
1506115019,22075724,3631.31,0.06674111,0
1506115018,22075722,3631.31,0.00299278,0
1506115017,22075721,3631.31,0.06437974,0
1506115015,22075720,3628.28,0.20601406,0
1506115008,22075717,3630.00,0.19398594,0
1506115005,22075715,3628.27,0.04000000,1
1506114998,22075712,3629.65,4.00000000,1
1506114998,22075711,3630.00,1.23210192,1
1506114998,22075710,3630.00,4.12502064,1
1506114998,22075709,3630.65,1.26081508,1
1506114994,22075707,3631.34,3.10000000,1
1506114972,22075705,3631.34,0.90000000,1
1506114968,22075703,3634.30,7.29585009,1
1506114968,22075702,3634.30,2.68414991,1
1506114965,22075700,3631.34,0.02000000,0
1506114905,22075678,3637.50,0.03194300,1
1506114905,22075677,3637.52,0.03379163,0
1506114902,22075675,3637.54,0.00447782,0
1506114889,22075674,3631.42,0.07000000,1
1506114888,22075673,3635.68,0.20000000,0
1506114888,22075672,3635.27,0.05000000,0
1506114882,22075671,3631.78,1.93237306,1
1506114865,22075668,3631.45,0.02004000,1
1506114865,22075667,3632.63,0.01500000,1
1506114857,22075666,3635.56,0.08163050,1
1506114853,22075664,3635.59,0.02974438,0
1506114851,22075661,3635.53,0.39185108,1
1506114846,22075660,3635.51,0.13458976,0
1506114845,22075658,3635.51,0.02524267,0
1506114826,22075651,3635.56,0.03300000,0
1506114807,22075643,3635.60,0.02500000,0
1506114803,22075638,3635.56,3.40550000,1
1506114790,22075634,3635.59,0.81968199,0
1506114790,22075633,3635.27,0.02300000,0
1506114789,22075632,3635.24,0.27957649,0
1506114786,22075631,3635.21,0.12622275,0
1506114784,22075628,3635.24,0.08476783,0
1506114784,22075626,3635.22,0.09614418,0
1506114783,22075625,3635.22,0.00980000,0
1506114782,22075624,3635.22,0.36999316,0
1506114752,22075609,3631.36,0.01650000,1
1506114752,22075608,3635.24,0.12788603,0
1506114749,22075607,3635.24,0.02500000,0
1506114745,22075604,3635.24,0.04140000,0
1506114738,22075602,3636.25,0.20567176,1
1506114730,22075598,3635.17,0.01500000,0
1506114726,22075597,3633.13,0.63957524,1
1506114724,22075596,3632.62,0.00563480,0
1506114717,22075589,3629.70,0.03310333,1
1506114694,22075555,3632.62,0.02500000,0
1506114691,22075548,3629.77,0.03371830,1
1506114687,22075534,3632.62,0.01000000,0
1506114685,22075527,3632.62,0.03817414,0
1506114677,22075514,3632.62,0.03212778,0
1506114673,22075501,3635.19,0.01000000,0
1506114671,22075482,3635.20,0.00322043,0
1506114669,22075478,3635.20,1.00000000,0
1506114664,22075455,3635.67,0.03196300,0
1506114663,22075451,3635.27,0.20000000,1
1506114661,22075437,3635.65,0.06385670,0
1506114648,22075372,3635.27,1.90210618,0
1506114645,22075360,3635.28,1.53020399,1
1506114631,22075314,3632.62,0.02486595,1
1506114614,22075305,3635.30,0.01280600,1
1506114614,22075304,3635.30,0.07000000,1
1506114602,22075287,3630.00,0.04400864,1
1506114588,22075282,3635.28,0.10000000,0
1506114582,22075274,3635.28,0.10000000,0
1506114572,22075259,3634.81,0.73490000,0
1506114571,22075258,3634.81,4.00000000,0
1506114570,22075257,3634.81,4.00000000,0
1506114555,22075233,3639.93,0.00151000,0
1506114554,22075227,3640.94,0.05000000,0
1506114554,22075226,3640.20,0.25000000,0
1506114552,22075225,3640.14,0.97448216,1
1506114551,22075221,3640.14,0.02000000,0
1506114551,22075220,3640.00,1.44551784,0
1506114551,22075218,3639.94,7.56000000,0
1506114551,22075214,3634.82,0.03864050,1
1506114542,22075200,3634.82,0.14007226,1
1506114534,22075193,3634.79,0.40582972,1
1506114528,22075188,3634.81,1.79978378,1
1506114527,22075185,3640.13,0.20021622,1
1506114527,22075184,3640.13,0.10514600,1
1506114524,22075181,3640.13,0.01808900,1
1506114524,22075180,3640.13,0.39352337,1
1506114522,22075178,3640.13,0.21852800,1
1506114509,22075151,3636.76,0.04189404,1
1506114499,22075126,3636.66,0.05195444,1
1506114497,22075119,3632.27,0.21852800,1
1506114496,22075117,3632.27,0.05195444,1
1506114496,22075116,3640.14,0.01211486,1
1506114495,22075115,3640.00,0.04600000,0
1506114495,22075114,3639.99,0.08000000,0
1506114494,22075113,3639.00,0.00320000,0
1506114494,22075111,3638.00,0.04205700,0
1506114494,22075110,3638.00,0.00394300,0
1506114494,22075108,3638.00,0.06798510,1
1506114493,22075104,3636.67,0.04933700,1
1506114492,22075102,3636.67,0.02500000,0
1506114491,22075099,3631.77,0.06798510,1
1506114490,22075094,3634.69,0.16178900,1
1506114490,22075093,3634.70,0.02241100,1
1506114485,22075088,3636.04,0.64469313,0
1506114485,22075087,3636.04,4.45061110,0
1506114483,22075082,3636.02,0.86392964,0
1506114483,22075081,3634.69,0.07900000,1
1506114479,22075075,3636.67,0.00565651,1
1506114478,22075073,3636.00,0.04600000,0
1506114478,22075072,3635.00,0.22662890,0
1506114478,22075071,3635.00,0.21246459,0
1506114478,22075070,3634.94,0.01000000,0
1506114477,22075069,3634.69,6.16614676,0
1506114477,22075068,3634.00,0.04600000,0
1506114477,22075067,3633.90,0.00829905,0
1506114477,22075066,3632.00,0.01500000,0
1506114477,22075065,3632.00,0.04600000,0
1506114477,22075064,3631.19,0.36101657,0
1506114476,22075063,3631.10,0.11997000,0
1506114476,22075061,3631.00,2.08679194,0
1506114476,22075060,3630.00,1.15077568,0
1506114464,22075043,3630.00,0.38993388,0
1506114436,22075016,3626.14,0.23534204,1
1506114434,22075009,3630.43,1.00000000,0
1506114433,22075006,3630.43,0.02644822,0
1506114433,22075005,3627.23,0.00270400,0
1506114432,22075004,3627.51,0.01108000,1
1506114426,22075001,3630.43,0.12638998,0
1506114417,22074995,3629.72,2.62390000,0
1506114402,22074985,3629.71,2.29547795,1
1506114401,22074983,3629.71,0.87150000,0
1506114401,22074982,3629.71,1.74300000,0
1506114401,22074981,3627.63,0.09000000,0
1506114386,22074967,3627.52,0.00792641,0
1506114377,22074960,3622.04,0.26216400,1
1506114354,22074954,3621.24,0.11292401,1
1506114340,22074939,3620.72,0.66478674,1
1506114335,22074933,3629.28,0.02417900,0
1506114335,22074932,3628.03,0.00735696,0
1506114334,22074931,3628.02,0.30502500,0
1506114328,22074926,3627.97,0.00790966,0
1506114271,22074893,3620.46,0.19400000,1
1506114270,22074891,3620.01,2.03988500,0
1506114245,22074873,3625.00,0.06328828,0
1506114232,22074854,3618.10,0.20000000,1
1506114228,22074839,3617.02,0.29319300,1
1506114228,22074838,3617.02,0.07284200,1
1506114226,22074829,3617.02,0.27723793,1
1506114215,22074822,3625.00,0.03559004,0
1506114214,22074820,3623.73,0.03000000,0
1506114214,22074819,3623.73,0.52290000,0
1506114213,22074816,3623.73,0.05005996,0
1506114213,22074814,3623.73,0.09458346,0
1506114213,22074812,3623.00,0.16686654,0
1506114197,22074796,3617.04,0.01300000,0
1506114194,22074795,3622.96,0.09609940,0
1506114136,22074758,3615.09,0.08154302,1
1506114133,22074752,3622.96,1.85485540,0
1506114120,22074724,3619.40,0.03000000,1
1506114109,22074718,3619.40,0.01000000,1
1506114091,22074707,3619.40,0.01011739,1
1506114083,22074705,3619.40,0.02115834,1
1506114076,22074704,3619.40,0.03791000,1
1506114072,22074700,3619.40,0.16596400,1
1506114070,22074694,3621.39,0.02600000,0
1506114069,22074693,3619.40,4.00000000,1
1506114067,22074689,3619.40,0.03787370,1
1506114067,22074688,3619.40,0.60800000,1
1506114067,22074685,3619.40,0.65700000,1
1506114065,22074684,3619.40,1.90204159,1
1506114065,22074683,3616.00,0.65220958,0
1506114064,22074682,3615.99,0.01287000,0
1506114045,22074668,3615.08,0.01352106,1
1506114024,22074663,3615.08,0.03364618,0
1506114010,22074657,3610.01,0.02324755,0
1506113985,22074647,3615.11,0.04058371,1
1506113985,22074646,3615.11,0.97809345,0
1506113975,22074632,3615.30,0.00813720,0
1506113972,22074630,3615.29,0.02400000,0
1506113966,22074626,3608.81,0.41546092,1
1506113966,22074625,3612.81,0.01486185,1
1506113946,22074607,3612.92,0.06349988,0
1506113943,22074605,3615.30,0.02977551,0
1506113943,22074604,3614.93,0.07032400,0
1506113943,22074603,3614.92,0.01851449,0
1506113943,22074602,3612.93,0.01000000,0
1506113941,22074601,3608.37,0.00694220,1
1506113933,22074590,3612.92,0.01800000,0
1506113912,22074569,3608.38,0.00140000,1
1506113907,22074564,3612.79,0.02410000,0
1506113905,22074560,3612.79,0.06261046,0
1506113896,22074556,3608.37,0.08226900,1
1506113820,22074510,3612.84,0.01589869,0
1506113787,22074494,3614.92,0.00398551,0
1506113787,22074493,3609.98,0.00001449,0
1506113768,22074485,3609.98,0.01507800,0
1506113717,22074424,3609.94,0.01357000,1
1506113699,22074417,3612.97,0.06590976,0
1506113696,22074415,3612.97,0.02300000,0
1506113684,22074412,3612.97,0.03366580,0
1506113678,22074408,3612.97,0.00200000,0
1506113671,22074405,3612.97,0.25495504,0
1506113642,22074399,3612.99,0.05590119,0
1506113637,22074395,3612.99,0.38769755,0
1506113613,22074388,3612.02,0.15000000,1
1506113606,22074383,3613.04,0.00500000,0
1506113586,22074381,3613.06,0.02539952,0
1506113583,22074379,3613.07,0.04000000,1
1506113552,22074371,3613.63,0.00500000,0
1506113546,22074370,3613.07,0.22850000,0
1506113546,22074369,3613.04,0.87150000,0
1506113534,22074367,3613.12,0.00548769,0
1506113534,22074366,3613.12,0.01641886,0
1506113526,22074365,3613.40,0.12698566,0
1506113505,22074357,3608.37,0.26434845,1
1506113473,22074350,3605.00,0.40000000,1
1506113471,22074349,3608.38,0.00200000,0
1506113469,22074347,3605.01,0.00275265,0
1506113467,22074346,3605.00,1.00000000,1
1506113451,22074339,3605.01,0.33408100,1
1506113449,22074333,3605.00,1.52436948,1
1506113449,22074330,3605.71,0.15187300,1
1506113449,22074329,3605.72,0.15186800,1
1506113449,22074327,3605.75,0.15188200,1
1506113449,22074326,3608.38,0.02783020,1
1506113447,22074323,3608.39,1.00000000,1
1506113447,22074322,3608.39,0.01189492,1
1506113446,22074317,3608.39,1.00000000,0
1506113425,22074297,3614.69,0.02921571,0
1506113420,22074284,3611.02,0.02964190,1
1506113418,22074282,3608.38,0.02964131,0
1506113417,22074277,3608.38,0.02785320,0
1506113392,22074231,3606.38,0.08024936,1
1506113386,22074220,3606.39,0.34319495,0
1506113386,22074219,3606.39,2.65680505,1
1506113383,22074205,3606.39,0.00558395,1
1506113344,22074158,3614.93,0.01606600,0
1506113305,22074148,3607.82,0.04149378,0
1506113305,22074147,3607.82,0.01857725,0
1506113299,22074144,3605.68,1.12850000,1
1506113297,22074143,3605.73,0.87150000,1
1506113289,22074140,3609.41,0.77065200,0
1506113286,22074135,3609.41,0.00500000,0
1506113285,22074134,3609.41,0.16039100,0
1506113283,22074132,3609.41,0.06395700,0
1506113279,22074123,3607.96,1.00000000,1
1506113271,22074116,3611.42,0.97000000,0
1506113268,22074114,3609.41,1.00000000,1
1506113268,22074113,3613.16,0.54500000,1
1506113264,22074112,3610.84,0.02161100,0
1506113261,22074110,3613.16,0.37060386,1
1506113260,22074109,3612.75,2.39229614,0
1506113260,22074108,3612.75,1.60770386,0
1506113252,22074105,3609.91,0.04934713,1
1506113252,22074104,3610.60,0.54400000,0
1506113251,22074101,3611.41,1.08400000,1
1506113248,22074100,3611.42,0.01494702,1
1506113248,22074099,3611.43,0.87150000,1
1506113248,22074098,3612.60,0.03643177,1
1506113246,22074096,3613.36,0.86593659,0
1506113244,22074094,3614.12,0.07017544,1
1506113243,22074093,3612.60,1.04666431,0
1506113241,22074091,3613.33,2.75810000,1
1506113241,22074090,3613.33,0.05440000,1
1506113241,22074089,3613.39,0.87150000,1
1506113238,22074087,3614.44,0.26933569,1
1506113235,22074086,3614.44,0.00750000,0
1506113229,22074082,3614.43,0.03000000,0
1506113226,22074080,3623.00,0.83313346,0
1506113226,22074079,3622.99,0.47466395,0
1506113223,22074077,3622.99,0.00750000,0
1506113222,22074072,3613.33,0.01560000,1
1506113207,22074039,3613.46,0.02205101,1
1506113207,22074038,3614.00,0.01944277,1
1506113205,22074037,3619.73,0.13959651,1
1506113203,22074024,3616.54,0.01000000,0
1506113176,22073974,3613.98,0.02764715,1
1506113151,22073927,3613.49,0.01666024,1
1506113139,22073919,3622.40,0.00294543,0
1506113139,22073918,3613.80,0.12639669,0
1506113138,22073916,3615.74,0.05000000,1
1506113133,22073913,3617.00,1.79845377,1
1506113130,22073912,3617.00,0.04257411,1
1506113127,22073903,3617.00,0.52484502,1
1506113116,22073886,3622.35,1.13286402,0
1506113116,22073885,3622.32,1.00000000,1
1506113112,22073882,3622.37,0.04363909,1
1506113107,22073870,3616.04,0.25654583,0
1506113105,22073866,3616.20,0.00712894,1
1506113105,22073865,3622.40,0.00331300,0
1506113104,22073864,3616.20,0.05628570,1
1506113104,22073863,3613.33,0.01687336,0
1506113099,22073862,3610.00,0.42000000,0
1506113092,22073850,3612.88,1.00000000,1
1506113090,22073839,3612.87,1.00000000,1
1506113089,22073836,3613.29,0.09713693,0
1506113089,22073834,3613.29,0.02000000,0
1506113080,22073816,3613.30,0.24850469,1
1506113066,22073809,3613.31,0.09273044,0
1506113066,22073808,3613.31,0.90669682,1
1506113063,22073803,3615.62,0.00010400,0
1506113063,22073802,3613.37,0.14822300,0
1506113060,22073801,3613.31,0.45500000,1
1506113060,22073800,3613.31,0.54500000,1
1506113051,22073787,3613.30,0.01192100,1
1506113050,22073786,3613.97,1.00000000,0
1506113042,22073780,3615.62,0.07000000,0
1506113030,22073775,3613.88,1.00000000,1
1506113023,22073761,3613.30,1.00000000,0
1506113022,22073759,3613.62,0.10225459,1
1506113022,22073758,3615.61,0.01724458,1
1506113020,22073753,3615.62,0.94399854,0
1506113019,22073751,3615.62,0.05600146,1
1506113018,22073747,3615.62,0.30000000,1
1506113012,22073743,3615.62,0.00500000,1
1506113011,22073742,3615.62,1.00000000,1
1506113009,22073739,3615.62,1.00000000,0
1506112992,22073723,3615.63,0.46267456,1
1506112991,22073722,3615.62,0.37828227,1
1506112985,22073690,3623.33,0.02532753,0
1506112973,22073679,3617.42,0.39229549,1
1506112973,22073678,3623.34,1.00000000,0
1506112971,22073673,3623.34,1.00000000,0
1506112968,22073671,3626.41,0.87500000,0
1506112968,22073670,3625.61,0.10000000,0
1506112968,22073669,3625.61,0.02500000,0
1506112966,22073666,3625.19,1.00000000,0
1506112966,22073664,3625.61,0.00410000,1
1506112964,22073663,3626.49,0.00794544,0
1506112964,22073661,3626.49,1.00000000,0
1506112962,22073660,3628.05,0.76677314,1
1506112961,22073657,3626.42,0.23322686,0
1506112958,22073653,3626.42,0.08715009,1
1506112957,22073652,3626.82,0.00734480,0
1506112956,22073651,3626.42,0.01582419,1
1506112955,22073650,3626.42,0.01722731,1
1506112954,22073646,3626.42,0.24280745,1
1506112953,22073642,3628.05,1.00000000,0
1506112951,22073636,3628.03,0.02846849,1
1506112949,22073633,3626.82,0.00733056,1
1506112948,22073631,3628.07,0.65635500,0
1506112948,22073629,3628.06,0.34364500,0
1506112942,22073622,3628.07,0.12850000,0
1506112941,22073621,3628.04,0.87150000,0
1506112938,22073619,3625.85,0.06315611,1
1506112934,22073614,3624.79,0.08455427,1
1506112934,22073613,3625.01,0.10909391,1
1506112928,22073607,3625.60,0.54477494,0
1506112928,22073606,3625.01,0.45522506,0
1506112927,22073605,3625.61,1.00000000,0
1506112925,22073603,3625.61,0.00806900,0
1506112925,22073601,3625.62,0.83163989,1
1506112925,22073600,3625.61,0.11642180,0
1506112924,22073599,3625.61,0.04693831,0
1506112924,22073598,3625.52,0.00500000,0
1506112924,22073597,3625.28,0.02008392,1
1506112920,22073593,3625.61,1.00000000,0
1506112914,22073588,3619.23,0.05822000,1
1506112910,22073584,3625.68,0.12850000,1
1506112910,22073583,3622.95,0.87150000,0
1506112908,22073579,3625.65,0.07850000,0
1506112907,22073578,3623.00,0.87150000,0
1506112907,22073577,3621.39,0.05000000,0
1506112901,22073561,3613.98,0.01454629,0
1506112891,22073536,3611.61,0.01454204,1
1506112890,22073535,3611.58,0.09392014,0
1506112883,22073533,3604.64,0.00500000,0
1506112882,22073532,3601.10,2.77130000,1
1506112881,22073531,3600.00,0.20000000,1
1506112880,22073530,3600.00,15.27260620,0
1506112880,22073529,3600.00,2.00000000,0
1506112880,22073528,3600.00,5.00000000,0
1506112877,22073522,3600.00,17.03660000,0
1506112873,22073521,3600.00,13.83100000,0
1506112873,22073519,3599.98,1.08300000,0
1506112873,22073517,3599.98,0.08600000,0
1506112870,22073514,3599.98,1.00000000,0
1506112860,22073501,3599.99,0.00600000,0
1506112855,22073498,3599.99,0.01301948,0
1506112846,22073492,3598.99,1.35366103,0
1506112845,22073491,3599.98,0.81567037,0
1506112844,22073490,3599.00,0.00281250,0
1506112837,22073477,3599.00,0.02218750,0
1506112836,22073476,3598.97,7.00000000,1
1506112831,22073463,3598.75,0.03579535,0
1506112829,22073456,3598.79,3.90000000,1
1506112829,22073455,3598.79,5.00000000,1
1506112828,22073448,3599.99,0.12363905,1
1506112824,22073421,3600.00,8.08723859,0
1506112824,22073420,3599.99,4.97663168,0
1506112824,22073419,3599.98,2.77170000,0
1506112824,22073418,3598.00,1.21998529,0
1506112822,22073407,3598.00,0.21001471,0
1506112807,22073338,3595.52,0.04783400,1
1506112807,22073337,3595.52,0.09596000,1
1506112806,22073336,3595.52,0.14003000,1
1506112802,22073328,3595.53,0.13176000,1
1506112802,22073327,3595.53,0.00900000,1
1506112787,22073305,3599.99,0.02336832,0
1506112787,22073304,3599.98,0.67515652,0
1506112786,22073303,3599.98,0.01388800,0
1506112784,22073302,3599.98,0.00900000,0
1506112765,22073296,3599.99,0.03400000,0
1506112764,22073292,3599.99,0.18700000,0
1506112764,22073291,3599.99,0.07010000,0
1506112764,22073290,3599.99,0.02502655,0
1506112763,22073289,3599.99,0.10000000,0
1506112762,22073287,3600.00,0.35624135,0
1506112749,22073277,3599.99,3.68858359,0
1506112749,22073276,3598.03,1.31141641,0
1506112747,22073273,3598.77,5.28636300,1
1506112745,22073272,3598.77,7.00000000,1
1506112743,22073270,3600.00,0.06500000,0
1506112742,22073269,3600.00,5.00000000,0
1506112741,22073268,3600.00,5.00000000,0
1506112741,22073267,3600.00,4.00000000,0
1506112740,22073266,3600.00,6.35131386,1
1506112739,22073265,3601.06,0.79375466,0
1506112738,22073262,3601.06,1.08900000,0
1506112737,22073261,3601.06,0.98095000,0
1506112737,22073260,3601.60,1.09900000,1
1506112736,22073259,3601.60,0.55100000,1
1506112736,22073258,3603.60,0.54800000,1
1506112734,22073250,3609.46,0.36524383,0
1506112733,22073249,3600.00,1.64868614,1
1506112733,22073248,3600.10,0.87150000,1
1506112733,22073247,3607.60,1.75670000,1
1506112733,22073246,3607.60,0.24330000,1
1506112732,22073245,3607.60,0.23840000,1
1506112732,22073244,3608.85,2.76160000,1
1506112731,22073243,3609.46,0.03000000,0
1506112731,22073242,3609.46,0.03000000,0
1506112731,22073241,3609.46,0.03000000,0
1506112731,22073240,3609.46,0.03000000,0
1506112729,22073236,3609.46,0.07800000,0
1506112724,22073231,3601.07,0.24811200,0
1506112720,22073223,3606.77,0.01769265,0
1506112720,22073222,3606.77,0.03000000,0
1506112720,22073221,3606.77,0.03000000,0
1506112719,22073220,3606.77,0.03000000,0
1506112719,22073219,3606.77,0.03000000,0
1506112719,22073217,3606.77,0.03000000,0
1506112718,22073215,3606.77,0.03000000,0
1506112718,22073214,3606.77,0.03000000,0
1506112718,22073213,3606.77,0.03000000,0
1506112717,22073212,3606.77,0.03000000,0
1506112716,22073203,3604.76,0.01458996,0
1506112716,22073202,3604.76,0.02821860,0
1506112714,22073197,3604.76,0.92833334,0
1506112712,22073192,3599.00,0.13189316,0
1506112712,22073190,3599.00,0.89900000,0
1506112711,22073188,3604.77,0.87150000,0
1506112711,22073187,3604.77,0.09760684,0
1506112707,22073186,3606.93,3.94100000,1
1506112707,22073185,3607.00,0.49286314,1
1506112704,22073179,3609.80,0.01460587,0
1506112690,22073170,3612.00,0.01905000,1
1506112682,22073165,3615.00,0.02600000,0
1506112670,22073162,3612.58,0.10000000,1
1506112668,22073161,3615.00,0.02507793,0
1506112667,22073160,3612.00,0.01521100,1
1506112661,22073158,3610.60,0.27588984,1
1506112661,22073157,3611.99,0.07594151,1
1506112659,22073156,3612.00,0.80530137,0
1506112658,22073155,3612.61,0.19469863,1
1506112656,22073154,3616.70,0.27550000,0
1506112652,22073142,3615.47,0.62077090,1
1506112650,22073136,3613.34,0.01905000,1
1506112648,22073124,3614.60,2.76010000,1
1506112648,22073122,3614.71,0.00315169,0
1506112644,22073114,3616.09,2.75740000,1
1506112637,22073111,3619.36,0.56000000,0
1506112633,22073107,3616.80,0.27401900,0
1506112632,22073105,3616.93,0.00500000,1
1506112631,22073102,3616.99,2.75740000,1
1506112626,22073100,3618.00,3.86172910,1
1506112615,22073095,3617.08,0.01000000,1
1506112610,22073090,3620.47,0.48745700,0
1506112607,22073089,3617.03,0.01905000,1
1506112606,22073087,3616.97,0.03308510,1
1506112598,22073086,3623.50,1.23028067,1
1506112594,22073081,3623.50,0.00831933,1
1506112594,22073080,3623.42,2.76140000,0
1506112591,22073078,3624.63,0.02516937,0
1506112589,22073075,3616.93,0.22760591,1
1506112567,22073055,3623.44,0.15178671,0
1506112567,22073054,3616.54,0.01905000,1
1506112536,22073018,3624.19,1.16348188,0
1506112536,22073017,3623.46,0.03739629,0
1506112527,22073001,3617.25,0.01905000,1
1506112518,22072954,3622.10,0.07967499,0
1506112515,22072919,3622.10,0.25524233,0
1506112514,22072901,3622.11,0.39991990,0
1506112512,22072889,3617.32,1.00000000,0
1506112509,22072879,3622.19,0.05997600,0
1506112505,22072847,3622.20,0.49771091,0
1506112504,22072845,3619.00,0.41158909,0
1506112501,22072835,3619.00,0.00275021,0
1506112500,22072833,3622.20,0.05512808,0
1506112490,22072822,3620.95,0.31396220,1
1506112490,22072815,3624.49,0.10258297,1
1506112489,22072809,3624.23,0.01000000,0
1506112489,22072802,3620.00,2.44223780,0
1506112487,22072794,3620.00,0.29000000,0
1506112486,22072793,3620.00,0.20000000,1
1506112486,22072792,3621.42,0.77681220,1
1506112486,22072791,3621.43,0.29095000,1
1506112483,22072783,3621.43,0.01905000,1
1506112476,22072760,3624.22,0.40070905,0
1506112469,22072751,3624.24,0.21138224,0
1506112442,22072733,3621.42,0.01905000,1
1506112431,22072722,3621.42,0.01203237,1
1506112427,22072721,3621.42,0.09757743,1
1506112417,22072719,3624.25,0.04917704,0
1506112411,22072716,3624.22,0.07733633,0
1506112402,22072699,3618.69,0.01905000,1
1506112400,22072696,3624.25,0.18499100,0
1506112399,22072695,3624.15,0.00500000,0
1506112393,22072691,3624.24,0.86108889,0
1506112392,22072688,3624.25,0.68649169,0
1506112390,22072686,3624.25,0.04812915,0
1506112389,22072685,3624.25,0.43994783,0
1506112389,22072681,3624.25,0.02117520,0
1506112388,22072680,3621.73,0.06334541,0
1506112387,22072678,3621.73,0.43958815,0
1506112386,22072677,3621.73,0.14575687,0
1506112386,22072676,3621.73,2.26540481,0
1506112386,22072675,3621.00,0.99580779,0
1506112382,22072672,3621.00,0.00419221,1
1506112381,22072670,3621.00,0.90000000,0
1506112379,22072665,3621.00,0.10000000,1
1506112369,22072651,3621.42,1.00000000,1
1506112368,22072647,3624.85,0.02116692,0
1506112367,22072646,3622.22,0.03022665,0
1506112360,22072643,3623.41,0.01905000,1
1506112357,22072641,3624.86,0.00140689,1
1506112355,22072640,3625.01,4.00000000,1
1506112353,22072637,3625.00,0.64482059,1
1506112353,22072636,3625.00,5.00000000,1
1506112353,22072634,3625.00,3.35517941,1
1506112352,22072633,3625.00,1.64482059,1
1506112350,22072630,3626.02,1.29602849,0
1506112340,22072621,3625.00,0.42958866,1
1506112340,22072620,3625.20,2.75250000,1
1506112340,22072619,3626.00,0.94285352,1
1506112333,22072617,3629.31,0.23531825,0
1506112329,22072612,3629.32,0.14287600,0
1506112327,22072611,3626.01,0.87505782,1
1506112315,22072593,3626.00,0.01905000,1
1506112307,22072583,3629.28,1.03820000,0
1506112306,22072582,3629.28,0.59113680,0
1506112306,22072581,3629.25,0.08270192,0
1506112306,22072580,3629.25,0.88262718,0
1506112275,22072549,3626.00,0.01905000,1
1506112272,22072544,3626.01,0.02842626,1
1506112266,22072539,3631.00,0.08029700,0
1506112266,22072538,3631.00,0.05494354,0
1506112263,22072537,3631.00,0.10599200,0
1506112256,22072532,3631.00,0.48000000,0
1506112248,22072529,3631.00,0.14097552,0
1506112248,22072527,3631.00,0.05100000,0
1506112247,22072526,3630.97,0.06563735,0
1506112233,22072505,3625.01,0.01905000,1
1506112225,22072490,3630.97,0.02098713,0
1506112206,22072457,3631.09,0.03916635,0
1506112206,22072456,3631.09,0.25550730,0
1506112200,22072453,3625.00,1.19745083,0
1506112194,22072448,3623.07,0.01905000,1
1506112190,22072445,3625.00,0.01000000,0
1506112175,22072427,3624.99,0.39121744,1
1506112174,22072426,3624.99,0.01379300,1
1506112174,22072425,3624.99,0.20000000,1
1506112166,22072416,3625.00,0.28480276,0
1506112164,22072415,3624.99,0.20000000,1
1506112154,22072403,3624.99,0.00148956,1
1506112153,22072402,3624.99,0.01756044,1
1506112141,22072391,3625.00,0.01718541,0
1506112112,22072373,3620.90,0.01905000,1
1506112111,22072372,3625.00,0.13468478,0
1506112108,22072369,3625.00,1.09800000,0
1506112103,22072366,3620.01,0.06326000,1
1506112101,22072361,3621.97,3.90200000,0
1506112100,22072360,3622.00,1.09800000,1
1506112097,22072355,3630.01,0.05006850,1
1506112095,22072352,3630.00,9.54490037,1
1506112090,22072349,3630.00,0.01000000,1
1506112090,22072348,3630.00,0.06000000,1
1506112090,22072347,3630.00,1.89171097,1
1506112089,22072345,3630.00,0.01000000,0
1506112089,22072344,3630.00,0.05000000,0
1506112089,22072343,3630.00,0.04600000,0
1506112089,22072342,3629.91,8.43000000,0
1506112089,22072341,3629.87,0.00764819,0
1506112089,22072340,3628.00,1.00000000,0
1506112089,22072339,3628.00,0.04600000,0
1506112088,22072338,3627.76,6.93000000,0
1506112088,22072337,3627.01,0.06400000,0
1506112088,22072336,3627.00,0.39000000,0
1506112088,22072335,3626.94,0.12009000,0
1506112088,22072334,3626.72,0.13286278,0
1506112088,22072333,3626.00,0.04600000,0
1506112088,22072332,3625.55,7.04108141,0
1506112087,22072331,3625.32,2.40751596,0
1506112087,22072330,3625.31,0.01029587,0
1506112087,22072329,3625.09,0.00693507,0
1506112087,22072328,3625.00,0.10000000,0
1506112087,22072327,3624.00,0.05000000,0
1506112087,22072326,3624.00,0.04600000,0
1506112087,22072324,3623.39,7.30000000,0
1506112086,22072323,3622.00,0.20000000,0
1506112086,22072322,3622.00,0.03200000,0
1506112086,22072321,3622.00,0.03200000,0
1506112086,22072320,3622.00,0.10000000,0
1506112086,22072319,3622.00,0.04600000,0
1506112086,22072318,3621.96,0.01000000,0
1506112086,22072317,3621.35,7.97000000,0
1506112085,22072316,3620.00,0.50000000,0
1506112085,22072315,3620.00,0.14424131,0
1506112085,22072314,3620.00,0.04600000,0
1506112085,22072313,3619.00,3.00000000,0
1506112085,22072311,3619.00,6.89762079,0
1506112085,22072310,3619.00,0.46463932,0
1506112085,22072309,3618.56,7.63000000,0
1506112084,22072308,3618.00,0.04600000,0
1506112084,22072307,3617.97,6.70523510,0
1506112084,22072306,3617.00,0.95003293,0
1506112084,22072305,3616.98,0.10000000,0
1506112081,22072302,3616.98,0.02407903,1
1506112072,22072297,3615.99,0.01197000,1
1506112070,22072295,3617.00,0.04996707,0
1506112070,22072294,3616.00,0.04600000,0
1506112054,22072282,3615.97,0.01368377,0
1506112043,22072264,3615.63,0.01031051,0
1506112029,22072245,3614.99,0.01792000,1
1506112024,22072243,3615.00,0.95993084,0
1506112017,22072240,3615.00,14.38157261,0
1506112016,22072239,3615.00,0.60500000,0
1506112016,22072238,3615.00,0.01342739,0
1506112002,22072232,3615.00,0.01657261,0
1506112002,22072231,3615.00,0.03000000,0
1506112000,22072225,3614.00,0.00889154,0
1506111999,22072224,3614.00,0.03710846,0
1506111996,22072222,3613.01,0.19329400,1
1506111996,22072221,3613.04,0.05000000,1
1506111995,22072220,3613.04,0.05000000,0
1506111994,22072219,3613.00,0.05000000,0
1506111992,22072217,3611.99,0.04412900,1
1506111992,22072216,3611.99,0.13637500,1
1506111991,22072214,3612.00,0.05400000,1
1506111990,22072209,3612.00,0.04600000,0
1506111981,22072204,3610.00,0.08856080,1
1506111980,22072202,3610.00,0.07000000,1
1506111979,22072201,3610.01,1.91579000,1
1506111977,22072199,3610.00,54.75028700,0
1506111977,22072198,3610.00,37.82362083,0
1506111976,22072197,3610.00,7.42609217,0
1506111975,22072196,3610.00,0.10997758,0
1506111975,22072195,3610.00,0.04600000,0
1506111975,22072194,3609.99,0.08000000,0
1506111975,22072193,3609.99,7.33793025,0
1506111973,22072190,3609.99,0.10088394,0
1506111972,22072189,3609.99,0.09665698,0
1506111972,22072188,3609.99,0.14792750,0
1506111971,22072186,3608.54,0.01905000,1
1506111966,22072178,3609.99,1.30442537,0
1506111966,22072177,3609.98,0.27317463,0
1506111958,22072169,3609.98,0.01663995,0
1506111940,22072160,3609.99,0.02076188,0
1506111939,22072159,3609.99,0.57912802,0
1506111939,22072158,3609.99,0.41228606,0
1506111939,22072157,3609.97,0.35423558,0
1506111937,22072156,3604.17,0.01500000,1
1506111937,22072155,3609.97,0.51726442,0
1506111937,22072154,3609.53,0.00800000,0
1506111937,22072153,3609.00,0.25790015,0
1506111936,22072152,3608.00,0.04600000,0
1506111936,22072151,3606.98,0.01603200,0
1506111935,22072150,3606.98,0.00276165,0
1506111930,22072147,3602.35,0.06000000,1
1506111926,22072140,3606.71,3.52942409,0
1506111926,22072139,3606.00,0.00962681,0
1506111926,22072138,3606.00,0.03637319,0
1506111926,22072137,3605.00,0.01000000,0
1506111925,22072136,3605.00,0.66421018,0
1506111923,22072135,3605.00,0.03374023,0
1506111915,22072126,3605.00,0.01532137,0
1506111906,22072124,3605.00,0.12728155,0
1506111904,22072122,3605.00,0.10000000,0
1506111894,22072118,3605.00,0.00270000,0
1506111856,22072105,3605.00,0.03239716,0
1506111826,22072037,3601.01,0.08846519,1
1506111823,22072032,3605.00,0.02434951,0
1506111817,22072030,3604.99,0.01490157,0
1506111757,22072007,3599.95,0.61551837,1
1506111752,22072005,3604.99,0.62929880,0
1506111744,22071991,3600.22,0.00276159,1
1506111744,22071990,3600.25,0.99723841,1
1506111736,22071987,3604.01,0.02865090,1
1506111732,22071982,3604.00,0.00000500,0
1506111728,22071978,3604.00,0.03668123,0
1506111728,22071977,3604.00,0.00931377,0
1506111723,22071963,3602.99,0.16030360,0
1506111716,22071914,3602.99,0.36314964,0
1506111689,22071877,3602.99,0.20062957,0
1506111689,22071876,3602.99,0.34793638,0
1506111679,22071858,3602.99,0.91106762,0
1506111667,22071851,3600.01,0.01193268,1
1506111666,22071850,3600.22,0.00276159,0
1506111647,22071839,3602.99,0.14220000,0
1506111646,22071837,3600.01,0.28200000,1
1506111645,22071836,3602.99,0.02500000,0
1506111638,22071831,3602.99,1.45638248,0
1506111636,22071828,3600.00,4.46732879,0
1506111636,22071827,3600.00,5.00000000,0
1506111635,22071826,3600.00,0.20970300,0
1506111617,22071810,3602.99,0.22769957,0
1506111615,22071808,3602.99,0.11148942,0
1506111602,22071799,3600.00,2.87351752,0
1506111593,22071787,3600.00,0.19392000,0
1506111590,22071783,3600.00,1.99739526,0
1506111588,22071775,3600.00,0.01748600,0
1506111587,22071771,3600.00,0.07988159,0
1506111585,22071766,3600.00,0.35183135,0
1506111579,22071761,3600.00,0.04096828,0
1506111579,22071760,3599.99,0.01000000,0
1506111579,22071759,3599.99,1.56957847,0
1506111577,22071758,3599.99,0.04496976,0
1506111574,22071754,3599.99,0.01748100,0
1506111574,22071753,3599.99,0.18877715,0
1506111573,22071751,3599.99,0.55859201,0
1506111573,22071749,3599.99,0.20688783,0
1506111573,22071747,3599.99,0.13890386,0
1506111571,22071739,3599.99,0.05477220,0
1506111571,22071738,3599.99,0.28881035,0
1506111567,22071724,3599.99,0.20635000,0
1506111566,22071720,3599.99,0.02674700,0
1506111565,22071716,3599.99,0.36749202,0
1506111563,22071697,3599.99,0.08333356,0
1506111562,22071692,3599.99,0.10887084,0
1506111518,22071669,3594.02,0.05338173,1
1506111497,22071652,3599.99,0.00986392,0
1506111474,22071636,3599.99,0.12857003,0
1506111430,22071578,3602.99,0.19644068,0
1506111430,22071577,3602.97,0.07500000,0
1506111428,22071572,3602.99,0.08195070,0
1506111426,22071571,3602.97,0.02170185,0
1506111419,22071555,3602.99,4.48043430,0
1506111398,22071524,3602.71,0.01090195,0
1506111371,22071505,3590.41,0.02000000,1
1506111353,22071492,3601.96,1.74130620,1
1506111352,22071491,3601.96,0.27738970,1
1506111351,22071490,3601.96,0.13321000,0
1506111351,22071489,3598.89,0.01000000,0
1506111351,22071488,3595.00,0.02318217,0
1506111332,22071481,3595.00,5.00000000,0
1506111328,22071480,3595.00,0.07623729,0
1506111318,22071475,3595.00,0.27158054,0
1506111310,22071474,3595.00,0.20000000,0
1506111295,22071459,3598.35,0.11870200,0
1506111288,22071437,3598.36,0.29226593,0
1506111288,22071436,3598.36,0.35726702,0
1506111288,22071435,3598.33,0.31778517,0
1506111286,22071434,3589.43,0.11761420,1
1506111256,22071407,3598.88,0.02301827,0
1506111244,22071405,3598.50,0.01376300,0
1506111236,22071403,3598.54,0.03804239,1
1506111226,22071398,3588.24,0.01437000,1
1506111219,22071395,3598.59,0.01338648,1
1506111212,22071392,3598.57,0.31540000,0
1506111204,22071388,3598.70,0.04502835,0
1506111188,22071376,3598.78,0.65136796,0
1506111186,22071368,3598.78,0.49751808,0
1506111185,22071366,3598.78,0.08218350,1
1506111156,22071351,3598.99,0.09207670,1
1506111154,22071347,3598.87,1.09100000,0
1506111142,22071332,3598.81,0.03338274,0
1506111136,22071327,3598.88,0.01271463,0
1506111136,22071325,3588.51,0.03148677,1
1506111136,22071324,3588.51,0.01364903,1
1506111134,22071322,3598.87,0.55709071,0
1506111133,22071321,3598.87,0.05895600,0
1506111133,22071320,3598.87,0.14104400,0
1506111124,22071311,3598.88,0.01800000,0
1506111091,22071297,3588.00,0.02525619,0
1506111091,22071296,3588.00,0.06891203,0
1506111090,22071295,3588.00,0.04878797,0
1506111087,22071294,3588.00,1.00000000,0
1506111087,22071293,3589.41,1.10400000,1
1506111087,22071292,3591.38,2.75304381,1
1506111076,22071289,3590.40,0.02525619,0
1506111066,22071287,3592.84,2.77970000,1
1506111064,22071286,3594.39,0.02000000,0
1506111052,22071284,3593.77,2.77540000,1
1506111047,22071283,3594.38,2.77480000,1
1506111044,22071280,3599.06,0.19031600,0
1506111038,22071279,3594.46,0.25000000,1
1506111036,22071277,3594.46,0.14131500,1
1506111014,22071264,3594.42,0.00841091,1
1506111014,22071263,3596.00,0.27637597,1
1506111006,22071259,3602.95,0.03225000,0
1506111005,22071258,3596.00,0.05700000,1
1506110986,22071251,3602.97,0.02037303,0
1506110969,22071248,3602.95,1.03296375,0
1506110969,22071247,3602.94,0.07912096,0
1506110968,22071246,3602.94,0.02087904,1
1506110968,22071245,3602.95,0.01616700,0
1506110962,22071242,3602.97,0.00745500,1
1506110959,22071241,3596.00,0.16662403,1
1506110952,22071239,3602.96,0.02672500,0
1506110945,22071235,3602.97,0.00259819,0
1506110918,22071219,3602.98,0.00709473,0
1506110918,22071218,3599.38,0.00320527,0
1506110917,22071217,3595.01,0.11116500,1
1506110909,22071214,3602.98,0.02596477,0
1506110907,22071213,3595.00,1.00000000,1
1506110907,22071212,3595.16,4.00000000,1
1506110896,22071209,3595.00,0.05282000,1
1506110890,22071207,3602.99,0.00975600,0
1506110887,22071204,3595.00,0.09286848,1
1506110886,22071203,3602.99,0.29291883,1
1506110884,22071202,3602.98,0.01667232,0
1506110879,22071196,3602.98,0.75190391,1
1506110879,22071195,3602.98,0.03357573,1
1506110879,22071194,3602.98,0.28400000,0
1506110879,22071193,3602.98,0.22567049,0
1506110866,22071189,3594.18,0.22567049,1
1506110866,22071188,3594.60,0.05314951,1
1506110864,22071187,3594.60,4.24685049,0
1506110856,22071186,3595.00,0.09000000,0
1506110854,22071182,3595.43,0.01000000,1
1506110838,22071180,3594.74,0.79904456,1
1506110838,22071179,3594.74,1.94395544,1
1506110829,22071174,3594.60,0.57580000,1
1506110825,22071172,3602.96,0.35517286,0
1506110823,22071168,3594.17,1.89440000,1
1506110822,22071167,3594.18,1.93920000,1
1506110822,22071166,3594.18,0.59060000,1
1506110815,22071164,3594.17,0.57580000,1
1506110811,22071163,3601.24,0.04296141,0
1506110808,22071161,3596.70,0.03440159,0
1506110806,22071158,3591.95,0.13253000,1
1506110783,22071156,3602.99,1.28556004,0
1506110783,22071155,3601.47,8.11000000,0
1506110783,22071154,3601.47,0.31800000,1
1506110783,22071153,3601.39,5.56610000,1
1506110782,22071151,3601.01,0.11000000,1
1506110782,22071150,3601.01,7.50050000,1
1506110781,22071149,3600.00,0.00189310,0
1506110781,22071148,3599.08,8.36446100,0
1506110781,22071147,3595.86,3.25841200,0
1506110780,22071146,3595.83,9.87776573,0
1506110780,22071145,3595.83,2.77890000,1
1506110780,22071144,3595.82,4.00000000,1
1506110778,22071143,3595.79,2.78500000,0
1506110776,22071142,3595.79,1.00659403,0
1506110770,22071140,3595.83,0.12223427,0
1506110760,22071134,3584.92,0.19634459,0
1506110760,22071133,3584.92,0.00203240,0
1506110760,22071131,3584.92,0.00162301,0
1506110758,22071128,3595.81,0.12393900,0
1506110744,22071125,3586.15,0.10000000,0
1506110706,22071104,3595.82,0.25798844,0
1506110681,22071055,3594.00,0.00978300,0
1506110672,22071050,3595.79,0.00325499,0
1506110620,22071045,3595.83,1.29925736,1
1506110619,22071044,3594.02,0.70074264,1
1506110615,22071043,3595.86,0.00203240,1
1506110614,22071042,3595.86,0.00150097,1
1506110614,22071041,3591.43,0.15500000,1
1506110612,22071040,3585.13,0.01569827,0
1506110612,22071039,3585.13,0.01114513,0
1506110597,22071037,3594.47,0.66695953,1
1506110596,22071036,3594.47,0.01000000,1
1506110595,22071035,3588.71,0.82304047,0
1506110594,22071034,3588.72,0.10040527,1
1506110594,22071033,3588.73,1.85965426,1
1506110582,22071027,3588.72,0.13067571,1
1506110576,22071026,3588.73,0.06932429,1
1506110564,22071011,3588.73,0.04205096,1
1506110543,22070990,3581.59,1.00000000,1
1506110532,22070986,3591.26,0.01411803,0
1506110528,22070981,3581.84,1.00000000,0
1506110527,22070976,3589.26,0.17763130,1
1506110527,22070975,3589.26,0.51113444,1
1506110526,22070974,3589.26,0.15301953,1
1506110526,22070973,3589.26,0.49840236,1
1506110526,22070972,3589.26,1.34793385,1
1506110526,22070971,3589.26,0.28531733,1
1506110526,22070970,3589.26,0.08117774,1
1506110526,22070969,3589.26,0.09227903,1
1506110526,22070968,3589.26,0.09610954,1
1506110524,22070967,3581.57,0.19994488,0
1506110524,22070966,3581.57,0.01600000,0
1506110524,22070964,3589.24,0.68259342,1
1506110524,22070963,3589.24,0.10146170,1
1506110523,22070962,3589.24,0.51458192,1
1506110522,22070961,3589.25,0.06822747,1
1506110521,22070958,3588.75,0.01603472,0
1506110520,22070957,3583.05,1.00000000,1
1506110513,22070947,3589.25,0.16433904,0
1506110513,22070944,3583.05,0.68060568,0
1506110512,22070931,3583.10,0.16702032,1
1506110512,22070930,3586.40,0.15237400,1
1506110511,22070927,3589.26,0.11357876,0
1506110510,22070923,3583.13,0.71970200,1
1506110510,22070922,3589.11,0.28029800,1
1506110508,22070898,3583.11,0.97216618,1
1506110507,22070896,3585.58,0.02783382,1
1506110507,22070895,3586.10,0.01000000,0
1506110506,22070891,3586.10,0.10887437,0
1506110504,22070878,3583.10,0.08366847,0
1506110504,22070875,3583.10,0.00557790,0
1506110503,22070873,3583.10,0.00200000,1
1506110500,22070861,3586.74,0.00700543,0
1506110495,22070838,3583.42,0.08035867,1
1506110495,22070837,3586.74,0.91964133,1
1506110494,22070836,3591.33,0.39613254,0
1506110493,22070834,3583.42,0.45100000,1
1506110493,22070833,3583.59,0.54900000,1
1506110491,22070831,3585.59,0.55000000,1
1506110487,22070822,3587.42,0.39652393,1
1506110482,22070819,3587.42,2.77810000,0
1506110475,22070814,3587.09,0.93757600,0
1506110473,22070812,3587.09,0.01500000,1
1506110473,22070810,3587.09,0.04742400,1
1506110467,22070805,3591.47,0.12765336,0
1506110466,22070803,3589.03,1.00000000,1
1506110465,22070802,3589.39,2.78110000,1
1506110465,22070801,3591.00,2.98186455,1
1506110464,22070799,3591.01,1.00000000,1
1506110461,22070797,3595.76,0.02500000,0
1506110460,22070795,3591.00,1.00000000,1
1506110458,22070794,3591.01,1.00000000,1
1506110458,22070792,3595.85,0.04170605,0
1506110450,22070790,3595.86,0.09262272,1
1506110418,22070786,3591.01,0.31100000,1
1506110418,22070785,3591.01,1.00000000,1
1506110414,22070784,3591.01,1.00000000,0
1506110411,22070783,3591.00,1.00000000,1
1506110405,22070782,3591.00,0.00700000,1
1506110405,22070781,3597.60,0.11000000,1
1506110376,22070776,3595.93,0.01347372,0
1506110346,22070756,3595.93,0.65220958,0
1506110346,22070755,3595.93,0.12759981,0
1506110311,22070744,3603.32,0.06428554,0
1506110298,22070739,3592.64,0.70085052,0
1506110298,22070738,3592.64,0.96654948,0
1506110297,22070737,3592.64,0.20000000,1
1506110297,22070736,3593.93,1.10400000,1
1506110291,22070734,3595.93,0.03624802,0
1506110291,22070733,3595.93,0.07591442,0
1506110287,22070731,3593.90,0.15515713,1
1506110287,22070730,3603.89,1.00000000,1
1506110280,22070718,3603.89,0.06063545,0
1506110279,22070717,3603.89,0.13036455,1
1506110279,22070716,3603.89,0.73376333,1
1506110278,22070714,3603.89,0.00737212,0
1506110278,22070713,3603.89,0.12850000,0
1506110274,22070711,3600.72,0.49542200,1
1506110270,22070709,3603.89,0.01406097,0
1506110269,22070708,3592.82,0.00500000,1
1506110268,22070706,3603.88,0.41375283,0
1506110268,22070705,3603.87,0.03576126,0
1506110268,22070704,3603.84,0.55048591,0
