date,tid,price,amount,type
1506124811,22081603,0.07283218,0.20000000,1
1506124609,22081489,0.07299999,4.35738415,0
1506124608,22081488,0.07295968,1.86500018,0
1506124604,22081464,0.07295968,5.01999982,0
1506124536,22081414,0.07295973,0.49987842,0
1506124535,22081407,0.07295974,0.26281536,0
1506124528,22081403,0.07295974,0.35790971,0
1506124525,22081393,0.07295974,3.14768394,0
1506124487,22081387,0.07283001,0.26328305,1
1506124478,22081376,0.07283801,2.50000000,1
1506124465,22081373,0.07285000,0.30300000,1
1506124465,22081372,0.07290000,0.17446736,1
1506124465,22081371,0.07291104,0.17269218,1
1506124320,22081350,0.07290000,3.08749406,0
1506124315,22081346,0.07290000,0.43239494,0
1506124315,22081345,0.07289300,0.00005506,0
1506124314,22081344,0.07289300,4.99994494,0
1506124314,22081342,0.07280000,0.00005006,0
1506124173,22081294,0.07280000,1.10664994,0
1506124164,22081291,0.07280000,0.13720500,1
1506124159,22081290,0.07281000,0.13720000,1
1506124159,22081289,0.07288000,0.05337305,1
1506123822,22081239,0.07288000,0.40000000,1
1506123781,22081233,0.07288698,1.00000000,0
1506123706,22081158,0.07278000,0.47129500,0
1506123703,22081153,0.07276000,0.23244100,1
1506123702,22081152,0.07276001,2.74000000,1
1506123693,22081145,0.07279300,4.89882554,1
1506123683,22081142,0.07279300,0.10112162,0
1506123683,22081140,0.07280000,0.47130000,1
1506123570,22081041,0.07290777,1.48011100,0
1506123384,22080785,0.07287499,0.26328305,0
1506123150,22080655,0.07276100,0.13743627,1
1506123121,22080635,0.07291109,10.00000000,0
1506122739,22080439,0.07283800,1.23259569,0
1506122739,22080438,0.07283800,0.00000172,0
1506122324,22080317,0.07283800,0.15599026,0
1506122106,22080280,0.07282000,0.30240815,0
1506121863,22080250,0.07275968,2.52867971,0
1506121863,22080249,0.07275000,0.47132029,0
1506121682,22080227,0.07269400,0.89755193,1
1506121108,22080116,0.07251000,4.00000000,1
1506121107,22080115,0.07253900,5.00000000,1
1506121075,22080109,0.07256000,0.30392779,1
1506121007,22080063,0.07256000,0.47132029,1
1506120984,22080050,0.07254800,2.28911000,1
1506120963,22080037,0.07265000,0.25000000,0
1506120948,22080032,0.07264999,0.58698155,0
1506120946,22080030,0.07265000,4.10000000,0
1506120936,22080026,0.07254000,0.20309577,0
1506120927,22080023,0.07255000,0.13754272,0
1506120825,22079973,0.07252000,0.34063849,1
1506120817,22079967,0.07268157,0.22020100,0
1506120799,22079917,0.07261964,0.50000247,0
1506120794,22079910,0.07261964,0.08988000,0
1506120790,22079900,0.07261964,0.50008510,0
1506120785,22079892,0.07261964,0.50000000,0
1506120784,22079889,0.07261964,0.05502420,0
1506120782,22079885,0.07257824,0.19497580,0
1506120259,22079773,0.07259100,5.00000000,1
1506120247,22079770,0.07259100,0.10629100,1
1506120192,22079758,0.07259300,0.94131600,1
1506119642,22079516,0.07283800,1.60000000,0
1506119522,22079497,0.07282800,0.35630200,0
1506119359,22079429,0.07280100,5.00000000,0
1506118737,22079090,0.07277600,5.00000000,0
1506118222,22078798,0.07277000,1.37400000,1
1506118197,22078781,0.07276999,2.46134496,0
1506118197,22078780,0.07276998,0.24121238,0
1506118180,22078736,0.07277799,2.19111971,0
1506118177,22078728,0.07277799,0.53522676,0
1506118177,22078727,0.07277799,1.78981900,0
1506118176,22078726,0.07275800,0.66510164,0
1506118174,22078722,0.07275800,0.18379320,0
1506118174,22078721,0.07275800,3.38017023,0
1506118173,22078719,0.07275800,0.19566220,0
1506118173,22078718,0.07275800,0.57527273,0
1506118132,22078651,0.07284400,3.35790669,0
1506118120,22078630,0.07268600,3.36520556,0
1506118117,22078621,0.07291990,1.63479444,1
1506118115,22078616,0.07291990,3.32667633,0
1506118115,22078615,0.07267700,0.19637396,0
1506118115,22078614,0.07267699,1.46029451,0
1506118111,22078611,0.07267700,4.80362604,0
1506118069,22078525,0.07256001,0.12315314,1
1506118066,22078519,0.07263599,2.76908326,0
1506118066,22078518,0.07263599,0.13769174,0
1506118053,22078491,0.07262599,0.12315314,1
1506118000,22078423,0.07263500,0.89589000,0
1506117961,22078388,0.07267699,0.03312613,0
1506117961,22078387,0.07267699,0.25100449,0
1506117950,22078378,0.07270699,0.12325820,0
1506117940,22078368,0.07271899,4.06158557,0
1506117923,22078341,0.07274900,0.16379677,0
1506117911,22078334,0.07264299,0.79879400,0
1506117911,22078333,0.07263000,5.00000000,0
1506117908,22078331,0.07264299,0.20000000,0
1506117901,22078325,0.07264299,0.20000000,0
1506117878,22078305,0.07264299,3.62362900,0
1506117873,22078298,0.07253288,4.02160504,1
1506117872,22078296,0.07253288,1.14936640,1
1506117842,22078273,0.07264899,1.00000000,0
1506117534,22077976,0.07265197,0.20000000,1
1506117527,22077971,0.07246003,0.19704859,1
1506117510,22077962,0.07261199,0.50000000,0
1506117503,22077959,0.07261199,0.50000000,0
1506117497,22077957,0.07254999,0.50000000,0
1506117492,22077930,0.07254999,0.50000000,0
1506117490,22077925,0.07255000,0.19600000,0
1506117487,22077914,0.07262993,0.35000000,0
1506117481,22077912,0.07262994,0.19599961,0
1506117481,22077911,0.07262000,0.30400000,0
1506117481,22077910,0.07253100,0.00000039,0
1506117479,22077908,0.07253100,4.49999961,0
1506117479,22077907,0.07253099,10.60776939,0
1506117477,22077906,0.07253100,0.50000000,0
1506117472,22077903,0.07263697,18.40190126,0
1506117471,22077899,0.07263697,0.02980000,0
1506117471,22077898,0.07263000,0.47020000,0
1506117468,22077894,0.07232227,2.29794000,1
1506117468,22077893,0.07240200,5.00000000,1
1506117468,22077891,0.07245000,0.30400000,1
1506117462,22077883,0.07245000,0.47020000,1
1506117461,22077882,0.07244003,0.47130348,1
1506117459,22077876,0.07244000,4.52869652,0
1506117458,22077875,0.07232227,7.58520357,1
1506117458,22077874,0.07244000,0.47130348,0
1506117453,22077859,0.07232223,6.66072410,1
1506117452,22077857,0.07245499,0.50000000,0
1506117452,22077856,0.07233001,0.45256112,1
1506117449,22077850,0.07245500,0.50000000,0
1506117444,22077839,0.07232218,10.18500827,1
1506117443,22077833,0.07254796,0.50000000,0
1506117438,22077821,0.07232220,0.19847882,1
1506117437,22077819,0.07244100,0.50000000,0
1506117435,22077812,0.07244100,2.77494900,0
1506117434,22077808,0.07244100,0.19718938,0
1506117434,22077805,0.07242015,1.00386500,0
1506117434,22077803,0.07242015,0.20000000,0
1506117428,22077775,0.07242015,9.26850100,0
1506117427,22077768,0.07242015,23.76405400,0
1506117427,22077765,0.07242014,10.62332902,0
1506117425,22077755,0.07244000,5.00000000,1
1506117420,22077748,0.07242015,3.87380142,1
1506117419,22077743,0.07242015,13.74548008,1
1506117419,22077741,0.07254000,0.00006892,1
1506117418,22077736,0.07254000,1.99993108,1
1506117413,22077723,0.07254800,8.62332902,0
1506117412,22077716,0.07254800,5.00000000,1
1506117409,22077712,0.07254800,2.00000000,0
1506117409,22077707,0.07254800,3.00000000,1
1506117409,22077705,0.07254800,2.00000000,1
1506117405,22077692,0.07257000,5.00000000,1
1506117405,22077690,0.07257000,0.36598293,1
1506117405,22077687,0.07257000,0.55319881,1
1506117263,22077514,0.07272589,0.18228000,0
1506117183,22077443,0.07270000,0.20000000,0
1506117043,22077407,0.07257000,0.18211037,1
1506117042,22077406,0.07257000,1.97635353,1
1506116949,22077359,0.07270399,5.11241299,0
1506116879,22077309,0.07257000,2.28833729,1
1506116877,22077308,0.07257001,0.12461921,1
1506116865,22077302,0.07270092,0.20000000,0
1506116855,22077286,0.07270095,0.19955746,0
1506116854,22077285,0.07270095,0.98857446,0
1506116851,22077283,0.07270096,0.19955746,0
1506116836,22077281,0.07268197,0.20000000,0
1506116824,22077276,0.07268200,0.20000000,0
1506116805,22077270,0.07260000,0.30300000,0
1506116794,22077256,0.07260915,0.50000000,0
1506116792,22077249,0.07260914,0.29554710,0
1506116783,22077225,0.07278899,0.20000000,0
1506116762,22077193,0.07272300,5.00000000,1
1506116756,22077190,0.07273200,5.00000000,1
1506116730,22077144,0.07290977,0.29344096,0
1506116549,22077042,0.07289799,0.09107622,0
1506116515,22077029,0.07287400,0.33325618,0
1506116284,22076948,0.07280300,3.79385000,0
1506116282,22076946,0.07278089,1.20615000,0
1506116249,22076925,0.07278089,0.20000000,0
1506116202,22076897,0.07278159,0.20000000,0
1506116191,22076889,0.07278572,0.20000000,0
1506116173,22076867,0.07270800,5.00000000,1
1506116168,22076864,0.07271300,3.72000000,1
1506116168,22076863,0.07275174,1.28000000,1
1506116167,22076862,0.07274000,0.30300000,1
1506116167,22076861,0.07275174,1.45641021,1
1506116166,22076860,0.07275174,1.02358979,1
1506116166,22076859,0.07275174,0.20000000,1
1506116166,22076858,0.07275174,0.06213621,1
1506116152,22076853,0.07275174,2.50000000,1
1506116119,22076838,0.07290882,0.92824934,0
1506116105,22076832,0.07290890,0.15036000,0
1506116072,22076792,0.07290906,0.15036000,0
1506116061,22076781,0.07290912,0.15036000,0
1506116015,22076747,0.07290935,0.21826219,0
1506116008,22076745,0.07275174,0.19786379,1
1506115982,22076706,0.07290952,1.00000000,0
1506115667,22076534,0.07273527,0.18237611,1
1506115555,22076456,0.07290240,0.75295650,1
1506115554,22076455,0.07290240,2.76000000,0
1506115477,22076419,0.07290261,2.57171739,0
1506115453,22076415,0.07290268,0.41048121,0
1506115432,22076408,0.07280100,0.47883885,0
1506115432,22076404,0.07290000,0.04315415,1
1506115383,22076384,0.07290000,0.16598685,1
1506115360,22076375,0.07290000,0.46585900,1
1506115322,22076342,0.07290969,0.21313400,0
1506115208,22076194,0.07277000,0.46585900,1
1506115121,22076008,0.07291991,0.94994688,0
1506115118,22076000,0.07291991,0.89724441,0
1506115097,22075855,0.07291997,0.73071456,0
1506115097,22075853,0.07278000,0.00004544,0
1506115096,22075845,0.07278000,0.46815456,0
1506115093,22075835,0.07273800,1.90250802,1
1506115093,22075833,0.07278001,2.76000000,1
1506115092,22075826,0.07279000,0.46820000,1
1506115022,22075731,0.07277900,0.20859700,1
1506114906,22075679,0.07293898,0.43789371,0
1506114809,22075644,0.07280000,0.16899000,1
1506114745,22075606,0.07279800,0.06829153,1
1506114745,22075605,0.07283996,0.08553147,1
1506114664,22075454,0.07287800,0.45136710,1
1506114662,22075443,0.07283996,0.08553290,0
1506114608,22075294,0.07279692,0.33329108,0
1506114414,22074992,0.07263800,0.32630785,0
1506114412,22074989,0.07263801,0.08553290,1
1506114404,22074986,0.07279993,0.27071738,0
1506114394,22074978,0.07279993,1.75762822,0
1506114381,22074961,0.07279992,0.17091200,0
1506114289,22074898,0.07279994,0.89370019,0
1506114286,22074896,0.07279994,1.06676794,0
1506114208,22074806,0.07279996,0.16692425,0
1506114157,22074778,0.07267500,0.49999500,1
1506114154,22074773,0.07267500,2.15763408,1
1506114146,22074768,0.07283798,0.34055103,0
1506114095,22074709,0.07279097,0.10802923,0
1506114088,22074706,0.07279098,0.37209061,0
1506114072,22074698,0.07270300,2.28276688,1
1506114071,22074697,0.07270300,0.52100000,1
1506114069,22074692,0.07279100,0.17916546,1
1506114069,22074691,0.07279100,0.17091200,1
1506114061,22074680,0.07280295,1.90626426,0
1506114056,22074677,0.07280295,0.87942239,0
1506114046,22074670,0.07279100,0.09027198,0
1506114010,22074656,0.07264000,0.32100094,1
1506113995,22074652,0.07264000,0.36449979,1
1506113938,22074598,0.07264000,0.86239160,1
1506113936,22074592,0.07263004,0.45049459,0
1506113936,22074591,0.07263004,0.41184075,0
1506113888,22074546,0.07268000,0.20730000,1
1506113838,22074522,0.07269000,0.46880000,0
1506113768,22074482,0.07277000,0.20720076,0
1506113421,22074287,0.07274000,1.46688243,1
1506113421,22074286,0.07276000,0.46880000,1
1506113414,22074269,0.07275400,1.19322160,1
1506113414,22074268,0.07275400,1.32870600,1
1506113410,22074264,0.07280000,1.22669901,1
1506113394,22074238,0.07280000,0.13736264,1
1506113387,22074225,0.07288996,0.90750981,0
1506113386,22074224,0.07288984,3.20523000,0
1506113386,22074222,0.07288983,10.57351019,0
1506113386,22074221,0.07288000,0.46800000,0
1506113373,22074170,0.07280000,1.89795100,1
1506113281,22074126,0.07280000,10.31507634,1
1506113281,22074124,0.07280001,0.10881866,1
1506113274,22074121,0.07280000,2.24921300,1
1506113274,22074120,0.07280000,0.14115300,1
1506113270,22074115,0.07280001,0.49975012,1
1506113211,22074052,0.07289998,9.51867300,0
1506113177,22073978,0.07280000,7.05808997,1
1506113177,22073977,0.07280001,7.96391003,1
1506113121,22073893,0.07280000,0.40000000,1
1506113120,22073889,0.07280000,0.08902640,1
1506113118,22073887,0.07280000,5.04806600,1
1506113097,22073855,0.07280000,1.30000000,1
1506113097,22073854,0.07282400,5.00000000,1
1506113063,22073804,0.07293000,1.64131002,0
1506112999,22073725,0.07280000,0.13736264,1
1506112966,22073665,0.07289989,2.76000000,0
1506112950,22073635,0.07274028,3.20523200,1
1506112929,22073609,0.07277605,0.64503000,1
1506112928,22073608,0.07277605,0.95490200,1
1506112908,22073580,0.07277603,0.80000000,1
1506112891,22073537,0.07279000,0.46800000,1
1506112856,22073500,0.07283000,4.99999900,1
1506112848,22073495,0.07292000,0.00000048,1
1506112835,22073472,0.07292000,1.29581300,1
1506112823,22073409,0.07280001,0.18295765,1
1506112812,22073352,0.07279601,0.22995427,1
1506112724,22073230,0.07286213,2.60960016,1
1506112717,22073207,0.07294981,0.20000000,0
1506112712,22073191,0.07294981,1.26857700,0
1506112712,22073189,0.07294000,0.06942300,0
1506112689,22073169,0.07286207,0.26253000,1
1506112663,22073159,0.07294000,1.93057700,1
1506112654,22073147,0.07294001,1.00000000,1
1506112649,22073135,0.07294000,0.26253000,1
1506112645,22073116,0.07294000,1.40689300,1
1506112606,22073088,0.07286203,0.26253000,1
1506112581,22073066,0.07299105,0.99995519,0
1506112580,22073064,0.07299105,0.99993067,0
1506112576,22073061,0.07299106,0.99998547,0
1506112567,22073053,0.07283801,0.08428913,1
1506112567,22073052,0.07283801,0.17824087,1
1506112536,22073019,0.07291992,0.26253000,1
1506112535,22073016,0.07292000,1.22787986,0
1506112530,22073011,0.07290000,0.77887674,0
1506112530,22073010,0.07290000,0.22112326,0
1506112530,22073009,0.07290000,1.00000000,0
1506112530,22073008,0.07290000,0.66400000,0
1506112527,22072999,0.07276035,0.26253000,1
1506112484,22072785,0.07276021,0.26253000,1
1506112442,22072735,0.07276010,0.26253000,1
1506112410,22072713,0.07287800,4.99995510,0
1506112405,22072707,0.07286900,4.82175913,0
1506112404,22072704,0.07282885,0.17823587,0
1506112402,22072700,0.07275006,0.26253000,1
1506112381,22072667,0.07282000,2.00000000,0
1506112359,22072642,0.07274023,0.26253000,1
1506112316,22072596,0.07279000,4.53314614,0
1506112315,22072594,0.07274006,0.26253000,1
1506112314,22072590,0.07279000,6.54131061,0
1506112304,22072577,0.07279000,6.53599395,0
1506112302,22072571,0.07279000,1.36700500,0
1506112300,22072569,0.07279000,6.02254430,0
1506112299,22072565,0.07278000,2.00000000,0
1506112275,22072548,0.07274000,0.26253000,1
1506112235,22072516,0.07275000,1.92156937,0
1506112233,22072509,0.07261000,0.15859248,1
1506112233,22072507,0.07261001,0.10393752,1
1506112194,22072447,0.07261000,0.26253000,1
1506112189,22072443,0.07275000,0.07843063,0
1506112172,22072423,0.07278982,16.48108350,0
1506112172,22072422,0.07273900,5.00000000,0
1506112172,22072420,0.07273899,6.11500000,0
1506112172,22072419,0.07271970,0.17405482,0
1506112160,22072412,0.07271500,2.00000000,0
1506112154,22072404,0.07270000,0.26253000,1
1506112144,22072395,0.07270000,0.10800000,1
1506112134,22072383,0.07270000,1.60000000,0
1506112112,22072374,0.07257003,0.26253000,1
1506112084,22072304,0.07270000,0.40000000,0
1506112072,22072299,0.07252000,0.16505000,1
1506112070,22072296,0.07269500,5.00000000,0
1506112069,22072293,0.07267000,2.00000000,0
1506112029,22072247,0.07256001,0.24703000,1
1506111971,22072185,0.07256001,0.26253000,1
1506111804,22072028,0.07262999,0.99750613,0
1506111728,22071976,0.07262999,0.63327834,0
1506111717,22071926,0.07263000,4.99999500,0
1506111717,22071924,0.07250100,4.01634326,1
1506111716,22071920,0.07250107,2.76000000,1
1506111679,22071861,0.07260000,2.54645521,0
1506111679,22071859,0.07260000,2.24000000,0
1506111679,22071857,0.07259999,2.76000000,0
1506111656,22071844,0.07260000,0.21354479,0
1506111637,22071829,0.07258000,0.00614969,0
1506111635,22071825,0.07258000,2.88926701,0
1506111626,22071819,0.07258000,0.91013868,0
1506111606,22071801,0.07258000,1.59443128,0
1506111588,22071777,0.07258000,0.24092036,0
1506111584,22071765,0.07258000,5.85010900,0
1506111581,22071762,0.07258000,0.29625534,0
1506111573,22071752,0.07257650,0.19846706,0
1506111573,22071746,0.07257650,0.24086308,0
1506111569,22071735,0.07257650,1.76492800,0
1506111560,22071683,0.07257650,7.16637765,0
1506111513,22071656,0.07258000,2.37584864,0
1506111492,22071647,0.07258000,0.13732000,0
1506111482,22071640,0.07258000,0.87000000,0
1506111463,22071630,0.07258000,4.29896000,0
1506111428,22071573,0.07256000,1.74827480,1
1506111423,22071567,0.07258000,0.53060000,0
1506111422,22071561,0.07257000,0.46940000,0
1506111420,22071556,0.07256997,1.84514766,0
1506111404,22071536,0.07244762,2.29762300,1
1506111403,22071528,0.07244758,13.94861100,1
1506111393,22071523,0.07256796,0.30163876,0
1506111336,22071483,0.07256872,1.95211330,1
1506111335,22071482,0.07256859,2.17159000,0
1506111302,22071470,0.07256984,1.00000000,0
1506111153,22071338,0.07249504,2.69999500,1
1506110957,22071240,0.07259994,0.13721300,0
1506110931,22071228,0.07249436,0.75209700,1
1506110889,22071206,0.07249267,0.22999500,1
1506110876,22071190,0.07249225,1.94159677,1
1506110807,22071160,0.07248960,0.68990849,1
1506110744,22071123,0.07248790,1.45778400,1
1506110520,22070956,0.07267800,1.91161239,1
1506110518,22070950,0.07264693,0.38663900,0
1506110509,22070912,0.07247800,4.01083515,1
1506110509,22070910,0.07247801,11.34456134,1
1506110509,22070908,0.07249003,2.76000000,1
1506110508,22070906,0.07250000,0.46940000,1
1506110508,22070904,0.07250001,0.19032200,1
1506110508,22070902,0.07250001,2.90087151,1
1506110496,22070845,0.07264696,9.51935545,0
1506110496,22070844,0.07262480,0.12918538,0
1506110496,22070843,0.07262480,0.06114217,0
1506110495,22070839,0.07262338,2.75999500,0
1506110491,22070828,0.07262339,5.46000000,0
1506110355,22070770,0.07250800,8.36144124,1
1506110354,22070769,0.07250800,0.30400000,1
1506110354,22070767,0.07250800,5.00000000,0
1506110266,22070700,0.07237132,0.14014446,0
1506110262,22070692,0.07242000,0.00251483,1
1506110243,22070672,0.07249950,1.00013103,0
1506110215,22070650,0.07249987,0.30400000,0
1506110206,22070639,0.07242000,3.17268796,1
1506110205,22070638,0.07242001,0.57771304,1
1506110201,22070637,0.07242000,0.32479721,1
1506110174,22070622,0.07243795,0.36491400,0
1506110172,22070621,0.07242000,0.10000000,1
1506110150,22070582,0.07243799,0.35959031,0
1506110148,22070579,0.07240000,2.48400000,1
1506110142,22070573,0.07243799,0.50000000,0
1506110139,22070567,0.07240848,1.27350310,0
1506110130,22070555,0.07240848,2.76000000,0
1506109799,22070370,0.07240852,0.12950900,0
1506109777,22070361,0.07240851,1.25864400,0
1506109698,22070319,0.07240862,0.76173569,0
1506109615,22070265,0.07240947,0.17612337,0
1506109514,22070200,0.07237390,0.20000000,0
1506109487,22070182,0.07237390,0.20000000,0
1506109474,22070172,0.07237390,0.20000000,0
1506109451,22070142,0.07237390,0.36500727,0
1506109449,22070138,0.07237390,1.94374800,0
1506109448,22070136,0.07237390,0.20000000,0
1506109446,22070128,0.07222304,1.85326300,1
1506109434,22070112,0.07237390,0.20000000,0
1506109398,22070092,0.07237390,2.10341352,0
1506109376,22070086,0.07231101,1.61278579,0
1506109375,22070085,0.07233000,0.30400000,1
1506109375,22070084,0.07234005,1.77429700,1
1506109163,22069949,0.07237100,2.57345900,0
1506109055,22069895,0.07224501,2.48641400,1
1506109039,22069887,0.07242700,0.19955746,0
1506109024,22069875,0.07234500,4.15791200,0
1506109017,22069871,0.07234500,0.20000000,0
1506109015,22069870,0.07233099,0.11943417,0
1506108979,22069830,0.07229500,1.73853244,1
1506108979,22069828,0.07229502,1.27130260,1
1506108973,22069822,0.07229501,1.03221700,1
1506108970,22069817,0.07229501,7.80950000,1
1506108963,22069812,0.07229500,2.94915584,1
1506108963,22069811,0.07229502,0.11943416,1
1506108960,22069805,0.07243899,0.65854000,0
1506108938,22069775,0.07229514,3.86230074,1
1506108938,22069774,0.07229515,0.44831726,1
1506108937,22069773,0.07229515,2.31168274,1
1506108935,22069765,0.07229514,4.50954200,0
1506108923,22069753,0.07229512,1.58339500,1
1506108903,22069728,0.07239500,0.26730373,0
1506108901,22069724,0.07231571,0.18269627,0
1506108880,22069698,0.07231571,5.08602079,1
1506108880,22069696,0.07231571,4.28461500,1
1506108846,22069674,0.07242999,0.58439433,0
1506108846,22069673,0.07235000,0.10419509,0
1506108799,22069652,0.07238787,1.64935000,0
1506108770,22069645,0.07230625,0.20234000,1
1506108770,22069644,0.07230625,0.20227400,1
1506108733,22069618,0.07230615,1.64063600,1
1506108651,22069585,0.07243250,1.10172216,0
1506108361,22069469,0.07244146,0.20000000,0
1506108318,22069462,0.07244202,0.13717000,0
1506108282,22069433,0.07230532,1.89734295,1
1506108282,22069432,0.07230533,0.12091245,1
1506108171,22069403,0.07244607,1.37689484,0
1506108122,22069387,0.07244706,0.20000000,0
1506108047,22069335,0.07244987,0.20000000,0
1506108034,22069322,0.07244987,0.20000000,0
1506108021,22069316,0.07244987,0.15128000,0
1506107983,22069301,0.07230531,3.00000000,1
1506107897,22069272,0.07249163,0.15599198,0
1506107879,22069268,0.07249251,3.44003052,0
1506107822,22069250,0.07250584,1.00000000,0
1506107802,22069246,0.07234300,4.60447100,1
1506107796,22069245,0.07234301,0.30399500,1
1506107588,22069155,0.07249368,2.22045447,0
1506107586,22069152,0.07249368,5.20208167,0
1506107586,22069150,0.07246499,2.76000000,0
1506107586,22069147,0.07246100,3.27660375,0
1506107585,22069141,0.07246100,1.72339625,0
1506107583,22069128,0.07249372,6.71767000,0
1506107582,22069127,0.07246500,5.00000000,0
1506107560,22069101,0.07236100,1.01973313,1
1506107560,22069100,0.07236101,0.24079587,1
1506107557,22069099,0.07236100,0.22090300,1
1506107556,22069098,0.07236100,0.46695100,1
1506107549,22069091,0.07236200,1.92273600,1
1506107549,22069089,0.07236200,1.74590178,1
1506107548,22069087,0.07238515,0.17823587,1
1506107548,22069084,0.07246108,0.12918538,1
1506107504,22069069,0.07246108,0.06114217,1
1506107504,22069068,0.07246108,0.17405482,1
1506107482,22069063,0.07249000,0.06880301,0
1506107389,22068969,0.07246000,0.16550000,0
1506107389,22068968,0.07246000,2.76000000,0
1506107389,22068967,0.07245000,0.30400000,0
1506107320,22068871,0.07238200,4.99999992,1
1506107320,22068870,0.07238206,13.73532510,1
1506107320,22068868,0.07242000,0.00805998,1
1506107313,22068864,0.07242055,1.15998243,1
1506107261,22068847,0.07250100,2.29050000,1
1506107260,22068846,0.07250100,2.34384185,1
1506107260,22068845,0.07250100,2.29050000,1
1506107260,22068844,0.07251000,0.46950000,1
1506107254,22068838,0.07255045,1.37347873,1
1506107254,22068837,0.07255045,0.28422600,1
1506107247,22068826,0.07250100,0.46903603,1
1506107247,22068825,0.07255036,1.37347873,1
1506107247,22068824,0.07255038,10.62008524,1
1506107243,22068818,0.07255037,1.37444000,1
1506107243,22068817,0.07255037,5.90402360,1
1506107242,22068816,0.07255037,11.91127200,1
1506107104,22068747,0.07266098,0.34985891,0
1506107104,22068746,0.07255020,0.08572209,0
1506107101,22068745,0.07255020,5.00522791,0
1506107101,22068744,0.07255012,0.08572209,0
1506107092,22068740,0.07255013,37.29959101,0
1506107088,22068733,0.07255021,67.03225529,1
1506107086,22068727,0.07255021,0.37669300,1
1506107086,22068725,0.07255021,1.32907200,1
1506107085,22068724,0.07255021,5.09086813,1
1506107085,22068723,0.07255021,0.18184658,1
1506107085,22068722,0.07255021,2.83727000,1
1506107085,22068721,0.07255021,0.22999500,1
1506107057,22068699,0.07255013,4.42116100,1
1506107056,22068697,0.07255013,2.83476200,1
1506107056,22068696,0.07255013,4.83992412,1
1506107056,22068695,0.07255013,0.96041300,1
1506107028,22068659,0.07255011,0.36062400,1
1506107019,22068645,0.07255011,1.60822600,1
1506107019,22068643,0.07255011,0.21603700,1
1506107018,22068642,0.07255011,0.19089386,1
1506107018,22068641,0.07255011,4.43299300,1
1506106994,22068604,0.07255011,0.19089400,1
1506106991,22068600,0.07255011,13.79756000,1
1506106987,22068595,0.07255011,0.34003700,1
1506106987,22068593,0.07255011,2.36510400,1
1506106987,22068592,0.07255011,0.72485900,1
1506106981,22068580,0.07255011,0.99999500,1
1506106981,22068578,0.07255011,4.50000000,1
1506106980,22068576,0.07255011,4.30958700,1
1506106969,22068561,0.07255011,0.99999500,1
1506106957,22068552,0.07255011,0.34003700,1
1506106957,22068550,0.07255011,0.41181091,1
1506106957,22068549,0.07255012,0.08572209,1
1506106955,22068544,0.07255011,0.23000000,1
1506106953,22068543,0.07255011,0.99999500,1
1506106952,22068538,0.07255011,0.26752800,1
1506106952,22068537,0.07255011,9.08277500,1
1506106951,22068535,0.07255011,0.22999500,1
1506106949,22068528,0.07255011,0.26752800,1
1506106948,22068524,0.07257100,0.23638600,0
1506106945,22068520,0.07257100,7.63623756,0
1506106945,22068519,0.07257099,1.38641744,0
1506106941,22068513,0.07257099,1.57801000,0
1506106934,22068501,0.07255011,4.50424800,1
1506106933,22068499,0.07255011,1.29485800,1
1506106932,22068495,0.07257100,1.53294790,0
1506106932,22068494,0.07255061,12.57746710,0
1506106932,22068493,0.07255061,0.73182200,0
1506106931,22068492,0.07255011,3.70772300,1
1506106930,22068487,0.07255011,2.08902300,1
1506106927,22068479,0.07255061,0.13204100,0
1506106924,22068475,0.07257099,3.52209201,0
1506106923,22068472,0.07257100,9.64506600,0
1506106921,22068471,0.07257099,0.22678100,0
1506106920,22068470,0.07255061,0.29399500,0
1506106888,22068457,0.07257099,0.09317300,0
1506106879,22068454,0.07257099,0.13819100,0
1506106859,22068416,0.07257099,0.22987143,0
1506106844,22068409,0.07257100,12.43300775,0
1506106843,22068408,0.07257099,0.78116325,0
1506106843,22068407,0.07257100,5.00000000,0
1506106842,22068405,0.07257100,11.80000000,0
1506106841,22068404,0.07257300,5.00000000,1
1506106584,22068311,0.07257100,0.53999500,1
1506106502,22068233,0.07274399,1.89411000,0
1506106477,22068223,0.07259937,0.64269000,1
1506106262,22068137,0.07274987,1.00000000,0
1506106081,22067992,0.07278487,0.41114561,1
1506105852,22067920,0.07257643,1.31686000,1
1506105850,22067916,0.07257643,5.21676852,1
1506105819,22067891,0.07260800,0.00686000,1
1506105819,22067890,0.07261704,9.79400000,1
1506105715,22067778,0.07272830,4.68805092,0
1506105676,22067734,0.07272827,3.90708300,0
1506105192,22067339,0.07262005,5.01673700,0
1506105189,22067338,0.07257200,1.12156000,1
1506105189,22067337,0.07258000,0.30400000,1
1506105183,22067321,0.07262007,3.57543000,1
1506105176,22067318,0.07262006,2.75992612,1
1506105144,22067277,0.07262000,0.46870000,0
1506105138,22067266,0.07262930,0.50692600,0
1506105138,22067265,0.07262930,0.46101100,0
1506105134,22067254,0.07259083,8.62178000,1
1506105134,22067253,0.07271300,5.00000000,1
1506105126,22067228,0.07271100,0.00032800,1
1506105125,22067227,0.07272000,0.46870000,1
1506104257,22066877,0.07272604,0.20683000,1
1506104255,22066876,0.07286800,4.00000001,0
1506104255,22066875,0.07285890,3.72911282,0
1506104248,22066872,0.07272603,0.20686700,1
1506104221,22066844,0.07285890,1.00000000,0
1506104216,22066834,0.07277042,0.22805905,1
1506104062,22066783,0.07277000,0.21199500,1
1506104061,22066782,0.07277001,0.21199500,1
1506104058,22066780,0.07277000,0.46850000,0
1506104010,22066765,0.07271805,0.50000000,1
1506103982,22066756,0.07285890,0.21682900,0
1506103742,22066636,0.07280000,1.00000000,0
1506103702,22066601,0.07267560,3.99029500,1
1506103694,22066592,0.07280000,11.79733000,0
1506103694,22066590,0.07279900,5.00000000,0
1506103693,22066589,0.07278000,0.30300000,0
1506103684,22066583,0.07276999,0.53237193,0
1506103646,22066540,0.07263001,0.00032800,1
1506103646,22066539,0.07264000,0.46850000,1
1506103502,22066447,0.07263400,0.32524700,1
1506103419,22066380,0.07274999,5.31728600,0
1506103350,22066357,0.07257909,1.61612400,1
1506103338,22066345,0.07257905,4.50240744,1
1506103328,22066329,0.07257902,0.29499500,1
1506103319,22066324,0.07257900,0.30703427,1
1506103106,22066154,0.07274795,2.32080766,0
1506103076,22066087,0.07274799,1.31000000,1
1506103030,22066044,0.07271600,1.25727745,0
1506103030,22066043,0.07264000,0.46830000,0
1506103030,22066042,0.07263999,2.67631855,0
1506102970,22065990,0.07259999,1.57286700,0
1506102960,22065982,0.07260993,1.44796000,0
1506102936,22065973,0.07254009,0.09700260,1
1506102931,22065967,0.07254009,0.87302335,1
1506102924,22065963,0.07254009,1.49400000,1
1506102902,22065949,0.07267992,2.00000000,0
1506102884,22065945,0.07254009,2.90057512,1
1506102883,22065944,0.07254010,0.69942488,1
1506102880,22065941,0.07259985,1.83186825,0
1506102875,22065938,0.07254009,0.08274000,1
1506102624,22065827,0.07254004,1.75000000,1
1506102622,22065825,0.07254001,0.48896600,1
1506102605,22065815,0.07254001,0.90063000,1
1506102599,22065813,0.07254500,0.73623289,1
1506102545,22065797,0.07257700,0.61876656,1
1506102543,22065794,0.07257700,2.07834438,1
1506102420,22065756,0.07258704,0.22920674,1
1506102363,22065716,0.07270000,5.00000000,0
1506102363,22065715,0.07260000,0.22920674,0
1506102354,22065702,0.07260000,1.21814919,0
1506102353,22065701,0.07260000,0.30304407,0
1506102352,22065699,0.07258000,0.30300000,1
1506102304,22065643,0.07276494,5.00000000,0
1506102280,22065627,0.07260300,1.14532000,1
1506102280,22065626,0.07261000,0.46830000,1
1506102263,22065614,0.07261100,4.99989176,1
1506102160,22065537,0.07261044,0.24305000,0
1506102150,22065524,0.07261044,0.44916306,1
1506102146,22065519,0.07261042,0.19991828,1
1506102128,22065504,0.07261038,0.18712339,1
1506102127,22065503,0.07261038,0.29151100,1
1506101943,22065440,0.07280000,1.20267000,0
1506101943,22065439,0.07279499,2.76000000,0
1506101923,22065427,0.07279500,3.81540216,0
1506101781,22065383,0.07272799,1.27360425,0
1506101763,22065380,0.07279991,2.18146184,1
1506101762,22065378,0.07275322,2.35572816,0
1506101716,22065362,0.07256123,1.13015000,1
1506101708,22065354,0.07256123,1.35415111,1
1506101707,22065353,0.07256126,1.12838449,1
1506101684,22065336,0.07275390,0.23000000,0
1506101683,22065331,0.07256104,12.50785822,0
1506101680,22065320,0.07256100,0.19891477,1
1506101666,22065300,0.07256309,0.19399500,1
1506101540,22065192,0.07271500,1.22947149,0
1506101539,22065191,0.07271000,0.30753500,1
1506101539,22065190,0.07265000,0.90000000,0
1506101537,22065189,0.07264999,0.30760200,0
1506101499,22065163,0.07256049,1.26192751,1
1506101498,22065161,0.07256050,2.76000000,1
1506101196,22065061,0.07258000,0.30753500,1
1506101162,22065042,0.07263001,1.50293525,1
1506101162,22065041,0.07263001,7.35716875,1
1506101009,22064995,0.07276398,0.50000000,0
1506100923,22064885,0.07278886,7.35716875,0
1506100912,22064854,0.07258924,1.04245000,1
1506100911,22064853,0.07265200,2.76000000,1
1506100763,22064724,0.07277999,0.23000000,0
1506100702,22064688,0.07264100,1.30790256,1
1506100682,22064673,0.07272000,0.00000500,0
1506100641,22064654,0.07272000,4.34324200,0
1506100615,22064614,0.07272000,1.65675300,0
1506100576,22064591,0.07271400,4.99999500,0
1506100569,22064579,0.07269997,2.75999500,0
1506100508,22064466,0.07268980,3.14351711,0
1506100508,22064465,0.07263000,0.30179800,0
1506100485,22064427,0.07260002,1.68895139,1
1506100318,22064368,0.07259003,0.46830000,1
1506100286,22064355,0.07259000,0.02738091,1
1506100286,22064354,0.07259000,0.46830000,1
1506100221,22064309,0.07255000,6.95858661,0
1506100201,22064292,0.07254999,0.51284611,0
1506100187,22064286,0.07254999,0.75000000,0
1506099851,22064104,0.07255887,1.58137548,0
1506099851,22064103,0.07254000,0.69855952,0
1506099851,22064101,0.07253999,3.80887600,0
1506099851,22064100,0.07253999,0.69855400,0
1506099820,22064079,0.07246000,0.69440828,1
1506099820,22064078,0.07246001,0.98058972,1
1506099809,22064066,0.07254000,5.26987575,0
1506099573,22063951,0.07242000,0.17684232,1
1506099538,22063936,0.07243500,0.95571848,0
1506099538,22063935,0.07243487,0.00006102,0
1506099537,22063932,0.07243487,1.08834898,0
1506099533,22063931,0.07243500,0.90000000,1
1506099533,22063930,0.07248000,0.00021332,1
1506099518,22063924,0.07248000,1.61604568,1
1506099517,22063923,0.07248001,0.00010458,1
1506099517,22063922,0.07248001,1.95369524,1
1506099515,22063919,0.07248000,3.59891000,1
1506099514,22063917,0.07248000,3.26259800,1
1506099513,22063915,0.07248000,0.20000000,1
1506099503,22063905,0.07248000,2.32223300,1
1506099465,22063884,0.07248001,0.22230800,1
1506099363,22063846,0.07253858,0.27412100,0
1506099241,22063795,0.07254000,0.90000000,0
1506099148,22063761,0.07246001,0.55762416,1
1506099125,22063748,0.07246000,9.51786100,1
1506098868,22063663,0.07244001,0.18841253,0
1506098864,22063661,0.07244001,0.23006747,0
1506098849,22063652,0.07244001,0.69047900,1
1506098786,22063609,0.07254272,0.33000000,0
1506098785,22063608,0.07254272,0.33036000,0
1506098704,22063525,0.07254296,1.20000000,0
1506098702,22063522,0.07246127,0.40000000,0
1506098694,22063505,0.07246126,0.23000000,0
1506098671,22063477,0.07242013,0.90000000,0
1506098655,22063463,0.07243737,1.16090000,1
1506098649,22063450,0.07243736,2.76000000,0
1506098581,22063352,0.07243751,1.00000000,0
1506098570,22063340,0.07243754,1.06619640,0
1506098558,22063332,0.07242000,3.60000000,1
1506098401,22063192,0.07246096,3.00000000,0
1506098397,22063187,0.07246096,1.52488000,0
1506098396,22063186,0.07240100,5.00000000,0
1506098390,22063184,0.07239300,0.34711770,1
1506098388,22063182,0.07246096,3.59999500,0
1506098388,22063181,0.07246096,1.91705852,0
1506098388,22063180,0.07239300,5.00000000,0
1506098138,22063020,0.07226001,0.08048600,0
1506098135,22063017,0.07226001,1.41400000,0
1506098109,22063000,0.07225205,2.11633000,0
1506098046,22062945,0.07220000,3.60000000,1
1506098044,22062943,0.07220482,0.48339670,0
1506098042,22062933,0.07220486,3.89059070,1
1506098041,22062931,0.07220486,1.42004000,1
1506098034,22062920,0.07220501,0.11233853,0
1506098028,22062915,0.07220529,0.13101538,0
1506098024,22062907,0.07220543,0.15287418,0
1506098019,22062903,0.07220557,0.17832998,0
1506098013,22062902,0.07220587,0.20793483,0
1506098007,22062900,0.07220587,0.24265981,0
1506097999,22062885,0.07220587,1.79944300,0
1506097994,22062869,0.07224936,1.85892193,0
1506097991,22062860,0.07224955,5.88318552,0
1506097984,22062846,0.07220600,1.94730022,1
1506097984,22062845,0.07220601,1.39364978,1
1506097979,22062840,0.07223001,2.90489200,1
1506097976,22062837,0.07225000,8.87861200,1
1506097976,22062835,0.07225000,0.30500000,1
1506097975,22062833,0.07225000,0.47639900,1
1506097975,22062832,0.07225000,2.68002000,1
1506097972,22062824,0.07225000,2.15997400,1
1506097971,22062822,0.07225000,5.49999500,1
1506097961,22062811,0.07230000,2.90489200,1
1506097953,22062801,0.07230000,0.30052500,1
1506097906,22062772,0.07230000,0.97773300,1
1506097860,22062758,0.07230000,0.60489900,1
1506097806,22062694,0.07230000,0.21195100,1
1506097761,22062632,0.07227000,0.30500000,1
1506097760,22062626,0.07242056,1.92481065,0
1506097658,22062566,0.07242336,1.77986512,0
1506097441,22062480,0.07238493,0.75655375,0
1506097403,22062461,0.07224081,1.00000000,1
1506097388,22062456,0.07224044,5.44537700,1
1506097387,22062455,0.07224035,3.35362300,1
1506097385,22062452,0.07227000,6.40000000,1
1506097385,22062449,0.07227000,3.60000000,1
1506097317,22062402,0.07238679,1.76386866,0
1506097141,22062337,0.07239555,0.17031876,0
1506097128,22062333,0.07220003,7.68996500,1
1506097108,22062327,0.07246121,9.70974583,0
1506097108,22062326,0.07236000,0.30438365,0
1506097108,22062325,0.07233200,5.00000000,0
1506097107,22062324,0.07233182,9.98587052,0
1506097033,22062256,0.07220209,2.04425941,1
1506097028,22062229,0.07220190,3.64482100,1
1506097006,22062208,0.07234094,2.76000000,0
1506097000,22062205,0.07234100,0.35000000,0
1506096766,22062059,0.07214301,0.13887000,1
1506096758,22062050,0.07213989,0.13863857,1
1506096738,22062044,0.07232300,0.19169000,0
1506096731,22062032,0.07232297,1.28278277,0
1506096704,22062007,0.07228294,0.89320011,1
1506096653,22061955,0.07213807,0.96056117,1
1506096634,22061941,0.07216700,4.50679792,1
1506096634,22061940,0.07218100,0.49009808,1
1506096633,22061939,0.07233600,1.70000000,0
1506096633,22061938,0.07218100,0.15248500,1
1506096628,22061932,0.07233603,0.32474550,0
1506096603,22061909,0.07233633,0.22135200,1
1506096568,22061900,0.07233669,0.34914777,0
1506096467,22061834,0.07218116,0.89696242,1
1506096452,22061817,0.07218100,1.90208467,0
1506096451,22061808,0.07219000,0.30300000,1
1506096423,22061747,0.07235378,0.38000000,0
1506096421,22061743,0.07235378,1.65000000,0
1506096409,22061723,0.07235379,0.30000000,0
1506096382,22061662,0.07235393,0.38000000,0
1506096362,22061646,0.07235401,1.50000000,0
1506096265,22061496,0.07217000,0.00138365,1
1506096265,22061494,0.07217061,0.11430535,1
1506096239,22061464,0.07217055,8.39858324,1
1506096239,22061463,0.07217056,0.45562067,1
1506096235,22061458,0.07217055,2.59762411,1
1506096234,22061457,0.07217055,2.92074800,1
1506096233,22061455,0.07217055,8.00727000,1
1506096233,22061453,0.07217054,9.81848902,1
1506096110,22061403,0.07215004,2.96096385,1
1506096053,22061375,0.07226790,2.00000000,1
1506095965,22061310,0.07226799,0.21528674,0
1506095961,22061307,0.07217999,0.15261836,0
1506095961,22061306,0.07217000,0.16630000,0
1506095957,22061300,0.07217999,0.16630000,0
1506095952,22061297,0.07218999,0.39955561,0
1506095947,22061294,0.07219000,0.30400000,0
1506095942,22061291,0.07219999,0.50000000,0
1506095938,22061289,0.07219999,0.41958691,0
1506095938,22061288,0.07214000,0.07551986,0
1506095935,22061284,0.07214000,0.34033819,0
1506095935,22061283,0.07214000,0.07924872,0
1506095932,22061279,0.07213000,0.30400000,0
1506095921,22061257,0.07200005,40.56803397,1
1506095921,22061255,0.07201000,0.47030000,1
1506095920,22061253,0.07212500,5.00000000,1
1506095920,22061250,0.07214000,1.05076809,1
1506095914,22061209,0.07214000,1.14272259,1
1506095911,22061191,0.07214047,0.14000000,1
1506095908,22061163,0.07214047,5.00000000,0
1506095907,22061161,0.07224000,0.00013289,1
1506095906,22061148,0.07224000,0.30386711,1
1506095901,22061104,0.07225600,5.00000000,1
1506095894,22061095,0.07228707,1.19920600,1
1506095893,22061090,0.07228707,2.60933100,1
1506095892,22061089,0.07228707,0.74117761,1
1506095892,22061087,0.07228707,5.00000000,1
1506095884,22061077,0.07239755,1.13486000,1
1506095883,22061075,0.07239755,3.86514000,0
1506095881,22061073,0.07228000,0.50000000,1
1506095881,22061072,0.07228000,0.45000000,1
1506095881,22061071,0.07228706,2.12352422,1
1506095844,22061031,0.07228699,0.20039215,1
1506095836,22061024,0.07228698,0.45168600,1
1506095822,22060993,0.07239954,1.15907986,0
1506095818,22060987,0.07228692,0.20102967,1
1506095758,22060945,0.07228650,0.20196485,1
1506095741,22060930,0.07240000,0.00006906,1
1506095741,22060927,0.07240000,1.99993094,1
1506095729,22060909,0.07228515,0.20278680,1
1506095710,22060891,0.07246998,0.65334585,0
1506095702,22060876,0.07228407,0.20322242,1
1506095693,22060861,0.07247000,0.00012805,1
1506095692,22060850,0.07247000,0.30987195,1
1506095684,22060820,0.07239199,0.31999500,0
1506095674,22060809,0.07235000,5.00000000,0
1506095645,22060759,0.07229199,0.74882900,0
1506095637,22060752,0.07229199,0.15351400,0
1506095593,22060712,0.07214703,0.20438356,1
1506095548,22060666,0.07229199,2.84166000,0
1506095547,22060630,0.07229199,0.27169400,0
1506095531,22060587,0.07214106,0.20547945,1
1506095514,22060543,0.07216800,2.19349100,1
1506095507,22060524,0.07229199,0.20610567,0
1506095501,22060515,0.07232816,22.74617983,0
1506095501,22060514,0.07232813,13.73532510,0
1506095501,22060513,0.07214701,0.20610567,0
1506095494,22060490,0.07216024,0.50000000,0
1506095494,22060489,0.07216024,0.17918600,0
1506095482,22060470,0.07216028,1.14587310,1
1506095482,22060469,0.07216031,2.75556990,1
1506095451,22060415,0.07214000,0.20626223,1
1506095446,22060402,0.07232969,0.23503600,0
1506095445,22060401,0.07214000,0.21494600,1
1506095442,22060393,0.07225008,0.39594600,0
1506095441,22060392,0.07225008,0.10405400,0
1506095439,22060390,0.07225008,0.43475100,0
1506095435,22060385,0.07225007,0.12603100,0
1506095429,22060369,0.07224936,0.40000000,0
1506095428,22060368,0.07214003,2.01885900,1
1506095421,22060357,0.07224936,0.37745000,0
1506095409,22060340,0.07214000,0.20692759,1
1506095406,22060337,0.07224979,0.14119500,0
1506095403,22060334,0.07224979,2.00225200,0
1506095402,22060332,0.07224979,0.55291500,0
1506095399,22060329,0.07214334,0.05539553,1
1506095399,22060327,0.07214335,0.90348119,1
1506095395,22060309,0.07214334,1.81432831,0
1506095394,22060306,0.07214334,2.76000000,0
1506095394,22060304,0.07214334,0.20000000,0
1506095392,22060297,0.07224995,5.00000000,0
1506095391,22060295,0.07222500,4.46090163,1
1506095388,22060280,0.07225008,0.95383100,1
1506095378,22060250,0.07232000,0.46890000,0
1506095369,22060241,0.07242804,0.19145557,0
1506095359,22060229,0.07235002,0.19138400,1
1506095350,22060209,0.07235003,0.35877000,1
1506095346,22060206,0.07235002,0.15126000,0
1506095334,22060193,0.07233100,0.20680787,1
1506095332,22060192,0.07233100,0.14861100,1
1506095327,22060185,0.07232806,0.13929000,0
1506095326,22060180,0.07235000,2.75987720,1
1506095326,22060179,0.07235000,0.46890000,1
1506095308,22060158,0.07234028,0.96843500,1
1506095180,22060024,0.07234064,8.27217758,1
1506095179,22060018,0.07234064,13.85284101,1
1506095177,22060010,0.07234063,8.77863100,1
1506095175,22060001,0.07234050,1.65947853,1
1506095174,22060000,0.07234049,1.59720300,1
1506095171,22059995,0.07234046,8.77764000,0
1506095140,22059955,0.07242023,2.34425883,1
1506095065,22059855,0.07243003,3.98874611,1
1506094980,22059750,0.07238241,0.20724212,1
1506094952,22059699,0.07262917,1.97846127,1
1506094923,22059654,0.07238166,0.47613500,1
1506094891,22059598,0.07238032,0.20802114,1
1506094864,22059517,0.07264093,0.30179800,0
1506094863,22059514,0.07263990,0.25000000,0
1506094820,22059325,0.07252000,5.00000000,0
1506094811,22059286,0.07250100,4.99999955,0
1506094810,22059281,0.07250100,0.00000045,0
1506094810,22059279,0.07250000,10.00000000,0
1506094810,22059277,0.07249000,0.20970645,0
1506094810,22059276,0.07248794,11.71774310,0
1506094810,22059275,0.07241100,0.16371300,0
1506094795,22059144,0.07226000,0.20970645,1
1506094768,22059046,0.07238900,0.90000000,1
1506094756,22059013,0.07238899,0.87028400,0
1506094756,22059012,0.07238000,0.46810000,0
1506094748,22058996,0.07235000,1.17662200,1
1506094747,22058994,0.07235000,0.30400000,0
1506094747,22058993,0.07222420,0.00233795,0
1506094733,22058958,0.07234000,3.33618205,1
1506094680,22058846,0.07206969,0.01178268,0
1506094678,22058844,0.07206969,0.20000000,1
1506094667,22058835,0.07234878,0.20000000,0
1506094650,22058824,0.07234884,0.20000000,0
1506094604,22058737,0.07218000,0.30400000,1
1506094602,22058732,0.07216900,5.00000000,1
1506094577,22058698,0.07198002,0.01335988,1
1506094577,22058696,0.07206969,0.20000000,1
1506094574,22058692,0.07238938,0.13696000,0
1506094562,22058676,0.07225700,4.34651000,1
1506094562,22058675,0.07227000,0.46810000,1
1506094552,22058662,0.07230000,0.56977241,1
1506094544,22058655,0.07240723,0.20000000,0
1506094532,22058642,0.07230000,0.21417097,1
1506094481,22058600,0.07230002,1.27805800,1
1506094477,22058595,0.07230001,0.26780000,1
1506094477,22058594,0.07231000,0.20000000,1
1506094437,22058554,0.07232297,0.21518498,1
1506094425,22058541,0.07232255,0.81279900,1
1506094409,22058526,0.07241100,0.19992000,1
1506094378,22058462,0.07230000,0.21605662,1
1506094376,22058460,0.07231098,0.39387800,0
1506094335,22058415,0.07231067,5.47744400,1
1506094335,22058414,0.07232000,0.46780000,1
1506094335,22058412,0.07231067,0.54612700,1
1506094333,22058410,0.07231063,2.11818998,1
1506094333,22058409,0.07231063,1.70886402,1
1506094333,22058407,0.07231066,2.11818998,1
1506094264,22058276,0.07229010,0.08854042,0
1506094262,22058272,0.07239927,0.12737000,1
1506094260,22058270,0.07239000,0.07253000,0
1506094257,22058266,0.07239913,0.19985000,0
1506094250,22058244,0.07239927,0.19983000,0
1506094242,22058224,0.07239927,0.19990000,0
1506094234,22058190,0.07239952,0.20000000,0
1506094224,22058140,0.07226000,0.07253000,1
1506094221,22058128,0.07225007,0.21660227,1
1506094193,22058050,0.07240489,0.98269098,0
1506094133,22057835,0.07220120,4.58262700,1
1506094116,22057790,0.07223200,4.58262700,1
1506094114,22057781,0.07222900,8.56896771,0
1506094113,22057778,0.07224164,0.13237229,1
1506094090,22057748,0.07240436,0.20000000,0
1506094071,22057718,0.07224140,0.21820427,1
1506094054,22057699,0.07240442,0.20000000,0
1506094045,22057691,0.07240463,0.20000000,1
1506094021,22057620,0.07224052,3.88786989,1
1506094017,22057602,0.07240485,0.20000000,0
1506094005,22057585,0.07223020,0.23000000,1
1506093982,22057532,0.07222915,0.21964154,1
1506093929,22057419,0.07245915,63.05378358,0
1506093929,22057417,0.07237000,5.00000000,0
1506093929,22057416,0.07236999,1.94621642,0
1506093797,22057354,0.07230200,1.00386800,0
1506093794,22057352,0.07230200,1.00000000,0
1506093794,22057351,0.07229900,0.34000000,0
1506093770,22057337,0.07228500,5.00000000,0
1506093757,22057331,0.07226600,5.00000000,0
1506093740,22057321,0.07229200,4.79204600,0
1506093731,22057307,0.07228597,12.21691799,0
1506093646,22057182,0.07220494,0.41540900,0
1506093634,22057169,0.07217900,4.70412643,0
1506093627,22057157,0.07212977,0.03541700,0
1506093627,22057156,0.07212977,1.86000000,0
1506093622,22057147,0.07212977,0.72000000,0
1506093616,22057136,0.07212977,0.20000000,0
1506093612,22057133,0.07212977,1.86033700,0
1506093612,22057132,0.07212977,0.91966300,0
1506093599,22057112,0.07212981,0.20000000,0
1506093595,22057102,0.07212982,1.08943800,0
1506093590,22057089,0.07212983,0.19955745,0
1506093585,22057082,0.07212984,0.19955238,0
1506093585,22057080,0.07210399,0.00000507,0
1506093584,22057079,0.07210399,4.64671900,0
1506093579,22057065,0.07210399,0.19955743,0
1506093576,22057062,0.07212994,0.93320928,0
1506093576,22057061,0.07210000,0.00000572,0
1506093575,22057059,0.07210000,4.19878500,0
1506093570,22057051,0.07210000,1.85736525,0
1506093570,22057050,0.07210000,3.02122875,0
1506093555,22057018,0.07209993,0.20000000,0
1506093540,22056985,0.07209996,0.20000000,0
1506093529,22056977,0.07209997,0.20000000,0
1506093515,22056967,0.07209999,0.19955732,0
1506093515,22056966,0.07209999,0.20000000,0
1506093496,22056943,0.07209999,0.19955745,0
1506093478,22056932,0.07209985,0.19955743,0
1506093458,22056924,0.07209099,0.15194000,0
1506093451,22056920,0.07209189,0.15193000,0
1506093419,22056909,0.07193201,0.22203272,1
1506093372,22056890,0.07209992,0.20000000,0
1506093353,22056864,0.07209874,0.20000000,0
1506093273,22056811,0.07203999,0.01099206,0
1506093273,22056810,0.07203999,1.09472994,0
1506093270,22056807,0.07203999,0.10054000,0
1506093260,22056803,0.07194000,0.18499500,1
1506093259,22056801,0.07194029,0.14469906,0
1506093258,22056798,0.07194000,0.78411000,1
1506093257,22056796,0.07194033,2.78000000,1
1506093242,22056773,0.07194029,0.22999500,0
1506093232,22056764,0.07194027,0.22999500,1
1506093159,22056741,0.07209994,0.15194000,0
1506093143,22056740,0.07209994,0.19957068,0
1506093121,22056719,0.07208500,0.19955751,0
1506093027,22056671,0.07191802,4.25399706,1
1506093025,22056668,0.07192400,1.81408400,1
1506093025,22056667,0.07209000,0.20000000,1
1506093023,22056662,0.07192400,5.68346300,1
1506093017,22056654,0.07192374,2.77990311,1
1506093016,22056653,0.07192374,0.47040000,1
1506093016,22056651,0.07192374,0.51766399,0
1506093016,22056650,0.07192374,2.78000000,0
1506093015,22056647,0.07192374,1.72668500,0
1506093015,22056646,0.07192374,1.15380137,0
1506093015,22056645,0.07192347,0.48635807,1
1506093013,22056639,0.07192377,1.51877764,1
1506093003,22056626,0.07209962,3.00000000,0
1506092992,22056619,0.07192119,0.22306621,1
1506092990,22056616,0.07209965,0.15195000,0
1506092985,22056612,0.07209972,0.20000000,0
1506092964,22056586,0.07209984,0.20000000,0
1506092953,22056578,0.07194400,0.40192200,1
1506092948,22056573,0.07195800,1.72791000,1
1506092947,22056572,0.07197000,0.47040000,1
1506092944,22056564,0.07209981,0.20000000,0
1506092942,22056559,0.07209985,0.36346100,1
1506092932,22056554,0.07209998,0.20000000,0
1506092912,22056540,0.07209970,0.20000000,0
1506092891,22056513,0.07209977,0.20000000,0
1506092869,22056506,0.07209953,0.15202000,0
1506092859,22056489,0.07209959,0.15200000,0
1506092833,22056486,0.07209980,0.15199000,0
1506092826,22056480,0.07209991,0.15200000,0
1506092825,22056477,0.07196500,4.48665854,1
1506092825,22056476,0.07197000,10.00000000,1
1506092824,22056475,0.07197001,2.69034146,1
1506092810,22056473,0.07209999,0.15200000,0
1506092802,22056459,0.07210000,0.10000000,0
1506092801,22056456,0.07210000,0.10000000,0
1506092800,22056453,0.07209997,0.10000000,0
1506092798,22056452,0.07210000,0.10000000,0
1506092797,22056451,0.07210000,0.08083135,0
1506092796,22056448,0.07210000,0.10000000,0
1506092794,22056444,0.07210000,0.10000000,0
1506092792,22056442,0.07210000,0.10000000,0
1506092791,22056441,0.07209986,0.20000000,0
1506092790,22056439,0.07209986,0.10000000,0
1506092788,22056436,0.07209985,0.10000000,0
1506092786,22056435,0.07210000,0.10000000,0
1506092764,22056430,0.07209988,0.15202000,0
1506092754,22056415,0.07209990,0.15202000,0
1506092733,22056404,0.07209997,0.10000000,1
1506092726,22056399,0.07210000,0.10000000,0
1506092724,22056396,0.07209999,0.10000000,0
1506092722,22056395,0.07209998,0.10000000,0
1506092720,22056394,0.07210000,0.10000000,0
1506092718,22056393,0.07210000,0.10000000,0
1506092717,22056392,0.07210000,0.10000000,0
1506092715,22056390,0.07209999,0.10000000,0
1506092713,22056389,0.07210000,1.57000000,0
1506092712,22056387,0.07210000,0.10000000,0
1506092690,22056385,0.07209997,0.20000000,0
1506092638,22056368,0.07209943,0.15200000,0
1506092613,22056364,0.07209981,0.15200000,0
1506092606,22056360,0.07209985,0.15200000,0
1506092571,22056342,0.07210000,0.20000000,0
1506092550,22056282,0.07210000,0.15200000,0
1506092514,22056268,0.07209828,0.20000000,0
1506092495,22056257,0.07195004,0.30351366,1
1506092495,22056256,0.07195004,0.69648634,1
1506092483,22056252,0.07209726,0.20000000,0
1506092450,22056235,0.07209782,0.20000000,1
1506092403,22056196,0.07209837,4.10000000,0
1506092398,22056192,0.07195002,0.86560228,1
1506092387,22056182,0.07195005,1.05698214,1
1506092386,22056181,0.07195005,0.76453654,1
1506092375,22056169,0.07209872,0.20000000,0
1506092341,22056157,0.07209000,1.76000000,1
1506092274,22056117,0.07209000,0.30400000,0
1506092273,22056116,0.07208997,0.19657428,0
1506092207,22055984,0.07204696,0.26165500,1
1506092204,22055982,0.07204700,2.22033998,0
1506092204,22055981,0.07204696,0.40000000,0
1506092204,22055979,0.07204696,0.50000000,0
1506092204,22055978,0.07204696,1.87966002,0
1506092199,22055967,0.07204696,0.40043000,0
1506092193,22055958,0.07204693,0.49997723,0
1506092193,22055957,0.07204696,0.49990998,0
1506092034,22055844,0.07177002,6.42509724,0
1506092033,22055843,0.07190700,5.00000000,1
1506092033,22055842,0.07192000,0.30400000,1
1506092031,22055841,0.07192003,14.29797276,1
1506091992,22055824,0.07210000,0.15178990,0
1506091842,22055721,0.07192000,2.78000000,1
1506091836,22055710,0.07204000,1.41455010,1
1506091832,22055696,0.07204000,0.58544990,1
1506091712,22055544,0.07189003,0.30652373,0
1506091710,22055543,0.07188717,0.30400000,1
1506091051,22055185,0.07209535,2.06000000,0
1506091033,22055181,0.07209536,5.00000000,0
1506090803,22055100,0.07209964,2.07352352,0
1506090757,22055080,0.07199700,0.98970377,1
1506090757,22055079,0.07209000,0.16507423,1
1506090734,22055066,0.07209000,0.32043000,1
1506090621,22054982,0.07208992,0.48874862,0
1506090621,22054981,0.07208989,4.30117776,0
1506090542,22054923,0.07209089,1.00000000,0
1506090424,22054763,0.07207988,2.78000000,0
1506090407,22054750,0.07208000,0.32600000,0
1506090398,22054743,0.07206600,5.00000000,0
1506090385,22054731,0.07206597,1.09457900,0
1506090303,22054620,0.07204800,5.00000000,0
1506090283,22054604,0.07201000,1.11700458,1
1506090225,22054556,0.07201500,1.81565000,0
1506090182,22054518,0.07200900,2.69958800,0
1506090103,22054350,0.07200300,2.78000000,0
1506090077,22054294,0.07195800,5.00000000,0
1506090076,22054290,0.07199067,2.78000000,0
1506090010,22054183,0.07191700,5.00000000,1
1506089888,22053956,0.07193999,4.05753824,1
1506089699,22053727,0.07192300,0.17606649,0
1506089697,22053726,0.07192300,1.49668322,0
1506089692,22053721,0.07182300,0.37603300,0
1506089683,22053709,0.07192300,0.47420200,0
1506089681,22053705,0.07192399,0.20000000,0
1506089660,22053686,0.07192800,0.32580826,0
1506089655,22053682,0.07193990,2.90221600,0
1506089628,22053650,0.07177200,5.00000000,1
1506089616,22053640,0.07180000,6.05615597,1
1506089602,22053617,0.07180000,6.37585000,1
1506089598,22053599,0.07180900,5.00000000,1
1506089598,22053598,0.07180901,1.05615568,1
1506089587,22053571,0.07181501,0.19120000,1
1506089547,22053440,0.07183821,4.11607100,1
1506089543,22053435,0.07183821,4.75107400,1
1506089540,22053426,0.07183821,7.69682695,1
1506089540,22053423,0.07183822,2.29389305,1
1506089536,22053416,0.07183821,1.87657900,1
1506089529,22053411,0.07183817,1.14772239,1
1506089529,22053410,0.07183820,4.11543261,1
1506089528,22053409,0.07183817,8.66593700,1
1506089509,22053380,0.07183808,5.43012175,1
1506089504,22053368,0.07190051,5.35189500,0
1506089486,22053327,0.07196000,0.76498335,1
1506089421,22053256,0.07197000,0.47010000,0
1506089417,22053251,0.07192700,3.66905359,1
1506089417,22053250,0.07192701,0.26674041,1
1506089410,22053246,0.07194101,0.59410542,1
1506089406,22053242,0.07194100,3.24442910,1
1506089406,22053241,0.07194101,0.26808590,1
1506089401,22053238,0.07197000,0.30400000,1
1506089401,22053237,0.07197639,1.18348467,1
1506089394,22053229,0.07198000,0.47010000,1
1506089384,22053219,0.07197401,2.35879165,1
1506089168,22053042,0.07214753,0.42320576,0
1506089043,22052972,0.07212573,1.00000000,0
1506089017,22052962,0.07209600,0.20000000,0
1506088988,22052937,0.07193301,2.05000007,0
1506088987,22052936,0.07193301,1.94999993,1
1506088922,22052899,0.07208919,0.64033400,0
1506088792,22052692,0.07209896,0.20000000,0
1506088762,22052672,0.07207099,0.20000000,0
1506088754,22052665,0.07207099,0.20000000,0
1506088635,22052588,0.07193003,3.28532000,1
1506088511,22052538,0.07197617,1.78012890,0
1506088351,22052485,0.07201013,1.95999500,1
1506088338,22052468,0.07201013,0.14577500,1
1506088334,22052466,0.07201013,0.36719500,1
1506088146,22052420,0.07204004,0.23320600,1
1506088065,22052343,0.07222760,0.19955415,0
1506088021,22052300,0.07209497,3.00000000,0
1506087944,22052233,0.07180005,16.50141873,1
1506087944,22052232,0.07197611,11.21900000,1
1506087943,22052231,0.07197612,2.36436962,1
1506087913,22052217,0.07202014,0.00354956,1
1506087902,22052136,0.07211984,4.00000000,0
1506087873,22052123,0.07211998,0.48463627,1
1506087848,22052100,0.07202014,0.32719900,1
1506087814,22052087,0.07202014,0.08274000,1
1506087799,22052075,0.07202014,10.19500000,1
1506087745,22052051,0.07204948,0.10000000,0
1506087718,22052034,0.07210500,5.00000000,1
1506087710,22052031,0.07211200,5.00000000,1
1506087573,22051941,0.07225999,1.05666304,0
1506087400,22051826,0.07223600,0.46048900,1
1506087400,22051825,0.07223601,0.21251290,1
1506087393,22051820,0.07223600,4.32937100,1
1506087387,22051816,0.07225000,0.29609731,0
1506087386,22051815,0.07225000,0.89281684,1
1506087386,22051813,0.07227002,0.42334405,1
1506087365,22051784,0.07225001,0.74790600,1
1506087260,22051648,0.07228001,1.02000000,1
1506087258,22051647,0.07226383,1.81217884,1
1506087258,22051646,0.07228000,0.23782116,1
1506087218,22051591,0.07238000,0.50000000,1
1506087206,22051560,0.07238988,3.60000000,0
1506087205,22051558,0.07238988,0.49995411,0
1506087192,22051527,0.07229000,1.52581552,0
1506087187,22051516,0.07228000,1.13541280,1
1506087123,22051436,0.07229000,2.02840517,0
1506087100,22051412,0.07224900,0.70771757,0
1506087100,22051411,0.07224900,0.75162200,0
1506087088,22051384,0.07224900,0.54069000,0
1506087083,22051375,0.07224900,0.05234700,0
1506087082,22051374,0.07224900,0.08321400,0
1506087082,22051373,0.07224900,0.06443900,0
1506087039,22051269,0.07224900,0.20000000,0
1506086960,22051207,0.07213027,3.38887300,0
1506086914,22051155,0.07224900,0.10000000,0
1506086822,22051106,0.07224900,0.08746100,0
1506086822,22051105,0.07224900,9.91253900,0
1506086578,22050958,0.07208108,0.33182371,1
1506086554,22050944,0.07208101,0.17600597,1
1506086543,22050916,0.07223800,0.45924604,0
1506086536,22050877,0.07222622,1.08000000,0
1506086391,22050782,0.07205003,0.27742894,1
1506086227,22050665,0.07207000,3.00000000,1
1506086225,22050660,0.07207000,0.37917900,1
1506086209,22050655,0.07209600,0.12549400,1
1506086118,22050596,0.07222561,0.10000000,0
1506086101,22050580,0.07222581,0.10000000,1
1506086089,22050573,0.07203013,1.78489958,1
1506086042,22050534,0.07206101,0.13965300,1
1506085982,22050492,0.07218000,0.23364547,1
1506085982,22050490,0.07218000,0.12975553,0
1506085923,22050460,0.07201300,0.22999500,1
1506085861,22050434,0.07216994,0.16760519,1
1506085859,22050433,0.07210686,0.69724000,0
1506085851,22050417,0.07206999,0.38672751,1
1506085801,22050363,0.07199300,0.29062500,1
1506085777,22050354,0.07214100,0.59692830,0
1506085682,22050300,0.07199300,0.54659179,1
1506085638,22050270,0.07204200,4.99999149,1
1506085638,22050269,0.07204201,0.14537351,1
1506085630,22050266,0.07219000,0.20000000,0
1506085592,22050227,0.07205300,0.71799113,1
1506085592,22050226,0.07221980,0.14525102,1
1506085578,22050214,0.07206996,0.86145147,0
1506085573,22050208,0.07199600,1.00000000,1
1506085502,22050155,0.07221952,2.00000000,0
1506085480,22050135,0.07205900,1.64055700,1
1506085477,22050134,0.07205900,0.24875100,1
1506085456,22050113,0.07203000,0.32975553,0
1506085456,22050112,0.07203398,0.67024447,1
1506085297,22049954,0.07216682,0.37628600,1
1506085252,22049927,0.07216500,1.74402365,1
1506085240,22049918,0.07222622,0.17702601,0
1506085233,22049903,0.07216682,0.38389635,0
1506085233,22049900,0.07216682,1.37474678,0
1506085233,22049899,0.07216681,2.78000000,0
1506085233,22049896,0.07216500,3.11989827,0
1506085232,22049893,0.07216500,1.22851420,0
1506085231,22049890,0.07216500,0.65158753,0
1506085229,22049887,0.07216682,0.15202000,0
1506085220,22049862,0.07216684,0.53510718,0
1506085219,22049859,0.07216681,0.17684000,0
1506085197,22049809,0.07201340,1.05303900,1
1506085155,22049787,0.07201340,0.65257170,0
1506085153,22049785,0.07201340,0.53823855,1
1506085105,22049737,0.07217388,0.34148755,0
1506085102,22049734,0.07217388,0.44169331,0
1506085097,22049681,0.07217395,0.34148755,0
1506085010,22049616,0.07208500,3.42282200,0
1506085010,22049615,0.07207000,0.28800000,0
1506084986,22049592,0.07206400,4.44497000,0
1506084983,22049591,0.07206400,0.27751500,0
1506084980,22049586,0.07203900,3.73674468,1
1506084978,22049581,0.07203900,5.00000000,0
1506084966,22049567,0.07200900,2.94113400,0
1506084961,22049560,0.07200900,1.02943300,0
1506084948,22049557,0.07204000,0.07054538,1
1506084946,22049552,0.07204000,1.68945462,1
1506084918,22049528,0.07203000,0.95922630,0
1506084918,22049526,0.07202000,0.30390137,0
1506084918,22049523,0.07201997,3.65750700,0
1506084918,22049521,0.07193200,5.00000000,0
1506084806,22049343,0.07191587,3.73370500,1
1506084805,22049341,0.07191587,0.29199500,1
1506084803,22049339,0.07191586,0.97430000,0
1506084742,22049293,0.07191600,0.13232800,0
1506084731,22049289,0.07191700,5.00000000,0
1506084671,22049220,0.07185499,3.34844292,0
1506084660,22049203,0.07184387,0.29299500,0
1506084660,22049202,0.07184387,0.13888525,0
1506084660,22049201,0.07184372,21.48960000,0
1506084634,22049183,0.07184451,0.10000000,0
1506084632,22049177,0.07165813,0.10000000,0
1506084514,22049064,0.07181200,0.38936261,1
1506084495,22049041,0.07171201,0.13888525,0
1506084485,22049022,0.07171100,4.29025475,0
1506084483,22049020,0.07171201,0.13888525,1
1506084482,22049016,0.07190742,0.40000000,0
1506084435,22048974,0.07190984,12.89437900,1
1506084324,22048900,0.07180000,2.00000000,1
1506084319,22048899,0.07189304,0.15258000,0
1506084304,22048881,0.07189402,0.15259000,0
1506084199,22048827,0.07170913,0.87096746,1
1506083954,22048681,0.07166005,7.16241131,0
1506083882,22048652,0.07189559,2.46069001,0
1506083837,22048602,0.07178300,3.26000000,1
1506083832,22048594,0.07178300,0.87000000,1
1506083820,22048575,0.07163847,3.16290863,1
1506083819,22048574,0.07178000,0.30390137,1
1506083819,22048573,0.07178700,5.00000000,1
1506083714,22048490,0.07194760,1.77266066,0
1506083702,22048485,0.07194802,0.87617600,0
1506083581,22048382,0.07195000,0.54977200,0
1506083497,22048327,0.07195800,0.30390100,0
1506083491,22048317,0.07195000,0.83276658,0
1506083490,22048315,0.07194999,0.28949400,0
1506083439,22048277,0.07178000,0.30390137,1
1506083418,22048223,0.07194400,5.00000000,0
1506083418,22048221,0.07193000,0.30300000,0
1506083404,22048164,0.07172013,4.97199415,1
1506083342,22048131,0.07186400,5.00000000,0
1506083315,22048116,0.07182600,0.00000030,1
1506083312,22048115,0.07182600,2.57830570,0
1506083311,22048114,0.07182600,2.42169430,0
1506083311,22048113,0.07182599,2.57830570,0
1506083280,22048099,0.07164003,0.47130000,1
1506083261,22048089,0.07181696,4.70951489,0
1506083261,22048088,0.07181696,0.29048511,0
1506083259,22048087,0.07179600,2.78000000,0
1506083228,22048071,0.07169000,3.09999600,1
1506083220,22048065,0.07174000,0.00000040,1
1506083216,22048060,0.07175000,0.43467565,0
1506083216,22048059,0.07175000,0.42558915,0
1506083216,22048058,0.07175000,0.18441085,0
1506083216,22048057,0.07175000,0.04558915,0
1506083215,22048056,0.07174000,2.62703400,1
1506083213,22048052,0.07175000,0.09441085,0
1506083213,22048050,0.07174000,0.13892712,0
1506083205,22048046,0.07175000,0.30300000,1
1506083205,22048045,0.07175001,0.30275326,1
1506083204,22048044,0.07180000,0.13892712,1
1506083180,22048026,0.07179145,0.30300000,1
1506083165,22048006,0.07181637,0.13822000,0
1506083042,22047924,0.07201997,1.88182658,1
1506083042,22047923,0.07201987,0.11817342,0
1506083026,22047916,0.07191025,0.27491909,1
1506083024,22047912,0.07195000,0.13890000,1
1506082909,22047840,0.07191000,0.26782088,0
1506082835,22047723,0.07199995,0.20175200,1
1506082744,22047595,0.07188507,2.78000000,0
1506082743,22047592,0.07188507,0.46960000,0
1506082734,22047586,0.07181008,4.48629937,1
1506082728,22047579,0.07203400,0.13483634,1
1506082727,22047576,0.07203400,1.21555766,1
1506082722,22047569,0.07203397,3.39023100,0
1506082709,22047555,0.07179066,0.07000000,1
1506082672,22047491,0.07186179,0.17309382,1
1506082650,22047448,0.07194199,2.78000000,0
1506082639,22047420,0.07179000,0.12990618,1
1506082638,22047419,0.07179000,0.07761409,1
1506082638,22047418,0.07179007,0.95347973,1
1506082636,22047415,0.07179009,1.17245300,1
1506082627,22047393,0.07189998,2.52599513,1
1506082625,22047381,0.07190000,1.18959223,0
1506082614,22047325,0.07179301,0.13856421,1
1506082603,22047300,0.07169078,7.51165000,1
1506082589,22047267,0.07199700,0.07000000,0
1506082523,22047153,0.07200192,0.07000000,0
1506082486,22047104,0.07199897,0.07000000,0
1506082456,22047087,0.07198990,0.07000000,0
1506082424,22047032,0.07198900,0.07000000,0
1506082420,22047029,0.07198900,0.24523191,1
1506082369,22046955,0.07199093,0.07000000,0
1506082312,22046912,0.07180300,0.07000000,1
1506082292,22046900,0.07181500,3.95781400,1
1506082277,22046887,0.07182500,4.21403100,1
1506082268,22046885,0.07182500,0.07000000,0
1506082241,22046853,0.07182400,0.07000000,1
1506082160,22046820,0.07188900,0.40020000,1
1506082160,22046819,0.07189000,0.07000000,1
1506082152,22046795,0.07189600,5.00000000,1
1506082098,22046666,0.07209192,0.38174661,0
1506081836,22046390,0.07209676,0.63857193,0
1506081825,22046370,0.07209692,0.13856000,0
1506081824,22046369,0.07209693,0.51950652,1
1506081802,22046345,0.07209697,0.34719055,0
1506081794,22046337,0.07189896,0.07000000,0
1506081770,22046311,0.07189729,0.07000000,1
1506081729,22046274,0.07189469,0.07000000,1
1506081722,22046257,0.07211988,2.50000000,1
1506081664,22046142,0.07189409,5.00000000,1
1506081644,22046114,0.07189400,2.36148200,1
1506081496,22045892,0.07191234,0.29480200,1
1506081478,22045832,0.07191124,3.10373000,1
1506081463,22045798,0.07207273,2.78000000,0
1506081423,22045730,0.07207277,0.50000000,0
1506081288,22045519,0.07195000,0.30300000,1
1506081288,22045518,0.07199000,0.00000027,1
1506081286,22045517,0.07199000,1.93666210,1
1506081286,22045516,0.07199000,0.67700490,1
1506081274,22045486,0.07209000,0.99995381,0
1506081273,22045475,0.07210000,2.82157785,1
1506081268,22045446,0.07199001,2.04220000,1
1506081267,22045441,0.07199001,0.12566900,1
1506081266,22045439,0.07199001,0.69724793,0
1506081265,22045435,0.07199000,0.44184800,1
1506081264,22045432,0.07199001,2.35826707,0
1506081263,22045426,0.07212000,0.86566203,0
1506081240,22045350,0.07203000,0.47020000,1
1506081239,22045349,0.07216000,0.52154580,1
1506081203,22045262,0.07199700,2.37723609,1
1506081203,22045261,0.07204900,0.83276658,1
1506081203,22045260,0.07214000,0.54845790,1
1506081202,22045257,0.07214000,1.17154210,1
1506081112,22045196,0.07204901,2.04430000,1
1506081023,22045136,0.07218900,5.00000000,1
1506081022,22045134,0.07218987,0.83391081,0
1506080949,22045066,0.07204702,0.00164932,1
1506080948,22045065,0.07204704,2.35640067,1
1506080948,22045064,0.07208000,0.00000001,1
1506080900,22044981,0.07217000,2.91472945,1
1506080899,22044978,0.07217000,0.68527055,1
1506080890,22044903,0.07208000,0.25342588,1
1506080886,22044876,0.07209000,0.30300000,0
1506080884,22044863,0.07208302,6.43811368,0
1506080881,22044847,0.07208302,3.00000000,0
1506080879,22044840,0.07208302,15.56184023,0
1506080874,22044788,0.07208316,0.30300000,0
1506080872,22044781,0.07208000,0.16622311,1
1506080855,22044700,0.07208400,0.41919425,0
1506080839,22044649,0.07208470,13.65090122,0
1506080838,22044648,0.07208483,1.90536118,0
1506080755,22044514,0.07208942,1.19520000,0
1506080751,22044485,0.07200687,2.78000000,0
1506080736,22044418,0.07199003,0.45773400,1
1506080734,22044412,0.07200688,1.16061000,0
1506080705,22044293,0.07199000,0.98768190,1
1506080694,22044244,0.07199000,1.49346520,1
1506080694,22044243,0.07199000,3.60000000,1
1506080694,22044241,0.07199000,2.35826740,1
1506080694,22044240,0.07199001,2.35826740,1
1506080693,22044237,0.07200762,3.60000000,0
1506080682,22044183,0.07199000,1.24173260,1
1506080682,22044181,0.07199001,2.35826740,1
1506080641,22044060,0.07201000,0.91022700,0
1506080606,22043980,0.07190200,4.69700050,1
1506080605,22043979,0.07192000,0.30300000,1
1506080605,22043978,0.07192101,0.19479350,1
1506080592,22043969,0.07192100,0.00000019,1
1506080592,22043968,0.07195014,0.83391081,1
1506080582,22043952,0.07195016,0.38807102,1
1506080582,22043951,0.07198200,0.00000029,1
1506080576,22043939,0.07198200,4.99999971,1
1506080576,22043938,0.07207000,0.40305229,1
1506080541,22043839,0.07207000,1.59694771,1
1506080356,22043608,0.07193309,3.03957753,1
1506080356,22043607,0.07193309,1.92676054,1
1506080356,22043606,0.07193309,2.26481400,1
1506080354,22043601,0.07193306,9.35299100,1
1506080319,22043584,0.07208191,1.82197530,1
1506080318,22043583,0.07204000,0.17225400,0
1506080281,22043562,0.07204000,0.45414600,0
1506080234,22043517,0.07204000,1.71000000,0
1506080234,22043516,0.07203999,0.52693250,0
1506080224,22043507,0.07203957,2.00000000,0
1506080221,22043505,0.07203958,0.39901900,0
1506080161,22043469,0.07203996,1.00000000,0
1506080108,22043454,0.07191830,0.90327900,0
1506080108,22043453,0.07191830,0.90319700,0
1506080090,22043432,0.07203988,1.31934900,0
1506080079,22043424,0.07203985,1.46742900,0
1506080077,22043423,0.07191843,1.46742900,0
1506080075,22043421,0.07191858,2.78000000,1
1506080049,22043399,0.07191843,2.01684600,1
1506080047,22043394,0.07191833,1.99981573,1
1506080046,22043393,0.07191842,2.24094000,1
1506080005,22043350,0.07200700,2.23078100,1
1506079999,22043341,0.07200700,1.09107800,1
1506079999,22043339,0.07204000,1.71000000,1
1506079866,22043275,0.07214799,0.84533000,0
1506079864,22043274,0.07209416,2.78000000,0
1506079861,22043272,0.07209413,0.30000000,0
1506079623,22043171,0.07205892,3.62759000,0
1506079574,22043153,0.07192287,0.47050000,1
1506079414,22043055,0.07209587,0.62031539,0
1506079296,22042966,0.07209860,1.41367437,0
1506079278,22042943,0.07199200,0.42950000,1
1506079278,22042942,0.07200000,0.47050000,1
1506079277,22042941,0.07209000,0.10000000,1
1506079157,22042823,0.07206533,6.09721900,0
1506079109,22042806,0.07197600,1.61753013,0
1506079109,22042805,0.07197599,0.47130000,0
1506079101,22042802,0.07193100,2.10802000,0
1506079085,22042785,0.07193097,0.33633800,1
1506079083,22042782,0.07182204,0.17426300,1
1506079081,22042780,0.07182204,2.03495000,1
1506079072,22042769,0.07193100,0.88816100,0
1506079072,22042768,0.07192000,0.47130000,0
1506079061,22042754,0.07191400,0.63043175,1
1506079060,22042749,0.07191400,2.85121300,1
1506079059,22042746,0.07191400,1.51828200,1
1506079057,22042741,0.07193100,2.37991300,1
1506079057,22042740,0.07194000,0.47130000,1
1506079039,22042688,0.07196500,2.19324400,1
1506079039,22042687,0.07203000,1.39375600,1
1506079019,22042665,0.07199000,0.05252000,1
1506079019,22042664,0.07208000,0.10000000,1
1506078990,22042640,0.07209000,0.89388115,1
1506078846,22042486,0.07197000,0.60624400,1
1506078720,22042438,0.07204867,2.00311789,0
1506078674,22042398,0.07204899,1.47115157,0
1506078665,22042368,0.07204900,0.70771757,1
1506078664,22042365,0.07204900,1.34465900,1
1506078654,22042360,0.07204900,0.08321400,1
1506078649,22042356,0.07204900,0.45190000,1
1506078620,22042340,0.07204900,9.91253900,1
1506078588,22042327,0.07204900,5.00000000,0
1506078557,22042290,0.07200000,1.14381900,0
1506078550,22042287,0.07200000,0.84181900,0
1506078550,22042286,0.07200000,0.30200000,0
1506078548,22042284,0.07200000,0.00000500,0
1506078535,22042273,0.07194000,3.57496600,0
1506078535,22042272,0.07193000,0.47130000,0
1506078531,22042271,0.07184004,1.20845200,1
1506078531,22042270,0.07184004,8.69510600,1
1506078529,22042265,0.07194000,0.71280339,0
1506078528,22042260,0.07184003,0.18553429,0
1506078519,22042245,0.07184000,3.79154800,1
1506078518,22042240,0.07184003,12.75113200,0
1506078515,22042238,0.07187000,2.30870000,1
1506078515,22042237,0.07187000,0.47130000,1
1506078311,22042146,0.07193000,2.78000000,1
1506078310,22042145,0.07199998,0.00000043,1
1506078143,22041922,0.07199999,7.50688577,0
1506078035,22041771,0.07199998,1.69264200,1
1506078032,22041768,0.07199998,0.50000000,1
1506078013,22041747,0.07199999,0.30200000,0
1506077963,22041661,0.07199998,0.52998015,1
1506077962,22041660,0.07199996,2.35926957,0
1506077962,22041659,0.07199995,2.67829676,0
1506077962,22041658,0.07199995,0.23981109,0
1506077943,22041647,0.07199997,3.50006947,0
1506077943,22041646,0.07199997,1.69993053,0
1506077873,22041587,0.07182200,0.87500000,1
1506077872,22041586,0.07183000,0.30200000,1
1506077850,22041559,0.07183600,5.00000000,1
1506077850,22041558,0.07185000,0.35466264,1
1506077838,22041533,0.07189700,5.00000000,1
1506077829,22041511,0.07189400,0.20355533,0
1506077826,22041503,0.07190000,4.79633175,1
1506077826,22041502,0.07195943,0.00004338,1
1506077825,22041500,0.07195834,2.35922619,0
1506077825,22041499,0.07190000,0.20366825,1
1506077825,22041498,0.07197000,1.70000000,1
1506077825,22041497,0.07199000,0.23988275,1
1506077816,22041458,0.07200000,0.47049500,0
1506077777,22041424,0.07199974,1.61726000,0
1506077765,22041401,0.07199000,1.43301826,1
1506077728,22041385,0.07209908,1.01863976,0
1506077709,22041373,0.07209915,0.31001036,0
1506077690,22041361,0.07209977,0.32186553,0
1506077689,22041360,0.07209977,14.74932288,0
1506077689,22041357,0.07209000,1.92875500,1
1506077688,22041354,0.07209000,1.67124500,1
1506077682,22041339,0.07200993,0.28297203,1
1506077679,22041329,0.07200993,0.18746207,0
1506077674,22041322,0.07201000,0.18742797,1
1506077669,22041314,0.07185050,0.42043200,1
1506077586,22041163,0.07186000,0.21113300,1
1506077586,22041162,0.07186000,0.25926700,1
1506077550,22041113,0.07201333,0.69258441,0
1506077413,22040956,0.07201554,1.00275537,0
1506077361,22040899,0.07195676,1.56364739,1
1506077360,22040896,0.07195671,3.02577463,0
1506077337,22040855,0.07205396,1.64540203,0
1506077337,22040854,0.07185700,0.35466264,0
1506077310,22040809,0.07186100,2.78000000,0
1506077070,22040450,0.07198996,0.57958901,0
1506077068,22040449,0.07198000,0.30200000,0
1506077034,22040433,0.07182004,8.13851145,1
1506077024,22040424,0.07197900,2.27324600,0
1506077023,22040423,0.07197897,0.30200000,0
1506077014,22040419,0.07196300,5.00000000,0
1506076991,22040409,0.07188000,4.90216200,0
1506076982,22040405,0.07178003,0.09783784,0
1506076702,22040233,0.07179000,0.59313200,1
1506076702,22040232,0.07179000,2.00000000,1
1506076666,22040208,0.07179031,0.59313200,0
1506076502,22039984,0.07189000,5.00000000,0
1506076502,22039983,0.07179031,0.30002695,0
1506076423,22039810,0.07193435,1.85269858,1
1506076423,22039809,0.07193435,0.91726000,0
1506076423,22039808,0.07193435,1.39011057,0
1506076187,22039555,0.07169240,0.65942862,1
1506076056,22039464,0.07169050,0.09147911,0
1506075950,22039430,0.07169000,0.50000400,1
1506075934,22039418,0.07179397,0.97969777,1
1506075929,22039409,0.07179400,4.99992928,0
1506075927,22039406,0.07169400,0.83765777,1
1506075927,22039405,0.07169401,1.08717923,1
1506075919,22039398,0.07169400,5.00000000,0
1506075910,22039387,0.07172926,2.78000000,1
1506075910,22039386,0.07172927,2.16570969,1
1506075790,22039262,0.07172803,3.22102300,1
1506075789,22039260,0.07172800,2.78000000,1
1506075781,22039252,0.07189300,1.00000000,0
1506075724,22039202,0.07172300,1.13356923,1
1506075709,22039188,0.07189000,0.00751334,0
1506075709,22039187,0.07189000,0.09248666,0
1506075578,22039122,0.07181100,4.85194000,0
1506075578,22039121,0.07181099,3.70751400,0
1506075548,22039115,0.07163602,0.09185156,1
1506075478,22039021,0.07168300,3.13581171,1
1506075478,22039020,0.07168301,1.86340708,1
1506075463,22039008,0.07171000,0.09248666,0
1506075435,22038992,0.07183996,2.98718600,0
1506075423,22038977,0.07175010,3.17956000,0
1506075422,22038976,0.07175010,0.25000000,0
1506075421,22038967,0.07174000,0.47120000,0
1506075374,22038939,0.07177000,0.07907900,1
1506075372,22038937,0.07177000,0.22292100,1
1506075358,22038924,0.07177048,6.15641431,0
1506075357,22038923,0.07177048,4.60429569,1
1506075355,22038919,0.07177048,6.90643431,1
1506075350,22038912,0.07193698,0.69962000,0
1506075266,22038831,0.07180500,1.38712100,1
1506075262,22038830,0.07180500,0.89989800,1
1506075244,22038788,0.07187000,0.47120000,1
1506075241,22038784,0.07199653,3.63019000,0
1506075226,22038765,0.07185059,0.67951280,1
1506074994,22038527,0.07183500,1.16044809,1
1506074994,22038526,0.07189000,0.15762806,1
1506074889,22038409,0.07189000,0.64137194,1
1506074889,22038408,0.07189000,0.30100000,1
1506074852,22038376,0.07189000,0.50000000,1
1506074836,22038365,0.07179401,0.23000000,1
1506074762,22038313,0.07195494,3.64559000,0
1506074746,22038306,0.07184100,0.76431353,0
1506074745,22038305,0.07184100,1.38000000,1
1506074745,22038303,0.07184100,0.00000100,1
1506074744,22038301,0.07184100,1.39999900,1
1506074744,22038300,0.07184100,1.38712100,1
1506074723,22038288,0.07184100,1.39287900,1
1506074484,22038048,0.07168004,1.09650300,0
1506074480,22038029,0.07169000,0.30100000,1
1506074447,22037881,0.07167213,16.62000000,1
1506074436,22037832,0.07181600,0.78324943,0
1506074434,22037814,0.07190000,3.81669847,1
1506074434,22037812,0.07190000,0.30000000,0
1506074434,22037811,0.07182389,4.47172153,0
1506074433,22037810,0.07181700,5.00000000,0
1506074404,22037727,0.07165703,5.00000000,1
1506074392,22037684,0.07165701,4.78794400,1
1506074388,22037657,0.07170000,0.21205565,1
1506074301,22037575,0.07171000,2.00000000,1
1506074251,22037521,0.07173000,0.30000000,1
1506074223,22037494,0.07178986,2.90867797,1
1506074199,22037483,0.07178960,2.78000000,0
1506074199,22037482,0.07178960,0.57400000,0
1506074184,22037468,0.07178958,0.41110000,1
1506074174,22037460,0.07178958,0.40890000,1
1506074122,22037373,0.07180598,1.77837000,0
1506074119,22037360,0.07178958,0.50000000,1
1506074117,22037355,0.07178958,0.50000000,1
1506074115,22037344,0.07178945,0.50000000,1
1506074112,22037333,0.07178945,0.50000000,1
1506074109,22037316,0.07178945,0.50000000,1
1506074105,22037304,0.07178945,0.50000000,1
1506074102,22037284,0.07178945,0.50000000,1
1506074101,22037278,0.07182000,2.00000000,0
1506074097,22037255,0.07178945,0.50000000,1
1506074095,22037246,0.07178945,0.50000000,1
1506074092,22037227,0.07178945,0.50000000,1
1506074090,22037225,0.07178945,0.50000000,1
1506074088,22037222,0.07178945,0.50000000,1
1506074085,22037221,0.07178945,0.50000000,1
1506074083,22037216,0.07178945,0.50000000,1
1506074081,22037211,0.07178945,0.50000000,1
1506074078,22037205,0.07178945,0.50000000,1
1506074076,22037204,0.07178945,0.50000000,1
1506074073,22037203,0.07178945,0.50000000,1
1506074070,22037199,0.07178945,0.50000000,1
1506074069,22037198,0.07178945,0.50000000,1
1506074066,22037194,0.07178945,0.50000000,1
1506074064,22037192,0.07178945,0.19704072,1
1506074058,22037183,0.07178945,0.50000000,1
1506074055,22037180,0.07178945,0.50000000,1
1506074048,22037176,0.07178000,2.53200000,0
1506074047,22037174,0.07178932,2.46800000,1
1506074046,22037172,0.07176396,2.78000000,0
1506073884,22037064,0.07162326,0.17971000,1
1506073772,22037034,0.07178888,4.31674085,0
1506073617,22036964,0.07178994,0.24594000,1
1506073604,22036938,0.07179000,10.18824959,0
1506073604,22036936,0.07178999,3.91381655,0
1506073603,22036933,0.07178997,0.00000048,0
1506073601,22036930,0.07178997,8.43339952,1
1506073543,22036796,0.07175000,1.60000000,1
1506073289,22036666,0.07178644,1.82321340,0
1506073259,22036651,0.07178670,0.16267637,0
1506073244,22036638,0.07165601,0.20802300,0
1506073236,22036626,0.07170000,2.90299165,1
1506073236,22036625,0.07170001,1.95245455,1
1506073236,22036623,0.07170007,2.36780374,1
1506073202,22036613,0.07178707,1.00000000,0
1506073038,22036544,0.07178928,0.52473008,0
1506073001,22036499,0.07178956,4.04132000,0
1506072868,22036386,0.07170000,0.36000000,1
1506072855,22036369,0.07170000,7.73700835,1
1506072855,22036368,0.07170001,0.03541865,1
1506072854,22036366,0.07170001,0.62500200,1
1506072843,22036359,0.07179000,0.50000000,0
1506072843,22036357,0.07179000,1.38013000,0
1506072840,22036353,0.07179000,0.80000000,0
1506072815,22036303,0.07179000,1.27043000,0
1506072774,22036286,0.07179000,2.00000000,0
1506072766,22036284,0.07179000,13.53088230,0
1506072749,22036267,0.07179000,0.14954900,0
1506072705,22036243,0.07179000,5.00000000,0
1506072705,22036242,0.07180000,0.72400000,1
1506072705,22036241,0.07181000,3.15113300,1
1506072705,22036240,0.07181006,1.42000000,1
1506072705,22036239,0.07181006,1.36613200,1
1506072672,22036222,0.07181006,1.41386800,1
1506072602,22036088,0.07196545,0.28500000,0
1506071848,22035665,0.07183348,0.45056500,1
1506071743,22035577,0.07201660,0.25000000,0
1506071671,22035468,0.07190000,7.32070656,0
1506071671,22035467,0.07190000,4.99999500,0
1506071667,22035458,0.07190000,11.36893117,0
1506071664,22035446,0.07190000,0.38346000,0
1506071658,22035438,0.07190000,3.33560500,0
1506071657,22035436,0.07190000,13.87228400,0
1506071651,22035430,0.07190000,0.20000000,0
1506071645,22035422,0.07181120,3.72142528,1
1506071621,22035413,0.07190000,2.67952000,0
1506071614,22035410,0.07190000,4.16028500,0
1506071613,22035408,0.07190000,2.02063976,0
1506071610,22035404,0.07190000,1.08695100,0
1506071595,22035390,0.07190000,10.87000000,0
1506071592,22035387,0.07190000,0.12225000,0
1506071591,22035383,0.07190000,3.54460200,0
1506071550,22035363,0.07190000,1.03477051,0
1506071521,22035348,0.07190000,3.00000000,0
1506071065,22035078,0.07183800,0.20000000,0
1506071063,22035073,0.07183800,0.11398545,0
1506071059,22035070,0.07183801,1.69250253,1
1506071059,22035069,0.07185100,5.57874000,1
1506071044,22035064,0.07185100,0.23625700,1
1506071031,22035058,0.07185100,0.69700300,1
1506071030,22035056,0.07185100,7.48800000,1
1506071030,22035055,0.07185800,5.00000000,1
1506071025,22035050,0.07186085,14.00000000,1
1506071025,22035049,0.07186245,2.77581300,1
1506070997,22035039,0.07205721,0.10000000,0
1506070889,22034947,0.07205399,2.77999500,0
1506070870,22034930,0.07204899,2.77581300,0
1506070629,22034715,0.07188100,7.55381752,1
1506070626,22034708,0.07202694,3.37220998,0
1506070565,22034668,0.07188100,6.19753500,1
1506070565,22034667,0.07188100,0.24864748,1
1506070565,22034666,0.07188100,6.57010152,1
1506070564,22034665,0.07188100,3.01686400,1
1506070557,22034657,0.07188100,0.55642535,1
1506070544,22034628,0.07188100,3.85660913,1
1506070544,22034626,0.07188500,4.99858400,1
1506070544,22034625,0.07188506,4.16108687,1
1506070507,22034577,0.07188500,9.00141600,1
1506070478,22034569,0.07189503,9.19264400,0
1506070470,22034568,0.07197000,4.41534300,1
1506070462,22034560,0.07197001,4.41534300,1
1506070448,22034552,0.07197000,3.75695300,1
1506070445,22034550,0.07197001,6.50702700,1
1506070445,22034549,0.07197001,3.75695300,1
1506070429,22034547,0.07197001,0.09980000,1
1506070417,22034545,0.07197001,3.63622000,1
1506070388,22034534,0.07205541,1.23999900,0
1506070384,22034522,0.07197000,1.36783700,1
1506070344,22034510,0.07197000,1.10000000,1
1506070343,22034506,0.07197000,0.16357600,1
1506070338,22034502,0.07197000,1.50000000,1
1506070324,22034496,0.07197000,1.69629100,1
1506070324,22034495,0.07197000,0.97370400,1
1506070261,22034459,0.07197000,0.22629600,1
1506070258,22034458,0.07197000,0.10000000,1
1506070243,22034450,0.07197000,0.10000000,1
1506070222,22034435,0.07197000,0.20000000,1
1506070064,22034396,0.07205598,0.06921743,0
1506069781,22034075,0.07201566,2.00000000,0
1506069753,22034024,0.07201662,0.14323000,0
1506069722,22034001,0.07201694,0.25773400,0
1506069703,22033959,0.07185068,7.99836956,1
1506069650,22033911,0.07202300,5.00000000,0
1506069608,22033895,0.07201396,1.73115400,0
1506069567,22033877,0.07202000,1.26856100,1
1506069554,22033871,0.07201396,2.10787580,0
1506069539,22033862,0.07201396,0.16537071,0
1506069523,22033852,0.07201321,0.65090000,0
1506069474,22033834,0.07201361,0.47860000,0
1506069465,22033823,0.07201387,0.45082919,0
1506069459,22033817,0.07195000,2.00000000,1
1506069414,22033795,0.07190061,0.88851900,1
1506069284,22033736,0.07200248,3.92478500,0
1506069153,22033657,0.07181505,4.86751859,1
1506069151,22033650,0.07181505,11.27053700,0
1506068999,22033477,0.07181778,0.69647000,1
1506068977,22033465,0.07181775,0.58543500,1
1506068818,22033367,0.07201369,1.00400300,0
1506068734,22033325,0.07200300,5.00000000,0
1506068658,22033300,0.07199300,3.50886400,0
1506068586,22033254,0.07192001,4.40794902,1
1506068574,22033242,0.07202000,1.30100000,1
1506068552,22033229,0.07202000,0.29900000,0
1506068546,22033223,0.07192001,0.59204598,1
1506068546,22033222,0.07199000,0.28603602,1
1506068472,22033128,0.07199200,0.79300000,0
1506068457,22033105,0.07198800,2.29800000,0
1506068437,22033080,0.07198794,2.31998800,0
1506068294,22032937,0.07198899,0.69028000,0
1506068248,22032922,0.07199000,0.36077344,0
1506068187,22032848,0.07185000,0.29900000,1
1506068029,22032741,0.07197499,4.12328500,0
1506068027,22032738,0.07197500,4.99996203,0
1506068022,22032724,0.07196100,0.29559900,0
1506068017,22032713,0.07196100,2.76347061,0
1506068016,22032711,0.07194000,0.47052939,0
1506068006,22032698,0.07193700,2.66664300,0
1506068006,22032697,0.07193700,1.15637495,0
1506068005,22032696,0.07189000,0.09932805,0
1506067756,22032569,0.07189000,0.11280759,1
1506067747,22032562,0.07189000,0.99324000,1
1506067746,22032558,0.07189000,0.89395241,1
1506067682,22032536,0.07181000,0.44886700,1
1506067630,22032518,0.07181377,0.34497000,1
1506067598,22032498,0.07188070,0.83358400,0
1506067593,22032496,0.07181209,4.41351400,1
1506067586,22032493,0.07181168,0.29476700,1
1506067566,22032476,0.07183118,1.77322600,0
1506067531,22032465,0.07183125,0.84627700,1
1506067516,22032457,0.07183123,31.00000000,1
1506067454,22032447,0.07183123,1.46147400,1
1506067395,22032405,0.07196998,1.70000000,0
1506067142,22032308,0.07190446,1.61952900,1
1506067142,22032306,0.07201999,1.51483800,0
1506067141,22032304,0.07190445,1.64653400,1
1506067092,22032269,0.07190314,9.16359500,1
1506067082,22032245,0.07197000,0.47052939,1
1506067070,22032228,0.07195793,1.36230366,0
1506067068,22032218,0.07195793,3.55764054,1
1506067068,22032216,0.07195793,1.53268536,1
1506067064,22032200,0.07195793,1.08365759,1
1506066851,22032111,0.07195627,0.27750400,1
1506066740,22032050,0.07195627,0.27754200,1
1506066733,22032039,0.07212087,0.10000000,0
1506066731,22032037,0.07212088,0.10000000,0
1506066729,22032034,0.07212095,0.59000000,0
1506066725,22032027,0.07195627,0.74814500,1
1506066665,22031956,0.07195627,3.92586500,1
1506066665,22031955,0.07195627,14.79147100,1
1506066664,22031952,0.07195627,7.02564000,1
1506066662,22031946,0.07195627,25.74294082,1
1506066506,22031885,0.07195625,0.15770000,1
1506066467,22031872,0.07195625,0.27759000,1
1506066436,22031863,0.07195611,7.39548100,1
1506066407,22031846,0.07195539,2.64052492,1
1506066369,22031823,0.07193826,7.39003200,0
1506066369,22031822,0.07193812,5.66685000,0
1506066369,22031819,0.07193839,25.00000000,1
1506066325,22031780,0.07193627,1.35981763,1
1506066281,22031699,0.07200980,0.66531943,0
1506066281,22031698,0.07200980,5.05262257,0
1506066233,22031673,0.07200980,2.98093552,0
1506066233,22031672,0.07200980,2.58292248,0
1506066124,22031590,0.07200096,0.19700000,0
1506066117,22031579,0.07191002,2.95858691,1
1506066117,22031578,0.07191015,0.13570250,1
1506066113,22031572,0.07200104,0.18400000,0
1506066107,22031561,0.07200104,11.40471860,1
1506066102,22031545,0.07201001,0.19700000,0
1506066097,22031525,0.07200100,0.29900000,1
1506066095,22031521,0.07200100,0.54403374,1
1506066088,22031489,0.07182726,17.57405938,0
1506066087,22031488,0.07182726,3.00000000,0
1506066086,22031483,0.07182725,0.19992413,1
1506066086,22031481,0.07188341,0.54410631,1
1506066086,22031479,0.07196028,0.55490106,1
1506066085,22031477,0.07196028,2.22509894,1
1506066085,22031474,0.07201000,0.82473453,1
1506066085,22031473,0.07201000,0.13991824,1
1506066081,22031449,0.07201000,4.03534723,1
1506066079,22031432,0.07200000,0.96458190,1
1506066078,22031430,0.07203000,0.00122758,1
1506066074,22031405,0.07203000,0.15986294,1
1506066039,22031376,0.07212300,5.00000000,1
1506065936,22031352,0.07212700,1.12139040,1
1506065833,22031303,0.07218700,0.53633084,1
1506065797,22031292,0.07220000,0.20649523,1
1506065780,22031281,0.07220000,1.44000100,1
1506065780,22031280,0.07220300,5.00000000,1
1506065762,22031270,0.07220700,2.10223100,1
1506065719,22031216,0.07220000,0.71863061,1
1506065707,22031207,0.07220000,9.03996400,1
1506065647,22031180,0.07225396,0.85112600,0
1506065423,22031009,0.07240465,0.00000030,1
1506065422,22031006,0.07240465,2.34476200,1
1506065418,22031000,0.07241859,2.89313100,1
1506065417,22030995,0.07241861,4.86948009,0
1506065324,22030923,0.07241900,4.79995574,0
1506065324,22030922,0.07240116,0.20000000,0
1506065312,22030918,0.07225313,0.50000000,1
1506065298,22030914,0.07231000,0.29900000,1
1506065213,22030883,0.07239997,0.13798487,1
1506065205,22030878,0.07239998,0.12240000,0
1506065200,22030872,0.07240000,0.45201513,0
1506064943,22030737,0.07239000,2.78000000,1
1506064932,22030727,0.07239000,0.82000000,1
1506064932,22030726,0.07239119,2.78000000,1
1506064929,22030724,0.07239119,2.78000000,1
1506064892,22030667,0.07243700,1.98420216,1
1506064890,22030661,0.07253695,0.54267404,1
1506064774,22030563,0.07239052,7.71099682,1
1506064752,22030555,0.07253899,0.20000000,0
1506064658,22030506,0.07239004,1.88514634,1
1506064637,22030486,0.07247600,3.86294500,1
1506064634,22030482,0.07247600,1.13705472,1
1506064634,22030480,0.07249000,0.46760000,1
1506064627,22030469,0.07247800,2.59130700,1
1506064616,22030450,0.07251601,2.40869334,1
1506064614,22030441,0.07251601,4.68067166,1
1506064608,22030428,0.07253800,5.00000000,1
1506064607,22030424,0.07258634,2.05889315,1
1506064597,22030401,0.07258634,0.10900000,1
1506064594,22030400,0.07258634,0.17100000,1
1506064584,22030380,0.07266000,0.58172372,1
1506064583,22030372,0.07266192,9.52962638,0
1506064578,22030363,0.07266193,3.60000000,0
1506064571,22030330,0.07266000,1.82242700,1
1506064517,22030178,0.07261175,7.08866800,0
1506064455,22030049,0.07256592,0.44062108,0
1506064454,22030047,0.07261195,0.60933602,0
1506064454,22030046,0.07256595,11.74900000,0
1506064436,22030009,0.07256602,1.37668000,0
1506064406,22029972,0.07256613,1.54852700,0
1506064404,22029970,0.07256614,0.10000000,0
1506064402,22029927,0.07256615,0.10000000,0
1506064400,22029924,0.07256615,0.10000000,0
1506064398,22029922,0.07256616,0.10000000,0
1506064396,22029920,0.07256619,0.10000000,0
1506064395,22029919,0.07256623,0.10000000,0
1506064393,22029918,0.07256623,0.10000000,0
1506064367,22029863,0.07256645,2.38709678,0
1506064360,22029835,0.07256647,0.40446500,0
1506064355,22029805,0.07256651,0.10000000,0
1506064352,22029801,0.07256652,0.10000000,0
1506064350,22029797,0.07256655,0.10000000,0
1506064347,22029786,0.07256658,0.10000000,0
1506064346,22029783,0.07256657,0.10000000,0
1506064344,22029777,0.07256658,0.10000000,0
1506064343,22029775,0.07256657,0.10000000,0
1506064340,22029774,0.07256658,0.10000000,0
1506064338,22029772,0.07256659,0.20000000,0
1506064338,22029771,0.07256659,0.10000000,0
1506064336,22029769,0.07256659,0.10000000,0
1506064333,22029765,0.07256659,0.10000000,0
1506064332,22029761,0.07256659,0.10000000,0
1506064330,22029758,0.07256659,0.10000000,0
1506064329,22029756,0.07256660,0.10000000,0
1506064326,22029752,0.07256658,0.10000000,0
1506064325,22029751,0.07256661,0.10000000,0
1506064322,22029745,0.07256668,0.10000000,0
1506064320,22029744,0.07256668,0.10000000,0
1506064317,22029739,0.07256668,0.10000000,0
1506064314,22029735,0.07256668,0.10000000,0
1506064311,22029733,0.07256668,0.10000000,0
1506064309,22029727,0.07256668,0.10000000,0
1506064306,22029725,0.07256669,0.10000000,0
1506064305,22029724,0.07256679,0.10000000,0
1506064303,22029723,0.07256679,0.10000000,0
1506064302,22029718,0.07256679,0.10000000,0
1506064300,22029712,0.07263400,0.10000000,0
1506064298,22029706,0.07256683,0.10000000,0
1506064296,22029704,0.07256687,0.10000000,0
1506064296,22029702,0.07243400,2.04074920,1
1506064296,22029701,0.07246000,0.95925080,1
1506064292,22029696,0.07256691,0.10000000,0
1506064290,22029694,0.07256691,0.10000000,0
1506064288,22029692,0.07256691,0.10000000,0
1506064287,22029688,0.07256691,0.10000000,0
1506064279,22029673,0.07256692,0.10000000,0
1506064277,22029670,0.07256689,0.10000000,0
1506064275,22029667,0.07256692,0.10000000,0
1506064265,22029630,0.07246000,0.65035900,1
1506064261,22029613,0.07246001,0.22828678,1
1506064248,22029605,0.07246000,0.53061099,1
1506064248,22029604,0.07246001,0.45498101,1
1506064233,22029593,0.07246001,0.37230200,1
1506064180,22029566,0.07256837,0.10000000,0
1506064176,22029559,0.07248820,2.30000000,0
1506064172,22029549,0.07248819,2.29995605,0
1506064168,22029544,0.07246000,0.51797962,1
1506064168,22029543,0.07246001,1.27649338,1
1506064162,22029527,0.07256859,7.80000000,0
1506064159,22029519,0.07246765,2.14022100,1
1506064156,22029512,0.07249000,0.27798906,1
1506064156,22029511,0.07250000,0.11999500,1
1506064156,22029510,0.07250000,0.11999500,1
1506064151,22029504,0.07256860,2.53340400,0
1506064151,22029503,0.07256860,13.81084694,0
1506064150,22029502,0.07250000,0.12000000,0
1506064150,22029501,0.07249999,0.15798906,0
1506064138,22029477,0.07249996,0.00597765,0
1506064138,22029476,0.07248639,0.13880235,0
1506064119,22029455,0.07246000,0.50125853,1
1506064119,22029454,0.07246273,2.02965666,1
1506064119,22029453,0.07246274,10.55703900,1
1506064119,22029452,0.07246881,0.62854381,1
1506064093,22029429,0.07246003,0.62867623,1
1506064084,22029420,0.07248638,3.66679057,0
1506064084,22029419,0.07246885,0.03009589,0
1506064084,22029418,0.07246885,0.10780453,0
1506064083,22029415,0.07246885,1.91247500,0
1506064076,22029409,0.07246877,17.74370700,0
1506064074,22029395,0.07246877,7.60098587,0
1506064070,22029385,0.07246877,16.63669513,0
1506064067,22029371,0.07246878,11.53900500,0
1506064060,22029335,0.07246878,1.37983000,0
1506064052,22029311,0.07246878,1.20096704,0
1506064050,22029303,0.07246878,7.63345132,0
1506064050,22029302,0.07246877,4.40549374,0
1506064041,22029270,0.07246878,19.77737500,0
1506064024,22029237,0.07246880,10.48983300,0
1506064005,22029187,0.07246882,8.26514286,0
1506064003,22029178,0.07246882,20.44787800,0
1506064001,22029171,0.07246882,20.44651200,0
1506063995,22029156,0.07246882,20.44523077,0
1506063983,22029139,0.07246884,2.91629050,0
1506063983,22029138,0.07240000,0.00000550,0
1506063980,22029126,0.07240000,8.10563000,0
1506063971,22029115,0.07240000,5.05672100,0
1506063968,22029105,0.07240000,8.25445600,0
1506063966,22029099,0.07240000,8.24659700,0
1506063963,22029092,0.07240000,3.89437300,0
1506063963,22029091,0.07240000,1.84360870,0
1506063959,22029084,0.07239999,4.34444801,0
1506063950,22029061,0.07239999,0.41429000,0
1506063946,22029045,0.07240000,4.34435900,0
1506063851,22028989,0.07239998,0.21634603,0
1506063811,22028959,0.07220000,12.59490916,1
1506063811,22028958,0.07235000,0.72949492,1
1506063780,22028924,0.07239994,0.17000000,0
1506063760,22028911,0.07235000,0.11685744,1
1506063757,22028909,0.07236997,0.82332493,0
1506063757,22028908,0.07236997,0.11685785,0
1506063733,22028871,0.07231000,0.90000000,1
1506063728,22028857,0.07232073,1.00000000,1
1506063728,22028853,0.07236300,5.00000000,0
1506063728,22028850,0.07236299,11.40708381,0
1506063727,22028848,0.07232073,1.00000000,0
1506063505,22028688,0.07224000,1.04755948,1
1506063504,22028687,0.07224001,0.12072852,1
1506063503,22028686,0.07224001,3.95244081,1
1506063410,22028620,0.07239379,0.07441259,0
1506063333,22028597,0.07239996,10.44271916,0
1506063333,22028596,0.07238200,5.00000000,0
1506063331,22028595,0.07236695,2.78000000,1
1506063331,22028594,0.07236695,11.62200000,0
1506063255,22028540,0.07233681,0.92330916,0
1506063244,22028523,0.07233682,0.20000000,0
1506063236,22028520,0.07233684,0.20000000,0
1506063225,22028517,0.07233687,0.20000000,0
1506063062,22028307,0.07220000,29.01418336,1
1506063062,22028306,0.07220001,0.98016191,1
1506062992,22028262,0.07227099,2.77699987,0
1506062992,22028260,0.07224500,5.00000000,0
1506062992,22028257,0.07220000,0.00000013,0
1506062974,22028248,0.07220000,0.81999987,0
1506062974,22028247,0.07219999,0.38034413,0
1506062970,22028241,0.07214301,12.68572600,1
1506062970,22028240,0.07215400,5.00000000,1
1506062962,22028225,0.07220008,2.78000000,1
1506062956,22028214,0.07220009,1.42414700,1
1506062928,22028187,0.07220007,1.28025062,1
1506062883,22028161,0.07231499,2.77786341,0
1506062820,22028132,0.07225599,0.50000000,0
1506062787,22028129,0.07210001,3.17578035,1
1506062775,22028118,0.07210008,0.22264000,0
1506062721,22027996,0.07225400,3.11728507,0
1506062686,22027922,0.07221609,7.30238420,0
1506062686,22027921,0.07220593,0.00000293,0
1506062686,22027920,0.07220579,1.70490900,0
1506062686,22027919,0.07220579,4.63772659,0
1506062585,22027852,0.07220579,1.20001000,0
1506062544,22027826,0.07210001,0.58658146,0
1506062542,22027825,0.07210000,1.70497919,1
1506062541,22027821,0.07210000,2.29502081,1
1506062539,22027815,0.07210001,1.07509100,1
1506062539,22027814,0.07210001,1.70490900,1
1506062493,22027793,0.07220581,0.26395106,0
1506062488,22027788,0.07205262,2.50200000,1
1506062412,22027725,0.07212903,3.79770955,1
1506062409,22027712,0.07212903,0.37010258,1
1506062378,22027679,0.07212903,1.66992100,1
1506062352,22027656,0.07212903,1.06930041,0
1506062348,22027645,0.07220593,1.06940103,0
1506062334,22027616,0.07218900,4.99993074,1
1506062331,22027599,0.07220300,0.50928100,0
1506062331,22027598,0.07220300,16.51385600,0
1506062329,22027594,0.07220300,2.78000000,0
1506062328,22027590,0.07220300,1.06940400,0
1506062327,22027583,0.07220300,5.00000000,1
1506062321,22027547,0.07221609,11.51911300,1
1506062317,22027525,0.07221608,1.10128012,1
1506062251,22027498,0.07225200,3.14055200,1
1506062072,22027453,0.07239997,0.09171799,0
1506062045,22027444,0.07225200,0.07000000,1
1506062003,22027421,0.07240000,0.10000000,0
1506061940,22027378,0.07235199,1.95772400,0
1506061940,22027377,0.07233000,4.63999100,0
1506061939,22027376,0.07232999,0.13028500,0
1506061933,22027373,0.07233000,0.36000900,0
1506061925,22027370,0.07222308,0.19899000,1
1506061808,22027341,0.07223301,0.08274000,1
1506061563,22027263,0.07238979,0.36811700,0
1506061461,22027245,0.07224000,0.50000000,1
1506061458,22027244,0.07224000,0.50000000,1
1506061454,22027243,0.07225000,0.19899000,1
1506061263,22027171,0.07237697,1.92517252,0
1506060741,22027021,0.07219800,0.35053683,1
1506060741,22027020,0.07219801,0.11916317,1
1506060733,22027015,0.07221000,0.26970500,1
1506060732,22027014,0.07221000,0.19999500,1
1506060645,22026980,0.07232896,0.09147040,0
1506060557,22026942,0.07216908,0.17712800,1
1506060512,22026903,0.07216000,2.50869000,0
1506060511,22026902,0.07216900,0.81231000,1
1506060511,22026901,0.07216900,4.18769000,1
1506060422,22026853,0.07227100,0.99405156,0
1506060422,22026852,0.07224900,0.35550000,0
1506060421,22026851,0.07220000,0.15044844,0
1506060382,22026834,0.07220000,0.32293656,0
1506060381,22026833,0.07219999,0.27696403,1
1506060380,22026831,0.07219999,0.09089317,0
1506060231,22026774,0.07205236,0.79197000,1
1506060060,22026714,0.07219970,0.70376700,0
1506060006,22026702,0.07203513,9.98022937,0
1506060005,22026701,0.07203513,0.65172000,1
1506060002,22026693,0.07215200,5.00000000,0
1506059995,22026688,0.07215100,3.35788600,0
1506059992,22026687,0.07215021,0.15964500,0
1506059992,22026686,0.07207000,0.47040000,0
1506059922,22026666,0.07203500,0.35550000,1
1506059920,22026662,0.07203506,0.53000000,1
1506059542,22026547,0.07220000,0.52661500,0
1506059504,22026535,0.07216400,3.45140000,1
1506059503,22026532,0.07216400,1.54860000,1
1506059503,22026530,0.07217000,0.47040000,1
1506059463,22026513,0.07224700,5.00000000,1
1506059456,22026511,0.07225300,2.31089317,1
1506059456,22026510,0.07225300,2.68910683,1
1506059455,22026509,0.07225301,0.09089317,1
1506059346,22026485,0.07236100,4.58120300,0
1506059342,22026481,0.07236097,0.41879700,0
1506059335,22026477,0.07231800,2.80092900,0
1506059335,22026476,0.07231000,0.29900000,0
1506059331,22026475,0.07231800,2.19907100,0
1506058886,22026363,0.07213808,0.22999500,1
1506058827,22026334,0.07222800,5.00000000,0
1506058773,22026291,0.07208000,0.29900000,1
1506058595,22026247,0.07210801,0.10000000,1
1506058574,22026242,0.07212400,5.00000000,1
1506058561,22026240,0.07231976,2.30000000,0
1506058338,22026191,0.07220153,5.00000000,1
1506058333,22026187,0.07218300,5.00000000,0
1506058253,22026128,0.07203047,4.10905100,1
1506058028,22026056,0.07212989,0.35644039,0
1506058028,22026055,0.07212000,0.10000000,0
1506057867,22025939,0.07214300,5.00000000,1
1506057863,22025934,0.07216301,2.77989264,1
1506057859,22025923,0.07216300,5.00000000,1
1506057842,22025904,0.07219500,1.38509288,1
1506057779,22025806,0.07232900,0.52762000,0
1506057757,22025763,0.07216800,0.98521728,1
1506057679,22025732,0.07230090,0.16000000,0
1506057572,22025697,0.07215200,0.35399500,1
1506057563,22025692,0.07216000,0.10000000,1
1506057481,22025649,0.07230305,2.00000000,0
1506057380,22025623,0.07230365,0.10000000,0
1506057378,22025622,0.07230366,0.10000000,0
1506057376,22025621,0.07230366,0.10000000,0
1506057374,22025620,0.07230364,0.10000000,0
1506057372,22025619,0.07230371,0.10000000,0
1506057370,22025618,0.07230370,0.10000000,0
1506057368,22025615,0.07230372,0.10000000,0
1506057367,22025614,0.07230373,0.10000000,0
1506057365,22025613,0.07230374,0.10000000,0
1506057363,22025612,0.07230376,0.10000000,0
1506057362,22025610,0.07230377,0.10000000,0
1506057360,22025609,0.07230377,0.10000000,0
1506057358,22025608,0.07230379,0.10000000,0
1506057356,22025607,0.07230379,0.10000000,0
1506057355,22025605,0.07230380,0.10000000,0
1506057352,22025604,0.07230383,0.10000000,0
1506057351,22025603,0.07230385,0.10000000,0
1506057349,22025602,0.07230385,0.10000000,0
1506057347,22025601,0.07230385,0.10000000,0
1506057345,22025600,0.07230386,0.10000000,0
1506057342,22025599,0.07230387,0.10000000,0
1506057340,22025598,0.07230388,0.10000000,0
1506057338,22025596,0.07230388,0.10000000,0
1506057337,22025594,0.07230389,0.10000000,0
1506057333,22025593,0.07230391,0.10000000,0
1506057331,22025591,0.07230392,0.10000000,0
1506057330,22025590,0.07230392,0.10000000,0
1506057328,22025586,0.07230393,0.10000000,0
1506057327,22025585,0.07230396,0.10000000,0
1506057325,22025584,0.07230397,0.10000000,0
1506057323,22025582,0.07230398,0.10000000,0
1506057321,22025580,0.07230398,0.10000000,0
1506057319,22025579,0.07230399,0.10000000,0
1506057317,22025577,0.07230399,0.10000000,0
1506057315,22025574,0.07230400,0.10000000,0
1506057313,22025573,0.07230401,0.10000000,0
