date,tid,price,amount,type
1506124721,22081560,222.98,2.34317984,1
1506124719,22081557,222.98,0.30375254,1
1506124714,22081551,222.96,0.28900664,1
1506124613,22081493,222.65,0.25947502,1
1506124613,22081492,222.67,0.08274000,1
1506124608,22081483,222.65,6.21706716,1
1506124608,22081480,223.02,1.96000000,0
1506124607,22081478,223.02,0.86000000,0
1506124607,22081477,223.02,1.70000000,0
1506124606,22081476,223.02,1.95905618,0
1506124606,22081475,223.01,0.35800000,0
1506124606,22081474,222.94,0.08274000,0
1506124606,22081473,222.93,0.27526000,0
1506124606,22081472,222.51,0.14494382,0
1506124605,22081471,222.51,0.21405618,1
1506124605,22081470,222.51,0.14494382,1
1506124605,22081469,222.65,1.20000000,1
1506124605,22081467,222.65,0.50000000,1
1506124604,22081465,222.65,2.81605600,1
1506124601,22081460,222.60,1.70394400,0
1506124601,22081459,222.60,3.30105600,1
1506124601,22081458,222.60,1.70394400,1
1506124601,22081457,222.64,13.84800900,1
1506124600,22081456,222.64,4.51686600,1
1506124600,22081455,222.64,0.38446900,1
1506124596,22081451,222.63,0.37313400,1
1506124547,22081426,222.65,12.90789500,1
1506124547,22081425,222.67,0.50000000,1
1506124536,22081412,222.67,2.91367034,1
1506124536,22081411,222.78,0.00013466,1
1506124535,22081408,222.78,0.49986534,1
1506124528,22081402,222.80,0.00014542,1
1506124528,22081400,222.80,0.35785458,1
1506124526,22081398,222.80,1.64789894,1
1506124526,22081397,222.81,0.35800000,1
1506124526,22081396,222.88,0.50852500,1
1506124526,22081395,222.88,0.27526000,1
1506124526,22081394,222.93,0.08274000,1
1506124479,22081378,223.11,0.45337305,0
1506124476,22081375,223.10,4.14799100,1
1506124475,22081374,223.09,5.63159000,0
1506124439,22081369,223.37,0.78205831,0
1506124439,22081368,223.33,0.08274000,0
1506124323,22081353,223.08,0.17263640,1
1506124319,22081348,223.06,6.26510364,1
1506124319,22081347,223.06,0.08274000,1
1506124314,22081339,223.03,5.43244500,1
1506124312,22081337,223.16,8.58128100,1
1506124312,22081336,223.16,8.63335900,1
1506124312,22081335,223.16,2.66789800,1
1506124173,22081296,223.18,1.10664994,1
1506123928,22081265,223.18,1.00496200,0
1506123925,22081259,223.18,7.45463600,0
1506123912,22081257,222.87,0.45919444,0
1506123912,22081256,223.10,0.08184556,1
1506123911,22081255,222.86,0.00089444,0
1506123911,22081254,223.07,1.27901556,1
1506123887,22081251,223.17,1.27844808,0
1506123784,22081234,223.02,0.08274000,1
1506123768,22081226,222.95,1.27844808,1
1506123751,22081201,223.12,0.45337305,0
1506123751,22081199,223.11,0.10112162,0
1506123747,22081195,223.12,6.40747540,0
1506123706,22081157,223.02,0.47129500,1
1506123700,22081151,223.08,4.89882554,0
1506123657,22081130,223.00,3.78663584,0
1506123657,22081129,223.00,0.08274000,0
1506123624,22081101,223.10,5.01084533,1
1506123583,22081056,223.37,0.78296101,1
1506123485,22080868,223.40,0.37815577,0
1506123483,22080867,223.36,1.27608160,0
1506123483,22080866,223.36,0.53419915,0
1506123471,22080848,223.36,0.22340616,0
1506123428,22080829,223.36,1.47936067,0
1506123426,22080828,223.32,0.08370000,0
1506123391,22080788,223.20,0.34000000,0
1506123391,22080787,223.19,1.33000000,0
1506123334,22080778,223.16,0.25000000,0
1506123315,22080770,223.15,0.02998500,0
1506123315,22080768,223.15,0.02998500,0
1506123314,22080766,223.15,0.14161036,0
1506123299,22080758,223.10,10.65000000,0
1506123153,22080658,223.10,3.00000000,0
1506122933,22080533,223.06,1.00671700,1
1506122932,22080531,223.06,0.50000000,1
1506122931,22080524,223.05,0.00000393,1
1506122930,22080523,223.00,0.25000000,0
1506122930,22080521,223.00,0.25000000,0
1506122930,22080520,222.94,0.50000000,0
1506122930,22080517,222.94,8.68848830,0
1506122930,22080514,222.92,0.04779191,0
1506122930,22080513,222.91,1.00656700,0
1506122929,22080512,222.90,2.00134886,0
1506122818,22080452,222.70,5.00000000,0
1506122814,22080451,222.66,6.27787930,1
1506122813,22080450,222.66,0.08272070,1
1506122813,22080449,222.66,0.00001930,1
1506122812,22080448,222.66,6.36058070,1
1506122737,22080437,222.79,1.00000000,1
1506122706,22080436,222.79,2.56705565,0
1506122672,22080420,222.89,1.00000000,0
1506122585,22080397,222.92,4.33945712,0
1506122573,22080390,222.91,4.08000000,0
1506122572,22080389,222.85,0.25000000,0
1506122572,22080388,222.81,0.25000000,0
1506122563,22080379,222.80,4.75000000,1
1506122563,22080378,222.80,0.25000000,0
1506122544,22080374,222.68,0.32272557,1
1506122459,22080345,222.67,4.52000000,0
1506122416,22080336,222.46,4.52000000,1
1506122409,22080329,222.32,0.50000000,0
1506122397,22080323,222.44,4.49996000,0
1506122397,22080322,222.24,0.50000000,0
1506122397,22080321,222.14,0.00004000,0
1506122394,22080320,222.14,0.08270000,0
1506121525,22080211,221.93,0.08274000,0
1506121519,22080210,221.91,0.08274000,1
1506121422,22080183,221.88,0.02998500,1
1506121418,22080176,221.88,0.02998500,1
1506121415,22080173,221.88,0.14161036,0
1506121388,22080168,221.88,0.25000000,1
1506121347,22080163,221.88,0.25000000,1
1506121334,22080160,221.96,0.19000000,1
1506121327,22080158,221.87,0.50000000,0
1506121318,22080155,221.62,0.08274000,1
1506121297,22080149,221.32,0.00004000,0
1506121297,22080148,221.40,0.08270000,1
1506121296,22080147,221.34,0.35920000,0
1506121244,22080141,221.02,0.09598000,1
1506121239,22080137,221.48,0.02708437,0
1506121199,22080126,220.93,0.45646651,1
1506121014,22080074,221.32,13.06261898,0
1506121014,22080073,221.31,0.86501737,0
1506121010,22080072,221.22,5.60000000,1
1506121010,22080071,221.22,0.35920000,1
1506120970,22080044,221.14,3.17224934,0
1506120969,22080043,221.18,6.19000000,1
1506120969,22080042,221.19,0.32970000,1
1506120969,22080041,221.19,0.32970000,1
1506120846,22079988,221.20,0.02325700,0
1506120846,22079987,221.19,0.36000000,0
1506120827,22079975,221.20,0.50000000,0
1506120825,22079974,220.89,13.68346400,1
1506120825,22079972,221.42,0.50000000,1
1506120815,22079959,220.94,0.08274000,0
1506120814,22079958,221.61,0.14011263,1
1506120814,22079957,221.85,0.36000000,1
1506120812,22079955,222.12,0.32141091,1
1506120811,22079954,222.12,0.08274000,0
1506120806,22079935,221.37,0.35988737,0
1506120802,22079934,221.91,0.00011265,1
1506120798,22079911,221.91,0.49988735,1
1506120794,22079909,221.16,0.25000000,1
1506120794,22079908,221.27,0.96113042,1
1506120793,22079907,221.28,0.18344125,1
1506120793,22079906,221.36,0.25000000,1
1506120793,22079905,221.42,0.25000000,1
1506120793,22079903,221.56,0.25000000,1
1506120792,22079902,221.95,0.00011263,1
1506120789,22079896,221.95,0.49988737,1
1506120785,22079894,222.20,0.00000398,1
1506120784,22079888,222.20,0.08978000,1
1506120718,22079854,222.14,0.03130513,0
1506120716,22079852,221.80,0.07024387,0
1506120622,22079832,221.99,0.25000000,1
1506120507,22079819,221.56,0.18224109,1
1506120454,22079810,221.83,0.01555757,1
1506120454,22079809,222.00,5.20949956,1
1506120408,22079803,222.00,3.10964458,1
1506120384,22079796,222.05,1.00000000,1
1506120271,22079786,222.13,0.04691000,0
1506120271,22079785,222.13,5.54533000,0
1506120270,22079784,222.13,0.06467000,0
1506120270,22079783,222.13,5.52722000,0
1506120269,22079782,222.13,0.00004000,0
1506120268,22079781,222.12,0.08270000,0
1506120268,22079780,222.12,0.36000000,1
1506120268,22079779,222.13,0.08274000,0
1506120267,22079778,222.13,5.02726000,0
1506120265,22079776,222.18,0.50000000,1
1506120265,22079775,222.24,0.08274000,1
1506120062,22079697,222.94,0.96851170,0
1506120061,22079696,222.70,0.50000000,1
1506120060,22079695,222.70,0.50000000,0
1506120060,22079694,222.70,0.26998914,0
1506120059,22079693,222.70,5.00000000,0
1506119927,22079634,222.70,4.73195342,0
1506119917,22079631,222.34,0.22117000,0
1506119892,22079616,222.70,3.86937584,0
1506119879,22079607,222.70,2.23978446,0
1506119868,22079603,222.70,0.22020100,0
1506119771,22079544,222.94,0.06650689,0
1506119675,22079524,222.35,1.55057711,1
1506119675,22079523,222.65,0.50000000,1
1506119657,22079520,222.73,0.08274000,1
1506119547,22079499,222.79,7.00000000,1
1506119452,22079477,222.69,3.52000000,0
1506119451,22079476,222.69,1.00000000,1
1506119451,22079475,222.69,3.43027200,1
1506119451,22079474,223.13,0.73677508,1
1506119450,22079473,223.13,1.00632800,0
1506119450,22079472,222.83,0.50000000,0
1506119443,22079469,222.69,0.08274000,1
1506119442,22079468,222.69,1.00698800,0
1506119439,22079465,222.50,2.19583840,0
1506119399,22079452,222.50,0.50000000,0
1506119397,22079449,222.50,1.11825112,1
1506119396,22079448,222.50,0.58147982,1
1506119396,22079447,222.77,0.50000000,1
1506119396,22079446,222.91,0.08274000,1
1506118894,22079177,223.36,0.48186783,0
1506118894,22079176,223.35,0.35750000,0
1506118893,22079174,223.31,0.08274000,1
1506118892,22079172,223.31,0.08274000,0
1506118853,22079145,223.36,2.23316619,0
1506118847,22079143,223.10,0.75330000,1
1506118807,22079121,223.36,0.83700000,0
1506118806,22079120,223.19,0.91754000,0
1506118805,22079119,223.20,2.29246000,1
1506118804,22079117,223.20,2.22754000,0
1506118782,22079107,223.10,0.71940395,0
1506118778,22079106,223.10,0.08588077,0
1506118676,22079070,223.10,1.02088749,0
1506118675,22079069,223.02,0.34954286,1
1506118552,22079025,223.10,2.17382779,0
1506118439,22078973,223.00,3.21151038,0
1506118436,22078971,223.00,3.55968730,1
1506118397,22078954,223.03,0.11404148,1
1506118394,22078944,223.05,10.00000000,1
1506118392,22078942,223.00,1.95001700,1
1506118392,22078941,223.01,3.60859300,1
1506118390,22078939,223.01,20.57300000,1
1506118384,22078931,223.10,0.96446300,1
1506118383,22078930,223.00,3.92439840,1
1506118383,22078929,223.05,1.27608160,1
1506118382,22078928,223.10,0.35750000,1
1506118382,22078927,223.08,5.47549000,1
1506118382,22078926,223.09,0.08274000,1
1506118343,22078907,223.95,3.81590542,1
1506118343,22078906,223.95,4.01606600,1
1506118343,22078905,223.92,0.36557364,0
1506118342,22078904,223.75,0.71000000,1
1506118342,22078903,223.66,0.51000000,0
1506118342,22078900,223.53,1.27334617,0
1506118341,22078897,223.50,9.43410270,0
1506118341,22078896,223.50,0.12315314,1
1506118341,22078895,223.49,13.27000000,0
1506118340,22078894,223.48,3.53000000,1
1506118340,22078893,223.47,5.00000000,0
1506118340,22078892,223.41,4.01693300,0
1506118339,22078891,223.38,0.08274000,1
1506118338,22078890,223.38,0.50000000,0
1506118334,22078886,222.99,14.59400000,1
1506118293,22078865,222.99,4.02726000,1
1506118293,22078864,223.03,0.08274000,1
1506118275,22078859,222.99,5.57726000,1
1506118275,22078858,223.02,0.08274000,1
1506118261,22078821,222.96,4.98900000,1
1506118247,22078817,222.90,4.98900000,1
1506118244,22078816,222.90,0.00015467,0
1506118237,22078810,222.76,0.37300000,0
1506118200,22078783,222.90,0.24109466,0
1506118181,22078745,222.90,1.79013010,0
1506118134,22078654,222.90,2.43570255,0
1506118133,22078653,222.89,1.51000000,0
1506118125,22078640,222.58,3.99536100,1
1506118125,22078638,222.61,1.00463900,1
1506118115,22078613,222.63,1.50191519,1
1506118093,22078579,222.51,2.86721776,0
1506118093,22078578,222.64,1.00473000,1
1506118089,22078569,222.50,0.94829118,0
1506118089,22078564,222.52,1.00462900,1
1506118073,22078531,222.90,0.13792000,0
1506118069,22078522,222.90,0.12315314,0
1506118054,22078495,222.90,0.12315314,0
1506118053,22078493,222.90,0.13769174,0
1506118043,22078481,223.47,0.24282979,1
1506118040,22078480,223.47,4.25717021,0
1506118040,22078478,223.00,0.50000000,0
1506118025,22078450,223.00,5.38746818,0
1506118025,22078449,222.95,0.50000000,0
1506118025,22078448,222.90,0.50000000,0
1506118005,22078426,222.61,0.39589000,1
1506118005,22078425,222.64,0.50000000,1
1506117993,22078414,223.00,4.50000000,0
1506117993,22078413,222.99,0.50000000,0
1506117990,22078410,223.00,0.89488789,0
1506117974,22078394,223.00,4.00000000,0
1506117972,22078393,223.00,2.09744393,0
1506117972,22078392,223.00,2.90255607,0
1506117928,22078355,223.00,1.90390134,0
1506117927,22078353,222.96,0.08274000,1
1506117858,22078287,222.55,4.43726000,1
1506117858,22078286,222.55,0.08274000,1
1506117848,22078276,223.00,8.99354259,0
1506117848,22078275,223.00,8.30026906,0
1506117837,22078271,223.00,1.11825112,0
1506117783,22078241,223.00,0.58147982,0
1506117778,22078236,222.97,0.69900000,0
1506117778,22078235,222.88,0.50000000,0
1506117762,22078221,222.97,3.44470200,0
1506117762,22078220,222.57,0.50000000,0
1506117751,22078212,221.99,0.08274000,0
1506117750,22078206,222.95,0.26278212,0
1506117750,22078203,222.63,0.50966244,0
1506117750,22078201,222.60,1.00000000,0
1506117750,22078199,222.39,0.50000000,0
1506117750,22078197,222.00,4.88885400,0
1506117749,22078194,222.00,0.08274000,0
1506117748,22078189,222.00,4.36000000,0
1506117748,22078184,222.05,1.00510600,1
1506117747,22078183,222.10,0.36030000,1
1506117747,22078181,222.10,0.36030000,1
1506117747,22078179,222.11,0.36030000,1
1506117747,22078178,222.11,0.36030000,1
1506117747,22078177,222.11,0.36030000,1
1506117747,22078175,222.11,0.36030000,1
1506117747,22078173,222.11,0.36030000,1
1506117747,22078172,222.11,0.36030000,1
1506117746,22078171,222.11,0.36030000,1
1506117746,22078170,222.11,0.22060000,1
1506117732,22078143,222.11,0.13970000,1
1506117732,22078142,222.11,0.36030000,1
1506117730,22078139,222.09,0.36030000,0
1506117726,22078131,222.03,0.08274000,1
1506117725,22078129,222.03,0.41727622,0
1506117723,22078127,222.03,0.08272378,0
1506117723,22078126,222.01,0.54357622,0
1506117723,22078125,222.00,4.52000000,0
1506117711,22078121,221.63,0.60630100,1
1506117711,22078120,221.63,1.27483900,1
1506117696,22078109,221.92,0.08270000,0
1506117595,22078018,221.24,0.70762269,1
1506117595,22078017,221.25,0.36030000,1
1506117593,22078016,221.27,0.84000000,1
1506117593,22078015,221.30,0.08274000,1
1506117491,22077926,221.56,0.08274000,0
1506117490,22077924,222.00,10.09270270,0
1506117489,22077923,221.99,3.60000000,0
1506117489,22077921,221.87,0.36040000,0
1506117489,22077920,221.87,4.52000000,1
1506117488,22077917,221.57,0.50000000,0
1506117487,22077916,221.56,0.36100000,0
1506117473,22077905,221.31,1.50191519,0
1506117464,22077889,221.07,0.38990600,1
1506117458,22077873,221.17,6.70960000,0
1506117457,22077872,221.17,0.36040000,1
1506117452,22077853,221.14,4.52000000,0
1506117406,22077695,221.10,0.09912748,1
1506117405,22077689,221.04,0.08274000,0
1506117381,22077620,221.24,5.00000000,0
1506117368,22077604,220.99,0.34841348,1
1506117367,22077602,220.99,0.01258652,1
1506117367,22077600,221.22,18.03821348,1
1506117268,22077520,221.22,0.18228000,1
1506117227,22077477,221.22,0.39980000,1
1506117200,22077457,221.22,0.99950100,1
1506117199,22077455,221.32,2.35538079,1
1506117198,22077454,221.32,4.52000000,0
1506117198,22077453,221.31,0.12461921,0
1506117149,22077437,221.13,0.38020552,0
1506117035,22077399,220.98,1.75013592,1
1506117033,22077398,220.98,0.22275958,1
1506117026,22077393,220.98,0.50000000,1
1506117022,22077388,220.98,0.20894600,1
1506117021,22077387,220.95,0.50000000,0
1506117021,22077386,220.65,5.00000000,0
1506117021,22077385,220.62,0.08274000,0
1506116958,22077364,220.96,1.32851188,0
1506116931,22077355,220.89,0.52943338,1
1506116908,22077336,220.89,3.89656330,1
1506116905,22077334,220.89,0.34254900,1
1506116904,22077333,220.89,9.04000000,1
1506116904,22077332,220.89,0.53994900,1
1506116902,22077331,220.91,0.20894600,1
1506116898,22077326,221.07,0.11914800,1
1506116880,22077311,220.89,0.36598293,1
1506116784,22077230,220.33,0.92555000,1
1506116783,22077228,220.34,0.08274000,1
1506116778,22077217,220.77,3.41726000,1
1506116777,22077209,220.77,0.50000000,1
1506116766,22077201,220.77,0.50000000,1
1506116763,22077197,220.70,0.50000000,0
1506116763,22077195,220.52,0.08274000,0
1506116714,22077125,219.93,6.92387011,1
1506116713,22077124,220.02,16.55112989,1
1506116708,22077115,220.02,9.24534211,1
1506116634,22077086,219.89,0.82000000,0
1506116633,22077084,220.03,8.68000000,1
1506116633,22077083,220.03,0.50000000,1
1506116587,22077062,219.94,7.12346822,1
1506116587,22077061,219.95,2.87653178,1
1506116477,22077008,219.82,1.94746197,1
1506116476,22077007,220.11,3.73469600,1
1506116476,22077006,220.11,0.50000000,0
1506116474,22077005,220.11,0.30000000,1
1506116470,22077004,220.00,4.57360251,0
1506116470,22077003,220.10,1.00000000,1
1506116468,22077002,220.36,1.86491144,1
1506116466,22077001,220.36,0.27076556,1
1506116466,22077000,220.68,0.51051088,1
1506116466,22076999,220.70,0.36012500,1
1506116466,22076998,220.86,0.50000000,1
1506116455,22076994,220.88,0.50000000,1
1506116371,22076970,220.97,1.00000000,0
1506116323,22076958,220.96,6.14960502,1
1506116321,22076957,220.97,3.46000000,1
1506116277,22076944,220.96,3.36001358,1
1506116272,22076942,220.96,5.92913559,1
1506116272,22076941,220.97,3.47000000,1
1506116237,22076923,220.98,0.50000000,0
1506116234,22076919,220.97,0.09533055,1
1506116233,22076918,220.98,0.08274000,0
1506116232,22076917,220.98,0.08274000,1
1506116230,22076916,221.41,0.65498753,0
1506116171,22076865,220.97,3.29384628,1
1506116154,22076854,221.05,0.15346000,1
1506116114,22076836,221.05,1.84654000,1
1506116106,22076833,221.29,0.50000000,1
1506115996,22076743,221.70,0.54154262,0
1506115996,22076742,221.64,0.54171079,1
1506115994,22076725,221.63,1.25858700,0
1506115984,22076707,221.08,0.32708900,1
1506115932,22076698,221.51,2.57000000,0
1506115932,22076697,221.50,7.43000000,0
1506115919,22076687,221.56,6.18215797,0
1506115854,22076655,222.00,1.12581047,0
1506115854,22076654,222.00,0.04436971,1
1506115853,22076653,221.30,0.50000000,0
1506115853,22076652,221.00,0.20000000,0
1506115851,22076651,220.99,0.08274000,0
1506115837,22076644,220.75,0.41726000,1
1506115836,22076643,220.80,0.50000000,1
1506115835,22076642,220.80,0.08274000,1
1506115807,22076623,220.78,4.50000000,0
1506115806,22076622,220.78,0.50000000,0
1506115773,22076587,221.25,0.08274000,0
1506115770,22076586,220.71,6.12674179,1
1506115769,22076585,221.27,0.08274000,0
1506115764,22076583,220.70,0.63987500,1
1506115764,22076581,220.86,3.45312500,1
1506115764,22076580,221.30,4.63000000,1
1506115764,22076579,221.33,0.50000000,1
1506115732,22076561,221.83,0.02706360,0
1506115718,22076548,221.42,0.72836207,1
1506115698,22076546,221.55,1.50397514,1
1506115650,22076526,221.66,1.82085000,1
1506115564,22076462,222.01,0.54384803,1
1506115485,22076421,222.33,0.02697720,0
1506115437,22076411,222.37,0.04320000,0
1506115432,22076407,222.37,0.43925300,0
1506115432,22076406,222.33,0.08274000,0
1506115355,22076372,222.68,0.41301419,1
1506115352,22076361,222.18,0.50000000,1
1506115352,22076358,222.22,0.08274000,1
1506115292,22076336,222.29,0.08274000,0
1506115270,22076323,222.00,0.61777359,0
1506115269,22076322,222.00,4.63000000,0
1506115268,22076320,222.00,4.63000000,0
1506115267,22076319,222.00,0.22130000,0
1506115267,22076318,221.99,0.27870000,0
1506115267,22076316,221.98,4.63000000,0
1506115261,22076312,221.99,0.08000000,0
1506115259,22076305,222.00,13.99602130,0
1506115259,22076304,222.00,9.93000000,0
1506115258,22076302,222.00,9.00000000,1
1506115258,22076301,222.36,2.92500000,1
1506115258,22076299,222.37,0.50000000,1
1506115258,22076298,222.37,0.35870000,1
1506115258,22076297,222.40,1.00000000,1
1506115258,22076296,222.42,0.67500000,1
1506115258,22076295,222.62,0.08274000,1
1506115223,22076214,222.93,0.02897771,0
1506115213,22076203,222.94,0.03393816,0
1506115213,22076202,222.93,0.25695218,0
1506115213,22076201,222.93,0.35730000,0
1506115213,22076199,222.91,0.08274000,0
1506115197,22076172,222.93,9.91296424,0
1506115185,22076151,222.95,2.68373000,0
1506115185,22076150,222.91,0.08274000,0
1506115177,22076138,222.42,12.71558643,0
1506115175,22076135,222.42,6.22000000,0
1506115172,22076133,222.38,0.94142431,1
1506115171,22076132,222.42,0.08274000,1
1506115161,22076127,222.37,5.01000000,1
1506115161,22076126,222.37,0.08274000,1
1506115161,22076125,223.26,6.19475051,0
1506115160,22076123,223.16,0.50000000,1
1506115160,22076118,223.00,0.07382514,0
1506115159,22076116,222.99,0.26280380,0
1506115159,22076115,222.89,0.08274000,1
1506115158,22076114,222.89,4.00729900,1
1506115157,22076112,222.89,0.08274000,0
1506115150,22076108,222.37,0.50000000,1
1506115138,22076078,222.81,3.16893423,0
1506115133,22076069,222.83,0.13341853,0
1506115126,22076045,222.64,1.27869210,1
1506115124,22076032,222.64,0.71006128,1
1506115123,22076022,222.64,0.89506777,1
1506115122,22076017,222.64,0.89696206,1
1506115116,22075990,222.64,0.89701053,1
1506115115,22075983,222.64,2.64113567,1
1506115115,22075981,222.80,9.60960502,1
1506115115,22075979,222.83,6.02000000,1
1506115115,22075978,222.87,11.72000000,1
1506115110,22075936,222.86,2.61260347,1
1506115109,22075929,222.86,0.31864105,1
1506115108,22075923,222.86,2.03306879,1
1506115104,22075894,222.97,0.30195146,1
1506115103,22075881,222.95,0.11830700,1
1506115101,22075869,222.94,0.30195146,1
1506115098,22075861,222.90,6.42012904,0
1506115097,22075849,222.82,0.60664536,1
1506115095,22075840,222.89,4.13283900,0
1506115092,22075830,222.98,0.26278212,1
1506115090,22075821,223.00,0.07386208,1
1506115079,22075806,223.00,1.45292400,1
1506115076,22075790,223.09,0.50000000,1
1506115074,22075785,223.12,0.08274000,1
1506115069,22075775,223.06,0.37668032,1
1506115068,22075773,223.12,0.08274000,1
1506115061,22075766,223.00,8.47321392,1
1506115061,22075765,223.01,0.37676477,1
1506115061,22075764,223.47,0.94142431,1
1506115059,22075761,223.47,0.08274000,1
1506115045,22075753,223.01,8.56789600,1
1506115045,22075752,223.02,1.00098100,1
1506115044,22075751,223.03,0.35730000,1
1506115044,22075750,223.12,0.07382300,1
1506115022,22075730,223.20,0.20859700,0
1506115005,22075716,223.24,0.58348473,1
1506115003,22075714,223.27,1.27334617,1
1506115003,22075713,223.38,0.08274000,1
1506114943,22075692,223.92,0.13442636,0
1506114943,22075691,223.91,0.36282500,0
1506114932,22075685,223.50,0.10000000,0
1506114932,22075684,223.33,0.83510651,0
1506114915,22075682,223.26,0.19950000,1
1506114874,22075670,223.33,0.00902406,0
1506114872,22075669,223.32,0.42889188,0
1506114804,22075639,223.12,0.08000000,1
1506114785,22075629,223.31,0.66686164,0
1506114779,22075623,223.31,0.77755987,0
1506114724,22075595,223.30,4.38434464,0
1506114724,22075594,223.30,0.08274000,0
1506114693,22075550,222.98,0.71370145,1
1506114673,22075497,223.00,0.21869429,0
1506114671,22075489,222.99,0.02705392,0
1506114670,22075480,223.00,0.08000000,0
1506114659,22075434,223.31,0.08274000,0
1506114653,22075412,222.90,0.42867752,0
1506114653,22075409,222.72,0.49975012,0
1506114652,22075397,222.72,0.50000000,1
1506114648,22075374,222.90,0.16778973,0
1506114648,22075371,222.90,0.21132727,1
1506114647,22075368,222.90,0.21756461,1
1506114541,22075199,223.33,0.42809090,0
1506114540,22075198,223.29,0.50000000,0
1506114540,22075197,223.25,2.97316910,0
1506114538,22075195,223.20,0.10000000,0
1506114538,22075194,222.94,1.54363525,1
1506114498,22075123,222.75,0.08274000,1
1506114487,22075091,223.25,0.62683090,0
1506114487,22075090,223.20,0.10000000,0
1506114487,22075089,223.20,0.63000000,1
1506114485,22075086,223.14,0.50000000,0
1506114485,22075085,223.01,0.08274000,0
1506114458,22075036,222.59,4.18339100,1
1506114431,22075003,222.64,0.25177102,1
1506114420,22074997,222.64,0.08274000,1
1506114420,22074996,222.64,0.29178140,1
1506114412,22074991,222.60,1.97023100,1
1506114412,22074990,222.89,0.08274000,1
1506114410,22074988,222.65,0.50000000,1
1506114392,22074977,222.90,0.00077976,1
1506114392,22074976,223.01,1.57997992,1
1506114368,22074958,223.01,0.35723434,0
1506114368,22074957,222.95,0.08274000,0
1506114347,22074947,223.01,0.17579911,0
1506114346,22074944,222.65,0.24679647,1
1506114345,22074943,222.67,0.08274000,1
1506114334,22074930,223.00,0.38693600,1
1506114332,22074928,223.00,0.56518100,1
1506114328,22074925,223.00,2.23933209,1
1506114327,22074923,223.00,4.02395600,1
1506114309,22074903,223.00,0.50000000,1
1506114305,22074902,222.97,0.50000000,0
1506114263,22074886,222.65,0.38077600,1
1506114259,22074884,223.00,0.91400179,0
1506114259,22074883,222.99,4.63000000,0
1506114242,22074866,223.00,0.50000000,1
1506114240,22074865,223.00,1.94143089,1
1506114235,22074859,223.00,0.49195300,1
1506114231,22074848,223.00,0.50000000,1
1506114231,22074846,223.01,0.07118494,1
1506114229,22074843,223.00,0.08274000,1
1506114227,22074837,223.00,15.00000000,0
1506114227,22074836,223.00,10.00000000,0
1506114227,22074835,222.99,2.05000000,0
1506114227,22074834,222.92,1.67264000,0
1506114227,22074833,222.87,0.25843870,0
1506114227,22074832,222.87,1.29581348,0
1506114227,22074831,222.64,0.50000000,0
1506114226,22074830,222.50,9.66742562,0
1506114207,22074805,222.23,4.56811000,1
1506114207,22074804,222.24,0.08274000,1
1506114179,22074786,222.23,0.55767763,1
1506114157,22074777,222.26,0.49999500,0
1506114144,22074767,222.23,0.38214300,1
1506114125,22074729,222.22,0.08274000,1
1506114124,22074728,222.21,0.50000000,0
1506114124,22074727,222.19,0.08274000,0
1506114120,22074723,222.00,4.38895641,1
1506114120,22074722,222.00,7.61104359,0
1506114097,22074712,222.00,2.38895641,0
1506114097,22074711,222.00,1.15883638,0
1506114097,22074710,221.99,0.35950000,0
1506114095,22074708,221.95,0.08274000,0
1506114072,22074701,221.96,1.94143089,0
1506114046,22074669,221.68,4.00000000,1
1506114005,22074655,221.58,0.19979599,1
1506113994,22074651,221.26,0.33844045,1
1506113987,22074649,221.57,0.50000000,1
1506113983,22074644,221.61,0.50000000,1
1506113982,22074643,221.67,0.08274000,1
1506113982,22074642,221.68,0.08274000,1
1506113964,22074622,222.06,4.42146266,1
1506113962,22074620,221.79,0.08274000,0
1506113947,22074611,221.80,0.06744815,1
1506113939,22074599,221.91,0.86246676,0
1506113937,22074594,221.91,0.77965160,0
1506113937,22074593,221.85,0.08274000,0
1506113927,22074581,221.64,3.60000000,1
1506113883,22074537,221.65,3.60000000,1
1506113845,22074526,221.66,0.98580690,1
1506113826,22074512,221.71,0.73486416,1
1506113810,22074502,221.72,0.08274000,1
1506113795,22074499,221.61,3.24050000,1
1506113795,22074498,221.68,0.35950000,1
1506113786,22074492,221.66,0.08269863,0
1506113784,22074489,221.65,5.02000000,0
1506113771,22074487,221.65,0.08274000,0
1506113768,22074483,221.65,3.25561000,0
1506113763,22074474,221.72,3.73296000,1
1506113763,22074473,221.63,0.27943200,0
1506113676,22074406,222.17,1.67172239,0
1506113663,22074403,222.00,0.90000000,1
1506113639,22074397,222.00,0.90000000,1
1506113637,22074396,222.00,0.08274000,1
1506113636,22074394,221.97,0.31748537,0
1506113618,22074389,222.03,4.49263613,0
1506113564,22074378,221.53,2.14306363,1
1506113564,22074377,221.54,2.52000000,1
1506113564,22074376,222.16,10.72413637,1
1506113558,22074372,222.17,18.99780000,1
1506113489,22074355,222.46,0.03616000,0
1506113489,22074354,222.43,0.08274000,0
1506113484,22074353,222.17,1.93793848,1
1506113458,22074344,222.17,4.57647041,1
1506113450,22074336,222.17,0.34417452,1
1506113450,22074335,222.17,4.31729861,1
1506113448,22074325,222.17,1.20287565,1
1506113445,22074313,222.22,0.08269861,0
1506113444,22074308,222.17,5.27001635,1
1506113443,22074307,222.23,0.08274000,1
1506113425,22074298,222.17,0.22263339,1
1506113424,22074295,222.17,0.37875463,1
1506113423,22074292,222.16,1.10096363,1
1506113417,22074279,222.14,1.32870600,1
1506113417,22074278,222.17,0.93128049,1
1506113417,22074276,222.17,0.36238748,0
1506113416,22074275,222.16,1.10063203,0
1506113416,22074274,222.15,1.32931200,0
1506113415,22074271,222.16,1.19322160,0
1506113396,22074249,222.16,0.85311096,1
1506113395,22074241,222.16,1.29361637,1
1506113394,22074239,222.17,0.13736264,0
1506113393,22074234,222.16,1.77053267,1
1506113387,22074226,222.16,0.08274000,1
1506113373,22074171,222.15,0.08274000,0
1506113314,22074153,222.12,0.00783209,0
1506113314,22074152,222.04,0.48401261,0
1506113299,22074145,222.03,0.24910223,0
1506113292,22074141,222.04,4.13757692,0
1506113282,22074130,221.86,10.71706644,1
1506113282,22074129,221.87,4.84628150,1
1506113251,22074102,222.04,0.37841047,1
1506113207,22074040,222.03,0.99950024,0
1506113199,22074010,222.17,0.50000000,1
1506113193,22073995,222.38,1.49715927,1
1506113187,22073994,222.38,1.81470573,1
1506113168,22073960,222.39,0.02477629,0
1506113157,22073936,222.39,0.08274000,0
1506113156,22073935,222.41,0.50000000,1
1506113156,22073934,222.42,5.73000000,1
1506113153,22073932,222.38,7.00000000,1
1506113141,22073922,222.38,4.68813500,1
1506113140,22073921,222.39,26.68686500,1
1506113140,22073920,222.39,2.26000000,1
1506113127,22073902,222.87,5.71812267,1
1506113126,22073901,222.87,3.60000000,1
1506113126,22073899,222.77,1.00142100,1
1506113126,22073898,222.74,0.50000000,0
1506113125,22073897,222.59,0.35900000,0
1506113123,22073896,222.58,0.08274000,0
1506113084,22073830,222.39,18.72619200,0
1506113084,22073829,222.38,8.98000000,0
1506113084,22073826,222.38,1.02000000,1
1506113083,22073824,222.39,0.08274000,0
1506113083,22073823,222.39,12.07000000,0
1506113075,22073812,222.68,0.08274000,0
1506113067,22073810,222.67,0.87300000,0
1506113020,22073755,222.38,0.08346159,1
1506113015,22073744,222.41,3.60000000,1
1506113005,22073731,222.38,0.95511393,1
1506113000,22073727,222.38,1.45262448,1
1506112991,22073721,222.38,3.23813000,1
1506112990,22073719,222.38,3.23813000,1
1506112986,22073691,222.38,1.03254000,1
1506112977,22073685,222.02,0.36683100,1
1506112977,22073684,222.02,0.95701129,1
1506112972,22073676,222.11,0.20979735,1
1506112972,22073675,222.12,0.08274000,1
1506112961,22073658,221.97,0.08274000,0
1506112961,22073655,221.98,0.35900000,1
1506112958,22073654,222.78,0.02554089,0
1506112954,22073645,222.87,6.11845470,1
1506112953,22073644,222.85,0.52000000,0
1506112953,22073643,222.81,0.50000000,0
1506112953,22073641,222.81,8.66000000,1
1506112953,22073640,222.79,1.16000000,0
1506112952,22073639,222.78,1.00156000,1
1506112950,22073634,221.93,0.08274000,0
1506112913,22073586,222.36,1.85519848,0
1506112913,22073585,222.00,0.08274000,0
1506112840,22073486,221.30,0.27118962,1
1506112839,22073484,221.61,0.50000000,1
1506112839,22073483,221.62,0.08274000,1
1506112831,22073460,222.86,0.26351388,1
1506112824,22073422,222.87,1.43979276,1
1506112823,22073412,222.12,0.50000000,0
1506112819,22073389,222.87,1.34565588,0
1506112818,22073380,222.88,1.94818032,0
1506112818,22073376,222.34,1.58506006,0
1506112817,22073372,222.35,0.08274000,1
1506112814,22073361,222.34,1.00292700,0
1506112813,22073360,222.00,0.50000000,0
1506112813,22073359,221.99,0.08274000,0
1506112808,22073347,221.50,1.00428000,0
1506112808,22073346,221.50,1.67413791,0
1506112808,22073345,221.50,2.20703855,0
1506112808,22073344,221.50,5.16168881,0
1506112808,22073343,221.50,1.19147991,0
1506112808,22073342,221.50,0.00480402,0
1506112800,22073318,221.04,21.11726000,0
1506112797,22073309,221.04,0.08274000,0
1506112772,22073300,221.50,1.85809121,0
1506112766,22073298,221.49,0.08274000,1
1506112761,22073285,221.50,0.13759572,0
1506112761,22073284,221.50,3.15738420,0
1506112755,22073282,221.50,0.14120000,0
1506112755,22073281,221.49,0.35880000,0
1506112748,22073275,221.78,0.50000000,1
1506112747,22073274,221.84,0.08274000,1
1506112725,22073232,221.94,0.08274000,0
1506112723,22073229,221.43,0.96433121,1
1506112723,22073228,221.95,4.78045353,0
1506112723,22073227,221.95,0.50000000,0
1506112720,22073225,221.43,1.94733995,1
1506112717,22073211,221.04,12.44117104,0
1506112717,22073208,221.41,1.77585000,1
1506112716,22073205,221.42,3.04143896,0
1506112716,22073204,222.12,0.35880000,1
1506112715,22073201,222.57,0.08274000,0
1506112715,22073199,222.57,0.50000000,1
1506112693,22073172,222.99,0.90596741,0
1506112693,22073171,222.99,1.00000000,0
1506112682,22073166,222.50,0.38468500,1
1506112649,22073130,222.88,0.38496400,1
1506112611,22073092,223.25,3.00017926,1
1506112611,22073091,223.25,0.99982074,0
1506112593,22073079,222.87,6.70598000,1
1506112582,22073069,223.12,0.00013445,1
1506112579,22073063,223.12,0.99986555,1
1506112573,22073059,223.13,1.00000000,0
1506112564,22073050,223.13,0.03745127,1
1506112563,22073047,223.12,13.33643300,1
1506112563,22073046,223.12,1.50070400,1
1506112563,22073045,223.12,4.58012300,1
1506112560,22073044,223.12,0.08274000,0
1506112560,22073043,223.00,1.70000000,0
1506112548,22073039,222.88,1.09344600,1
1506112547,22073038,222.87,0.99718053,1
1506112547,22073037,222.87,1.27222147,1
1506112533,22073015,222.86,0.79197456,1
1506112533,22073014,222.86,1.59320000,1
1506112530,22073007,222.87,1.35762363,1
1506112529,22073004,222.87,6.49988649,0
1506112529,22073003,222.87,0.00011351,1
1506112529,22073002,222.87,3.18988649,1
1506112523,22072990,222.86,0.27834308,1
1506112521,22072988,222.86,0.46855643,1
1506112520,22072983,223.94,2.31090124,0
1506112520,22072981,223.81,0.30740037,0
1506112520,22072979,223.57,1.26824343,0
1506112520,22072977,223.54,0.50000000,0
1506112520,22072975,223.18,0.52000000,0
1506112520,22072973,223.13,0.49996442,0
1506112520,22072971,223.12,0.08274000,0
1506112519,22072964,222.86,0.84630049,1
1506112516,22072934,222.85,0.42827779,1
1506112516,22072929,222.85,1.16810000,1
1506112515,22072908,222.86,0.74300388,1
1506112513,22072897,222.77,0.42509612,0
1506112513,22072893,222.77,0.07465400,0
1506112512,22072891,222.73,1.09344600,0
1506112511,22072887,222.70,3.94054808,1
1506112509,22072875,222.77,0.38950381,0
1506112508,22072873,222.77,0.04363719,1
1506112508,22072868,222.77,0.45636281,1
1506112500,22072834,222.89,0.62228000,1
1506112494,22072832,222.85,0.46855643,0
1506112494,22072831,222.80,4.50000000,0
1506112493,22072830,222.80,0.50000000,0
1506112491,22072826,222.70,0.92831917,1
1506112491,22072825,222.85,0.53950000,1
1506112490,22072820,222.86,1.57562242,1
1506112490,22072814,222.86,1.54703530,1
1506112488,22072798,222.85,0.61676033,1
1506112487,22072796,222.84,0.53945679,0
1506112485,22072789,222.83,0.08274000,1
1506112484,22072787,222.84,0.30887790,1
1506112483,22072782,222.82,1.26824343,1
1506112483,22072781,222.82,0.30740037,1
1506112479,22072771,223.60,0.04125970,1
1506112478,22072767,223.27,0.52000000,0
1506112478,22072763,223.00,0.23923767,0
1506112476,22072761,222.98,0.20076263,0
1506112470,22072755,223.00,0.20076233,0
1506112468,22072748,222.98,0.99987900,0
1506112468,22072747,222.98,3.27285065,0
1506112463,22072742,222.91,3.26800000,0
1506112463,22072741,222.91,1.00000000,0
1506112441,22072728,222.91,0.50000000,0
1506112431,22072724,222.82,0.13746473,1
1506112411,22072717,222.74,4.99995510,1
1506112407,22072711,222.73,0.17822183,1
1506112406,22072710,222.73,1.00031400,1
1506112406,22072708,222.72,4.99999500,0
1506112393,22072690,222.68,3.50628100,1
1506112393,22072689,222.66,0.00001900,0
1506112391,22072687,222.66,3.50630000,0
1506112377,22072664,222.71,0.04337479,0
1506112314,22072592,222.32,4.52930593,1
1506112312,22072587,222.30,6.45329239,0
1506112304,22072578,222.31,0.08274000,1
1506112303,22072574,222.24,1.37853394,1
1506112303,22072572,222.31,5.15395347,1
1506112300,22072567,222.73,1.86288331,1
1506112299,22072566,222.29,8.01908106,1
1506112299,22072564,222.29,0.39148960,0
1506112297,22072561,222.18,8.01917274,0
1506112271,22072543,222.29,0.37000000,0
1506112271,22072542,222.28,4.63000000,0
1506112240,22072523,222.10,0.10393752,0
1506112237,22072521,222.90,0.96792283,1
1506112237,22072519,222.58,3.77148000,1
1506112236,22072518,222.50,0.25000000,0
1506112236,22072517,222.43,0.51200110,0
1506112235,22072515,222.36,0.25000000,0
1506112235,22072513,222.29,0.50000000,0
1506112234,22072512,222.26,2.67952051,0
1506112234,22072511,222.26,1.92149003,1
1506112234,22072510,222.15,0.52000000,0
1506112233,22072508,222.10,0.16726000,0
1506112233,22072506,222.10,0.08274000,0
1506112233,22072504,222.09,3.43000000,0
1506112231,22072503,222.00,4.50000000,0
1506112231,22072502,222.00,0.07163636,0
1506112228,22072498,221.94,3.01540306,0
1506112221,22072488,221.94,0.04492205,0
1506112181,22072435,221.94,0.91967489,0
1506112150,22072400,221.88,1.00000000,0
1506112139,22072389,221.88,0.85077987,0
1506112139,22072388,221.81,0.14922013,0
1506112130,22072381,221.81,1.00000000,0
1506112085,22072312,221.80,1.94733995,0
1506112064,22072291,221.80,0.78248355,0
1506112064,22072290,221.74,0.50000000,0
1506112061,22072285,221.81,0.05017090,0
1506112058,22072283,221.45,0.50000000,0
1506112051,22072280,221.27,1.47700000,0
1506112048,22072275,221.26,0.50000000,0
1506112048,22072274,221.10,0.69974458,0
1506112044,22072271,221.02,1.53000000,1
1506112042,22072260,221.00,12.67623853,0
1506112042,22072259,221.00,0.50000000,0
1506112041,22072257,221.00,66.37644785,0
1506112041,22072256,220.99,1.53000000,0
1506112019,22072241,220.99,1.00000000,0
1506111954,22072167,220.97,0.64954519,0
1506111920,22072129,220.97,2.42412997,1
1506111920,22072128,220.82,0.50000000,0
1506111919,22072127,220.66,0.08274000,0
1506111841,22072090,221.00,15.81608516,0
1506111841,22072089,220.99,2.01000000,0
1506111841,22072088,220.95,0.13600000,0
1506111841,22072087,220.95,0.36400000,0
1506111841,22072086,220.89,0.50000000,0
1506111841,22072085,220.79,0.50000000,0
1506111840,22072084,220.79,0.50000000,0
1506111840,22072083,220.75,0.02104800,0
1506111840,22072082,220.59,1.28106684,0
1506111840,22072081,220.58,0.50000000,0
1506111840,22072080,220.56,0.08274000,0
1506111757,22072009,220.04,0.12014215,0
1506111757,22072008,220.04,0.08274000,0
1506111734,22071986,220.03,6.07630361,1
1506111734,22071985,220.07,1.00465900,1
1506111734,22071984,220.09,1.28106684,1
1506111733,22071983,220.15,0.08274000,1
1506111717,22071925,220.75,0.06307903,0
1506111716,22071922,220.75,0.08274000,0
1506111716,22071919,220.75,0.33313297,0
1506111716,22071918,220.75,0.50000000,0
1506111716,22071916,220.69,0.32483843,0
1506111713,22071905,220.69,0.09240101,0
1506111712,22071904,220.69,0.08274000,0
1506111712,22071902,220.59,0.51500950,0
1506111712,22071901,220.59,0.50000000,0
1506111712,22071900,220.50,0.50000000,0
1506111712,22071899,220.45,1.30628949,0
1506111705,22071889,220.18,0.24740135,1
1506111705,22071888,220.38,0.96300000,1
1506111696,22071880,220.45,0.44198531,0
1506111686,22071874,220.40,0.12780306,0
1506111680,22071866,220.40,1.15022752,0
1506111667,22071852,220.37,3.23710000,1
1506111666,22071849,220.36,0.36290000,0
1506111657,22071845,220.39,1.15022752,0
1506111639,22071832,220.30,0.93847879,0
1506111631,22071823,219.89,0.28104370,1
1506111626,22071818,220.32,5.00000000,0
1506111623,22071816,220.32,0.77628905,0
1506111612,22071803,220.29,0.08274000,0
1506111601,22071798,220.29,0.08274000,0
1506111590,22071781,219.76,0.96642000,1
1506111589,22071779,219.76,0.08274000,1
1506111424,22071570,219.55,1.69979038,1
1506111423,22071569,219.55,1.27803058,0
1506111423,22071568,219.55,0.36290000,0
1506111423,22071566,219.70,5.00000000,1
1506111422,22071565,219.71,1.00519500,1
1506111422,22071564,219.71,20.91212328,1
1506111422,22071563,219.71,5.98000000,0
1506111422,22071562,219.71,1.84514766,1
1506111421,22071560,219.73,11.29797276,0
1506111421,22071559,219.73,0.08274000,1
1506111421,22071557,219.74,36.38124800,1
1506111417,22071551,220.50,2.59065759,1
1506111417,22071550,220.45,0.25000000,0
1506111417,22071549,220.45,0.25000000,0
1506111416,22071548,220.21,1.27540253,0
1506111416,22071547,220.18,0.50000000,0
1506111415,22071545,220.00,0.00000500,0
1506111405,22071539,219.89,2.81851695,0
1506111404,22071537,219.86,6.68149902,1
1506111404,22071535,219.88,3.31850098,1
1506111404,22071533,219.88,9.60922702,0
1506111404,22071532,219.88,2.81851100,0
1506111403,22071531,219.88,0.49999500,0
1506111356,22071500,219.80,0.62864100,1
1506111354,22071497,219.72,0.62864100,1
1506111178,22071361,219.82,0.58313077,1
1506111169,22071360,219.85,1.00497700,1
1506111169,22071359,219.86,1.27540253,1
1506111157,22071352,219.91,0.06000500,0
1506111153,22071344,220.00,0.19999500,0
1506111153,22071342,220.00,2.00000000,0
1506111153,22071341,220.00,0.50000000,0
1506111136,22071326,219.74,1.56623940,0
1506111133,22071319,219.79,2.57934665,0
1506111124,22071312,219.72,3.08767841,1
1506111117,22071303,219.98,0.25000000,0
1506111114,22071302,219.97,0.01468397,0
1506111095,22071299,219.80,0.96229860,0
1506111095,22071298,219.80,1.00000000,0
1506111035,22071274,219.97,1.00000000,0
1506110951,22071238,219.97,0.57023461,0
1506110951,22071237,219.97,1.54291718,0
1506110931,22071227,219.97,0.75209700,0
1506110829,22071175,219.70,3.00000000,0
1506110808,22071162,219.97,0.69054871,0
1506110744,22071124,219.97,1.45778400,0
1506110741,22071121,219.97,12.92275600,0
1506110737,22071112,219.97,0.91852000,0
1506110735,22071109,219.91,0.08274000,0
1506110680,22071053,219.55,0.66369000,1
1506110680,22071052,219.55,0.03000000,0
1506110679,22071051,219.57,0.08274000,1
1506110519,22070954,219.93,0.13934635,0
1506110518,22070949,219.93,1.63718227,0
1506110511,22070928,219.95,1.49400000,0
1506110506,22070889,219.95,1.49400000,0
1506110504,22070880,219.95,0.19348305,0
1506110500,22070858,219.96,0.09048392,0
1506110493,22070832,219.96,0.81435520,0
1506110488,22070825,219.96,0.37000000,0
1506110481,22070817,219.85,0.36360000,0
1506110466,22070804,219.87,0.50000000,0
1506110458,22070793,219.79,0.08274000,0
1506110354,22070768,219.01,5.80269966,0
1506110353,22070766,219.11,1.27483912,1
1506110353,22070765,219.12,1.00617000,1
1506110352,22070763,219.23,0.50000000,1
1506110352,22070762,219.23,0.36360000,0
1506110352,22070761,219.23,1.39500000,0
1506110349,22070757,219.28,0.08274000,1
1506110309,22070743,219.96,1.20426058,0
1506110309,22070742,219.71,0.50000000,0
1506110307,22070741,219.33,0.20000000,0
1506110307,22070740,219.32,0.14014446,0
1506110241,22070667,219.33,1.00000000,0
1506110218,22070655,219.66,1.53564599,0
1506110217,22070652,219.33,0.04927259,0
1506110214,22070648,219.34,0.45072741,1
1506110213,22070647,219.34,0.30395733,1
1506110210,22070645,219.34,1.27350310,0
1506110210,22070644,219.32,2.02918512,0
1506110210,22070643,219.22,0.57771304,0
1506110210,22070642,219.18,0.28217400,0
1506110210,22070641,219.18,0.08274000,0
1506110175,22070628,218.88,0.28217400,1
1506110175,22070626,218.98,0.08274000,1
1506110165,22070612,219.32,0.45481488,0
1506110150,22070580,219.15,0.49984030,1
1506110142,22070574,219.12,0.50000000,1
1506110141,22070572,219.12,0.77350310,1
1506110140,22070571,219.20,0.50000000,1
1506109980,22070492,219.98,0.21574113,1
1506109980,22070491,219.97,3.63000000,0
1506109980,22070490,219.69,11.22791207,0
1506109979,22070489,219.64,1.81094200,0
1506109979,22070488,219.50,1.54930000,0
1506109979,22070487,219.49,1.27134829,0
1506109978,22070486,219.35,5.00000000,0
1506109978,22070485,219.21,0.50000000,0
1506109978,22070484,219.20,0.50000000,0
1506109976,22070483,218.99,0.32000000,0
1506109974,22070482,218.99,2.88000000,0
1506109969,22070480,218.98,0.29723374,0
1506109960,22070473,218.99,1.80000000,0
1506109945,22070426,219.11,0.08274000,1
1506109813,22070377,219.00,0.04263298,0
1506109813,22070376,218.99,0.08274000,0
1506109606,22070259,218.96,0.02500000,0
1506109450,22070140,218.71,0.36486672,1
1506109448,22070137,218.81,1.47954100,0
1506109448,22070135,218.81,0.46420700,1
1506109447,22070131,218.81,2.27382700,1
1506109425,22070104,218.89,4.02895400,1
1506109425,22070103,218.89,0.50000000,1
1506109423,22070102,218.79,1.83452000,0
1506109423,22070101,218.79,0.08274000,0
1506109421,22070099,218.91,0.08274000,1
1506109330,22070075,219.40,0.13450586,0
1506109270,22070057,219.44,0.20506744,0
1506109270,22070055,219.25,0.09303736,0
1506109270,22070054,219.25,2.28161719,1
1506109270,22070052,219.11,1.00825700,0
1506109269,22070051,218.89,0.50000000,0
1506109269,22070050,218.60,5.97266979,0
1506109267,22070049,218.59,0.36440000,0
1506109245,22070036,218.60,3.37657361,0
1506109241,22070035,218.60,0.50000000,1
1506109241,22070034,218.70,5.00734090,1
1506109241,22070033,218.80,0.08338334,1
1506109240,22070032,218.80,0.06003236,1
1506109240,22070031,219.35,14.14196489,1
1506109239,22070030,219.30,0.50000000,0
1506109239,22070029,219.21,3.47717800,0
1506109239,22070028,219.20,0.08274000,1
1506109238,22070027,219.20,0.08274000,0
1506109145,22069941,218.80,0.43996764,1
1506109145,22069940,218.84,0.50000000,0
1506109143,22069937,218.87,1.46466500,1
1506109143,22069936,218.87,1.27134829,1
1506109143,22069935,218.88,0.36440000,1
1506109110,22069917,219.46,6.06156019,1
1506109110,22069916,219.39,0.52000000,0
1506109109,22069915,219.37,0.35322464,1
1506109109,22069914,219.32,0.50000000,0
1506109107,22069913,219.09,0.11943416,0
1506108982,22069840,218.89,1.27123213,1
1506108954,22069795,218.80,0.35322464,1
1506108953,22069794,218.85,4.02576700,1
1506108953,22069792,218.85,0.08274000,0
1506108953,22069791,219.00,0.37050084,1
1506108951,22069790,219.11,0.08274000,1
1506108944,22069784,219.37,0.56179058,1
1506108943,22069782,219.25,0.10000000,0
1506108941,22069780,219.10,1.61401187,0
1506108930,22069756,219.10,0.22761296,0
1506108927,22069755,219.08,6.42012904,0
1506108920,22069747,219.09,1.96229860,0
1506108908,22069736,219.10,3.15837517,0
1506108908,22069733,219.07,0.88200576,0
1506108894,22069717,219.01,0.03297000,1
1506108884,22069704,219.01,4.28176796,0
1506108876,22069691,219.00,14.62949916,0
1506108834,22069670,219.00,0.37050084,0
1506108834,22069669,218.93,2.08000000,0
1506108833,22069668,218.93,2.54949916,0
1506108824,22069663,218.93,2.08050084,0
1506108768,22069642,218.94,0.09111669,0
1506108763,22069636,218.97,0.28465736,1
1506108763,22069635,218.90,0.08791898,0
1506108763,22069633,218.86,0.08274000,0
1506108658,22069590,218.90,0.30054819,0
1506108657,22069589,218.89,2.21791776,1
1506108656,22069588,218.75,0.41282587,0
1506108385,22069479,218.83,0.47563368,0
1506108385,22069477,218.82,0.08274000,1
1506108383,22069476,218.52,0.12091245,1
1506108383,22069475,218.52,0.36500000,0
1506108287,22069436,218.50,1.54930000,1
1506108002,22069307,218.52,1.44932378,1
1506108002,22069306,218.56,0.08274000,1
1506107989,22069304,218.57,0.88200576,1
1506107989,22069303,218.66,0.50000000,1
1506107980,22069300,218.67,0.08274000,0
1506107979,22069299,218.67,0.50000000,1
1506107979,22069298,218.68,0.38846717,1
1506107979,22069297,218.69,0.36500000,1
1506107961,22069292,219.15,0.63819302,0
1506107868,22069265,219.24,0.68244846,0
1506107805,22069248,218.82,0.35328962,1
1506107788,22069242,219.11,3.38536174,1
1506107786,22069241,219.11,0.87983826,0
1506107786,22069240,219.10,0.36480000,0
1506107758,22069232,219.11,0.38770480,0
1506107757,22069231,219.03,0.36500000,0
1506107757,22069230,218.99,0.08274000,0
1506107757,22069229,218.99,0.50000000,1
1506107755,22069228,218.96,0.50000000,0
1506107618,22069174,218.30,4.25516594,0
1506107617,22069173,218.32,1.26754306,1
1506107617,22069172,218.36,4.02975100,1
1506107617,22069171,218.39,0.36480000,1
1506107617,22069170,218.42,0.08274000,1
1506107595,22069164,218.45,0.50000000,0
1506107594,22069163,218.23,0.62519260,1
1506107594,22069162,218.29,0.09303396,1
1506107594,22069161,218.35,0.46222791,1
1506107594,22069160,218.36,1.04000000,1
1506107593,22069159,218.47,0.50000000,1
1506107593,22069158,218.84,0.36500000,1
1506107593,22069157,218.99,5.19000000,1
1506107586,22069148,219.98,8.06796493,1
1506107586,22069146,219.98,1.00636000,1
1506107585,22069140,219.95,0.50000000,0
1506107585,22069138,219.95,0.49984011,0
1506107584,22069134,219.94,0.25000000,0
1506107584,22069132,219.90,0.25000000,0
1506107584,22069131,219.90,0.25000000,0
1506107583,22069130,219.75,0.25000000,0
1506107583,22069129,219.69,0.25000000,0
1506107582,22069126,219.60,0.25000000,0
1506107582,22069125,219.60,0.11010876,1
1506107582,22069121,219.55,0.25000000,0
1506107581,22069119,219.51,5.41519748,0
1506107581,22069117,219.51,17.92242200,1
1506107581,22069116,219.41,19.81661683,0
1506107580,22069115,219.40,3.14000000,0
1506107580,22069114,219.40,1.54717095,1
1506107580,22069113,219.34,0.53000000,0
1506107580,22069112,219.28,1.00714000,0
1506107579,22069111,219.25,17.92276800,1
1506107578,22069110,219.14,0.50000000,0
1506107578,22069109,218.98,0.51604338,0
1506107578,22069108,218.94,0.24079587,0
1506107577,22069107,218.92,0.08274000,0
1506107501,22069066,218.90,0.00839751,1
1506107500,22069065,218.90,0.08274000,0
1506107465,22069062,218.98,0.15750297,0
1506107452,22069028,218.39,0.67354635,1
1506107442,22069019,218.50,0.10000000,1
1506107441,22069018,218.52,0.08274000,1
1506107437,22069011,219.55,5.41421088,1
1506107436,22069010,219.51,2.00000000,0
1506107436,22069008,219.50,0.25000000,0
1506107436,22069007,219.50,7.41409036,1
1506107435,22069004,219.45,0.25000000,0
1506107434,22069003,219.25,0.10000000,0
1506107434,22069002,219.15,1.00730200,1
1506107434,22069001,219.15,1.26094307,0
1506107433,22069000,219.07,0.51000000,0
1506107433,22068999,219.07,0.50000000,1
1506107433,22068997,219.05,1.02733052,0
1506107432,22068996,218.91,0.08274000,1
1506107429,22068990,218.44,0.06984506,1
1506107401,22068973,218.44,0.01289494,0
1506107400,22068972,218.44,0.08274000,0
1506107235,22068811,218.99,1.00126000,0
1506107180,22068789,218.98,1.91852000,0
1506107178,22068788,218.96,0.08274000,0
1506107153,22068765,219.00,0.05998904,0
1506107122,22068753,219.00,9.84437602,0
1506107122,22068752,218.91,0.06018839,0
1506107122,22068751,218.91,0.09543559,0
1506107042,22068678,218.91,10.00000000,0
1506106996,22068612,218.62,9.85074632,0
1506106996,22068611,218.63,0.50000000,1
1506106994,22068607,218.65,0.08274000,1
1506106933,22068500,219.15,1.02732971,1
1506106931,22068491,219.05,0.08274000,1
1506106874,22068450,218.53,0.08274000,1
1506106852,22068414,219.00,1.24829115,1
1506106852,22068413,219.00,2.16778191,0
1506106739,22068360,219.14,0.03059691,1
1506106739,22068358,218.99,0.50000000,0
1506106738,22068357,218.90,1.53718500,0
1506106738,22068356,218.89,0.10000000,0
1506106736,22068355,218.88,0.50000000,0
1506106652,22068331,218.33,0.10000000,1
1506106584,22068314,218.45,0.45135883,0
1506106584,22068313,218.35,0.00044318,0
1506106584,22068312,218.35,0.08819299,0
1506106575,22068306,218.12,0.15808597,1
1506106575,22068303,218.12,0.27588000,1
1506106566,22068292,218.12,0.27580900,0
1506106557,22068275,218.15,0.28557273,1
1506106557,22068274,218.15,0.12896900,1
1506106548,22068265,218.19,0.31532500,0
1506106548,22068264,218.20,0.64000000,1
1506106525,22068247,218.15,0.54545827,1
1506106522,22068238,218.21,0.63998859,1
1506106431,22068214,218.16,0.29191840,1
1506106326,22068178,218.34,0.06297517,1
1506106325,22068177,218.29,0.08274000,1
1506106324,22068175,218.29,0.08274000,0
1506106305,22068173,218.05,1.05316000,1
1506106302,22068172,218.05,0.03420500,1
1506106302,22068171,218.06,0.08274000,1
1506106296,22068166,218.05,0.70401800,1
1506106294,22068152,218.05,0.11694500,1
1506106290,22068148,218.05,0.14052785,1
1506106288,22068143,218.11,1.91796862,1
1506106209,22068124,218.10,0.00044318,1
1506106204,22068112,218.10,0.08819299,1
1506106202,22068107,218.32,0.00041370,1
1506106201,22068104,218.32,0.08232630,1
1506106021,22067978,218.76,0.98189797,1
1506106019,22067976,218.49,0.15823058,0
1506105876,22067934,218.66,9.61954632,0
1506105876,22067932,218.54,0.36600000,0
1506105876,22067931,218.54,0.08274000,0
1506105874,22067929,218.53,0.36520000,0
1506105787,22067856,218.01,0.77643983,1
1506105787,22067855,218.11,0.04580257,1
1506105687,22067754,218.51,0.93066899,1
1506105687,22067753,218.51,0.08274000,1
1506105640,22067697,218.16,2.45206931,0
1506105639,22067695,218.16,0.36600000,1
1506105639,22067694,218.16,0.18193069,1
1506105615,22067658,218.30,12.00000000,1
1506105612,22067653,218.49,0.07455718,1
1506105612,22067652,218.44,0.38205188,0
1506105566,22067595,218.27,2.70379549,1
1506105565,22067594,218.39,0.29620451,1
1506105565,22067591,218.35,0.08852955,0
1506105563,22067579,218.25,13.91147045,1
1506105562,22067577,218.25,0.08852955,1
1506105562,22067575,218.30,0.50000000,1
1506105562,22067574,218.41,0.50000000,1
1506105334,22067414,218.73,1.64271799,0
1506105334,22067413,218.77,4.84628150,1
1506105333,22067411,218.80,0.50000000,1
1506105333,22067410,218.82,2.18000000,1
1506105331,22067409,218.86,1.26094307,1
1506105177,22067320,219.41,1.00000000,0
1506105170,22067311,219.03,0.08274000,0
1506105168,22067309,219.03,0.08274000,0
1506105167,22067306,219.03,0.00250000,1
1506105166,22067305,219.03,0.49750000,1
1506105166,22067304,219.40,10.79717486,1
1506105165,22067302,219.40,0.20282514,0
1506105165,22067301,219.31,3.91726000,0
1506105165,22067300,219.30,0.08274000,0
1506105163,22067292,219.31,3.91726000,1
1506105154,22067283,219.31,0.50000000,1
1506105149,22067279,219.12,0.50000000,0
1506105149,22067278,218.97,0.08274000,0
1506104884,22067074,218.44,2.90476786,1
1506104884,22067073,218.45,0.38462840,1
1506104884,22067072,218.49,0.36520000,1
1506104884,22067071,218.51,0.08274000,1
1506104879,22067069,219.00,0.15488461,0
1506104879,22067068,219.00,0.71414844,0
1506104879,22067067,219.00,3.01229115,0
1506104794,22067043,218.79,0.56449411,1
1506104794,22067042,218.78,0.36520000,0
1506104793,22067041,218.56,0.08274000,1
1506104792,22067040,218.56,0.98882589,0
1506104650,22067011,218.34,0.17697169,1
1506104608,22066979,218.56,0.27383785,0
1506104215,22066833,218.28,0.22805905,0
1506104213,22066831,218.34,1.26266374,1
1506103990,22066762,218.36,3.52746907,1
1506103990,22066760,218.37,0.36520000,1
1506103960,22066752,218.78,0.04566210,0
1506103960,22066751,218.78,1.00456621,0
1506103956,22066749,219.00,0.35510634,0
1506103956,22066748,218.99,0.25000000,0
1506103955,22066747,218.93,1.00769100,1
1506103955,22066744,218.80,0.50000000,1
1506103954,22066743,218.72,0.60371474,0
1506103954,22066742,218.72,0.41047000,0
1506103954,22066741,218.71,0.24630461,0
1506103944,22066739,218.33,10.00000000,1
1506103879,22066721,218.39,5.00000000,0
1506103863,22066717,218.39,0.36530000,1
1506103848,22066681,218.38,0.58000000,0
1506103847,22066680,218.38,0.58000000,0
1506103846,22066679,218.38,0.58000000,0
1506103845,22066678,218.38,0.58000000,0
1506103824,22066676,218.38,7.62922769,0
1506103818,22066674,218.37,0.57658881,1
1506103807,22066671,218.38,0.08274000,0
1506103789,22066649,218.24,3.72573276,1
1506103789,22066648,218.41,3.90755500,0
1506103717,22066612,218.38,5.00000000,0
1506103702,22066602,218.54,0.08274000,0
1506103687,22066585,218.49,0.50000000,0
1506103622,22066527,218.06,0.05984676,1
1506103605,22066519,218.00,0.02509135,1
1506103594,22066516,218.02,0.24630461,1
1506103594,22066515,218.07,0.36530000,1
1506103588,22066513,218.02,0.41047000,1
1506103588,22066512,218.03,0.50000000,1
1506103587,22066511,218.07,0.08274000,1
1506103586,22066509,218.03,0.50000000,1
1506103586,22066508,218.05,0.37500539,1
1506103586,22066507,218.06,0.08274000,1
1506103585,22066505,218.05,0.22870935,1
1506103585,22066504,218.86,0.37542765,1
1506103584,22066503,218.85,0.50000000,0
1506103584,22066502,218.73,0.50000000,0
1506103584,22066501,218.71,0.04580749,0
1506103584,22066500,218.70,0.08274000,0
1506103582,22066493,218.10,0.25346000,0
1506103582,22066492,218.10,0.08274000,1
1506103552,22066473,218.53,0.71414844,0
1506103504,22066450,218.03,0.22423000,1
1506103499,22066439,218.55,0.08274000,1
1506103499,22066438,218.55,0.50000000,0
1506103499,22066437,218.38,0.65568900,0
1506103492,22066427,218.09,0.08274000,0
1506103425,22066385,218.38,0.00714351,0
1506103423,22066384,218.32,0.36700000,0
1506103423,22066383,218.31,0.08274000,0
1506103345,22066353,218.38,2.62352500,1
1506103345,22066352,218.29,0.29499500,0
1506103343,22066350,218.21,0.08274000,0
1506103333,22066340,217.78,0.14064500,1
1506103332,22066337,217.78,0.22635500,1
1506103332,22066336,217.83,0.08274000,1
1506103255,22066284,217.48,0.66283251,1
1506103255,22066283,217.60,0.50000000,1
1506103255,22066282,217.65,0.04580749,1
1506103246,22066272,218.55,1.91852000,1
1506103244,22066271,218.44,0.08274000,0
1506103243,22066267,217.93,0.42789735,1
1506103230,22066249,217.96,0.08274000,1
1506103207,22066227,218.84,9.65647784,1
1506103207,22066226,218.84,10.59183142,1
1506103207,22066225,218.72,0.25004577,0
1506103206,22066224,218.69,0.08820837,0
1506103206,22066223,218.69,0.91571232,0
1506103205,22066222,218.57,1.00000000,0
1506103205,22066221,218.40,0.98001300,0
1506103205,22066220,218.16,0.50000000,0
1506103204,22066219,218.13,0.98242006,0
1506103204,22066218,218.13,16.29770200,1
1506103203,22066217,218.13,0.02752294,0
1506103203,22066216,218.11,4.40000000,0
1506103112,22066163,217.66,0.42846994,0
1506103112,22066160,217.83,0.50000000,1
1506103112,22066158,217.86,0.08274000,1
1506103098,22066106,217.90,0.50000000,1
1506103098,22066105,218.08,0.00004585,1
1506103094,22066100,218.08,0.86096846,1
1506103069,22066079,218.08,6.00000000,1
1506103044,22066056,218.38,2.73300872,0
1506103014,22066024,218.36,5.00000000,0
1506103002,22066016,218.39,3.89266907,1
1506103001,22066015,218.39,10.00000000,1
1506102960,22065983,218.38,0.05608800,0
1506102934,22065971,218.08,38.08000000,1
1506102934,22065970,218.09,1.92000000,1
1506102912,22065956,218.40,0.81998700,0
1506102881,22065943,218.37,1.83204359,0
1506102876,22065939,218.21,0.08274000,1
1506102875,22065937,218.42,4.63345896,1
1506102874,22065936,218.41,1.00887200,0
1506102874,22065935,218.36,0.50000000,0
1506102874,22065934,218.21,0.08274000,0
1506102862,22065928,217.81,3.60000000,1
1506102844,22065924,217.81,3.60000000,1
1506102812,22065921,217.80,1.80000000,1
1506102807,22065915,217.83,0.08274000,1
1506102751,22065902,218.40,1.40160256,1
1506102750,22065901,218.26,1.00000000,0
1506102750,22065900,218.17,0.50000000,1
1506102750,22065899,218.17,4.63000000,1
1506102750,22065898,217.99,0.08274000,0
1506102749,22065897,217.97,0.11560000,0
1506102749,22065896,217.96,2.70000000,1
1506102722,22065889,217.72,28.06726000,0
1506102722,22065887,217.73,6.65000000,1
1506102721,22065886,217.74,0.08274000,1
1506102715,22065879,218.10,2.21203304,0
1506102715,22065878,217.98,0.08274000,0
1506102690,22065864,217.67,4.63000000,1
1506102689,22065863,217.67,4.38000000,1
1506102689,22065862,217.85,0.25000000,1
1506102582,22065811,218.12,1.60077022,0
1506102581,22065810,218.12,2.00000000,0
1506102553,22065801,218.12,0.18987154,0
1506102552,22065799,218.02,0.70510583,0
1506102491,22065779,218.12,0.02283147,0
1506102456,22065772,218.16,0.20241200,0
1506102420,22065755,218.00,0.22920674,0
1506102392,22065748,218.00,0.25000000,1
1506102391,22065744,218.02,0.24999996,1
1506102390,22065742,218.01,5.08874498,0
1506102355,22065706,218.05,0.05495251,1
1506102355,22065705,218.07,0.36560000,1
1506102355,22065704,218.08,2.90944749,1
1506102330,22065653,218.20,6.67000000,0
1506102305,22065644,218.27,2.30793642,1
1506102294,22065640,218.29,0.25000000,1
1506102294,22065639,218.29,0.25000000,1
1506102293,22065638,218.48,0.25000000,1
1506102215,22065591,218.24,7.67544963,0
1506102215,22065590,218.29,1.00000000,1
1506102214,22065589,218.30,0.91571232,1
1506102214,22065588,218.37,0.50000000,1
1506102214,22065587,218.45,0.25000000,1
1506102212,22065586,218.46,0.08820837,1
1506102200,22065583,218.48,0.25004577,1
1506102195,22065582,218.49,0.08274000,0
1506102177,22065570,219.31,7.95847465,1
1506102177,22065569,219.31,0.08274000,1
1506102177,22065568,219.04,1.00685600,0
1506102176,22065567,219.00,0.11503309,0
1506102176,22065563,218.85,0.50000000,1
1506102176,22065559,218.80,0.25000000,0
1506102174,22065556,218.52,0.08815626,0
1506102167,22065544,218.52,0.25000000,0
1506102151,22065525,218.52,0.44916306,0
1506102121,22065496,218.48,1.00000000,0
1506102069,22065481,217.99,0.32553321,1
1506102069,22065480,218.11,0.08168579,1
1506102068,22065479,218.11,1.42957000,1
1506102068,22065478,218.14,0.08274000,1
1506102052,22065473,218.48,1.91726000,1
1506102051,22065472,218.48,0.08274000,0
1506102016,22065465,217.97,0.99955900,1
1506101995,22065455,218.11,2.18586000,1
1506101992,22065453,218.11,0.47000000,1
1506101992,22065452,218.11,4.16348020,1
1506101991,22065451,218.11,0.46651980,0
1506101938,22065435,217.71,0.50000000,1
1506101938,22065434,217.89,0.46651980,1
1506101938,22065433,217.93,0.08274000,1
1506101840,22065395,217.84,0.08270000,1
1506101730,22065370,218.47,3.90712800,0
1506101730,22065369,217.98,1.01013200,0
1506101730,22065368,217.78,0.08274000,0
1506101701,22065346,217.92,0.51638215,0
1506101699,22065345,217.87,0.08274000,0
1506101699,22065344,217.86,0.31757475,0
1506101676,22065317,217.52,0.45795000,1
1506101649,22065282,217.60,0.39656600,1
1506101648,22065281,217.39,1.75347000,0
1506101648,22065280,217.39,4.08000000,1
1506101648,22065278,217.60,0.08274000,1
1506101642,22065272,217.58,2.43614000,1
1506101642,22065271,217.59,0.08274000,1
1506101641,22065270,217.51,0.85028200,1
1506101635,22065265,218.03,0.06370135,0
1506101628,22065259,217.54,3.36975000,1
1506101573,22065198,218.02,3.36739749,1
1506101536,22065188,217.97,0.05042525,0
1506101520,22065174,218.16,0.54000000,0
1506101520,22065172,217.83,0.50000000,0
1506101520,22065171,217.81,0.08274000,0
1506101509,22065167,217.99,1.01075500,0
1506101509,22065166,217.98,0.46633909,0
1506101509,22065165,217.93,0.50000000,0
1506101499,22065164,217.19,0.04925998,1
1506101498,22065162,217.25,0.00000002,1
1506101498,22065160,217.27,0.36800000,1
1506101498,22065159,217.28,0.08274000,1
1506101496,22065157,217.78,4.63000000,0
1506101496,22065156,217.77,0.30760200,0
1506101491,22065151,217.78,4.63000000,0
1506101348,22065095,217.60,0.37568933,0
1506101346,22065094,217.58,0.08274000,0
1506101257,22065077,217.41,0.08274000,1
1506101201,22065068,217.90,0.00720700,1
1506101199,22065066,217.57,1.01131300,0
1506101199,22065065,217.56,0.08274000,0
1506101196,22065060,217.50,0.08281219,0
1506101196,22065059,217.50,0.22479500,0
1506101196,22065058,217.36,0.08274000,0
1506101162,22065040,217.25,12.92773300,1
1506101008,22064994,216.92,0.50000000,1
1506100998,22064992,216.89,2.72833961,1
1506100997,22064991,216.90,0.30760719,1
1506100997,22064990,216.94,0.50000000,1
1506100995,22064989,216.98,0.08274000,1
1506100922,22064880,217.50,0.00015556,1
1506100922,22064879,217.50,7.35567817,1
1506100918,22064872,217.50,0.50000000,0
1506100918,22064871,217.44,0.36730000,0
1506100918,22064869,217.40,0.30682027,0
1506100918,22064867,217.31,1.01930600,0
1506100918,22064866,217.20,0.36800000,0
1506100918,22064865,217.19,0.08274000,0
1506100640,22064652,217.00,28.53256948,0
1506100639,22064651,217.00,1.01000000,0
1506100639,22064649,217.00,0.30682027,1
1506100639,22064648,217.01,0.36800000,1
1506100639,22064647,217.03,0.36730000,1
1506100639,22064645,217.05,5.32531025,1
1506100592,22064603,217.48,1.00000000,0
1506100582,22064599,217.50,0.50000000,0
1506100577,22064592,217.50,11.09000000,0
1506100575,22064589,217.64,0.50000000,1
1506100573,22064585,217.77,0.08274000,1
1506100572,22064583,217.76,1.05684898,1
1506100572,22064582,217.76,0.46633909,1
1506100544,22064540,217.75,0.09407500,1
1506100541,22064537,218.40,0.03326706,0
1506100541,22064536,218.40,1.21123843,1
1506100541,22064534,218.37,0.50000000,1
1506100539,22064530,218.16,0.08274000,1
1506100511,22064477,217.88,0.08274000,1
1506100429,22064409,218.56,2.67949304,1
1506100429,22064408,218.46,0.51000000,0
1506100429,22064406,218.46,0.46830000,1
1506100428,22064405,218.24,0.12701191,0
1506100427,22064404,218.08,0.71726376,0
1506100427,22064402,218.07,0.46565341,0
1506100427,22064400,217.99,0.50000000,0
1506100426,22064398,217.84,0.32981777,1
1506100425,22064397,217.84,0.08274000,0
1506100333,22064375,217.65,0.08274000,1
1506100295,22064361,217.65,6.52061374,0
1506100295,22064358,217.65,0.08274000,1
1506100275,22064350,218.04,0.04700000,0
1506100214,22064305,217.40,6.27351385,0
1506100212,22064300,217.38,1.01436939,1
1506100178,22064283,217.50,0.08274000,0
1506099980,22064167,217.32,0.98058972,0
1506099841,22064090,217.39,2.00000000,1
1506099814,22064072,217.36,5.96000000,1
1506099813,22064069,217.36,5.06946053,0
1506099782,22064049,217.68,3.90592500,0
1506099782,22064045,217.67,0.51133500,0
1506099781,22064044,217.65,0.08274000,1
1506099764,22064033,217.77,0.46346018,0
1506099764,22064032,217.58,1.95379982,0
1506099762,22064031,217.54,0.08274000,0
1506099706,22063993,217.08,0.49356000,0
1506099704,22063991,217.12,0.08274000,1
1506099562,22063947,217.52,0.22926627,0
1506099538,22063934,217.32,1.96138848,1
1506099537,22063933,217.37,0.08274000,1
1506099474,22063889,217.97,5.69495200,0
1506099473,22063888,217.61,0.22230800,0
1506099473,22063887,217.59,0.08274000,0
1506099158,22063772,218.03,1.43125761,1
1506099158,22063771,217.98,0.51114500,0
1506099157,22063770,217.80,0.50000000,1
1506099157,22063769,217.78,0.93000000,0
1506099157,22063768,217.77,0.36480000,0
1506099156,22063767,217.74,0.55762416,1
1506099156,22063766,217.70,0.06272979,0
1506099154,22063764,217.67,0.08274000,0
1506098969,22063696,217.70,0.71726374,0
1506098776,22063599,217.09,12.93689827,1
1506098774,22063594,217.05,19.41172757,0
1506098774,22063593,217.16,0.08274000,0
1506098772,22063592,217.16,0.50000000,1
1506098772,22063591,217.17,0.08274000,1
1506098765,22063585,217.05,1.43021604,1
1506098765,22063584,217.56,0.08469532,1
1506098701,22063521,217.57,1.69950315,0
1506098700,22063520,217.72,0.04231654,1
1506098700,22063518,217.78,0.23571516,1
1506098699,22063516,217.78,0.22993825,1
1506098695,22063507,217.84,1.29476806,1
1506098609,22063381,218.66,0.46377938,0
1506098609,22063378,218.57,3.60000000,0
1506098607,22063372,218.47,0.50000000,0
1506098573,22063349,218.44,0.18490230,1
1506098570,22063341,218.44,1.06619640,1
1506098552,22063329,218.51,6.09000000,1
1506098552,22063328,218.55,0.36480000,1
1506098551,22063327,218.56,1.25109900,1
1506098540,22063305,218.50,4.25795974,0
1506098484,22063236,218.74,0.21870714,0
1506098484,22063235,218.60,0.25000000,0
1506098484,22063234,218.60,0.25000000,0
1506098482,22063232,218.59,0.28048557,0
1506098416,22063207,218.51,1.02405657,0
1506098415,22063206,218.51,0.80878550,0
1506098415,22063205,218.47,0.50976200,1
1506098414,22063202,218.33,0.24170370,0
1506098414,22063201,218.33,0.35826880,0
1506098413,22063200,218.33,0.22360090,0
1506098412,22063197,218.32,0.08274000,0
1506098324,22063128,218.19,2.56894928,1
1506098324,22063127,218.32,0.08274000,1
1506098270,22063100,218.35,0.27701439,0
1506098270,22063099,218.33,0.24169300,0
1506098270,22063098,218.33,2.47938800,0
1506098270,22063097,218.32,0.18711523,0
1506098219,22063079,218.32,0.36723500,0
1506098218,22063076,218.32,1.28000000,1
1506098218,22063075,218.32,3.35276500,1
1506098203,22063071,218.30,1.19449500,0
1506098203,22063070,218.21,0.08274000,0
1506098103,22062995,217.77,0.18711523,1
1506098103,22062994,217.77,0.50000000,1
1506098102,22062993,217.78,0.08274000,1
1506098097,22062986,218.42,0.32627688,0
1506098096,22062985,218.42,1.26904406,1
1506098096,22062984,218.41,0.51773904,0
1506098095,22062982,218.39,1.51934039,1
1506098094,22062981,218.39,1.57585800,0
1506098046,22062946,217.78,0.48339600,1
1506098043,22062941,218.33,0.48346168,1
1506098043,22062939,218.33,2.24937300,1
1506098043,22062936,218.33,4.75918000,1
1506098042,22062935,218.33,0.03440359,1
1506098042,22062934,218.33,3.60000000,1
1506098041,22062932,218.33,1.12774000,1
1506098038,22062923,218.33,0.08274000,1
1506098037,22062921,218.17,0.50000000,0
1506098028,22062914,218.34,0.36928643,0
1506098028,22062913,218.14,0.50000000,0
1506098027,22062912,218.07,4.71000000,0
1506098027,22062911,218.07,0.08274000,1
1506098027,22062910,218.06,1.25329718,0
1506098026,22062908,218.02,0.08274000,1
1506098004,22062890,217.62,1.72106593,1
1506097998,22062884,217.61,1.71670300,1
1506097998,22062883,217.62,0.08274000,1
1506097996,22062878,217.61,0.05511600,1
1506097996,22062876,217.62,0.08274000,1
1506097992,22062865,217.61,2.50612034,1
1506097992,22062864,217.61,1.25329718,1
1506097992,22062863,217.62,0.08274000,1
1506097992,22062862,217.62,2.04102800,1
1506097950,22062799,217.99,4.91726000,0
1506097949,22062798,217.98,0.08274000,0
1506097939,22062789,217.97,6.24478474,0
1506097925,22062782,217.92,0.09136380,1
1506097872,22062760,217.60,0.10000000,1
1506097856,22062755,217.85,1.01491136,0
1506097856,22062754,217.66,0.50000000,0
1506097773,22062650,216.94,2.66726000,0
1506097766,22062644,216.95,0.50000000,1
1506097766,22062642,217.27,2.81000000,1
1506097766,22062640,217.28,0.08274000,1
1506097765,22062638,217.28,1.15489300,1
1506097760,22062625,218.41,5.86969461,1
1506097760,22062624,218.35,3.05000000,0
1506097759,22062622,218.14,0.83120538,0
1506097759,22062621,218.14,1.91313100,1
1506097759,22062620,217.97,0.22741854,0
1506097759,22062619,217.96,0.19195700,0
1506097758,22062618,217.96,1.92385100,1
1506097758,22062617,217.95,18.04054800,1
1506097758,22062616,217.95,1.31175393,1
1506097758,22062615,217.95,0.04000000,1
1506097757,22062614,217.90,0.07504904,0
1506097757,22062612,217.90,0.17495096,0
1506097757,22062611,217.88,1.15636800,0
1506097756,22062610,217.85,0.54000000,0
1506097756,22062609,217.85,0.00002381,0
1506097756,22062608,217.85,0.24997619,0
1506097756,22062607,217.85,0.24999996,0
1506097756,22062606,217.54,0.50000000,0
1506097755,22062605,217.53,2.04280900,0
1506097754,22062603,217.52,0.25000000,0
1506097723,22062593,217.07,1.75820000,1
1506097713,22062587,217.00,0.25000000,0
1506097662,22062567,216.99,0.12000000,0
1506097605,22062545,216.97,0.12750739,0
1506097604,22062543,216.92,0.10000000,1
1506097583,22062534,216.91,0.10000000,1
1506097528,22062516,216.92,3.91796766,1
1506097495,22062506,216.95,1.52106800,1
1506097431,22062472,216.91,2.61000000,0
1506097430,22062471,216.90,0.10000000,1
1506097418,22062468,216.91,3.35000000,0
1506097405,22062462,216.89,0.10000000,1
1506097386,22062453,216.90,5.44707487,0
1506097385,22062450,216.90,3.35362300,0
1506097309,22062399,216.80,4.21630074,0
1506097305,22062397,216.79,4.23670000,0
1506097242,22062365,216.27,0.10000000,1
1506097208,22062357,216.77,0.19991437,0
1506097197,22062351,216.85,4.14000000,0
1506097197,22062350,216.85,0.48879640,0
1506097165,22062341,216.85,4.14120360,0
1506097035,22062260,216.96,1.54528500,0
1506097034,22062259,216.85,0.50000000,0
1506097032,22062254,216.71,0.08274000,1
1506097032,22062248,216.93,1.34626746,1
1506097030,22062242,216.81,0.50000000,0
1506097030,22062241,216.71,0.15517854,0
1506097029,22062239,216.71,0.34482146,0
1506097029,22062238,216.64,0.52237854,0
1506097029,22062237,216.50,0.35517900,0
1506097029,22062236,216.50,0.19999500,0
1506097029,22062234,216.50,0.52237300,0
1506097028,22062233,216.50,0.49999500,0
1506097028,22062232,216.50,2.04496100,0
1506097028,22062231,216.50,0.12750200,0
1506097028,22062230,216.50,0.24999500,0
1506097027,22062227,216.57,0.20000000,0
1506097008,22062211,216.47,0.36930000,0
1506096964,22062188,216.51,0.33168525,0
1506096960,22062186,216.49,0.10000000,1
1506096935,22062181,216.45,0.10000000,1
1506096932,22062174,216.56,0.03831475,0
1506096759,22062052,216.22,0.08274000,1
1506096700,22062006,216.49,1.47402282,0
1506096700,22062005,215.69,0.50000000,0
1506096689,22061999,215.20,2.93487621,0
1506096689,22061998,215.52,2.51009246,0
1506096687,22061995,215.78,0.37000000,1
1506096687,22061994,215.94,0.50000000,1
1506096686,22061992,215.19,1.03661239,0
1506096685,22061989,215.90,0.08587247,1
1506096685,22061988,215.90,2.04659000,0
1506096685,22061985,215.91,0.08274000,1
1506096684,22061983,215.92,0.50000000,1
1506096684,22061982,216.00,0.36930000,1
1506096682,22061979,216.10,0.08274000,1
1506096618,22061927,216.50,0.01606073,0
1506096618,22061926,216.48,1.00000000,0
1506096617,22061925,216.45,0.50000000,0
1506096617,22061924,216.21,0.72930885,0
1506096590,22061906,216.15,0.76879063,0
1506096460,22061831,216.15,2.01282000,1
1506096451,22061809,215.90,3.10360753,1
1506096318,22061613,216.21,1.42315341,0
1506096317,22061611,216.20,0.56992602,0
1506096277,22061526,215.90,0.06052000,1
1506096193,22061422,215.90,4.63000000,0
1506096133,22061409,215.81,0.08726616,0
1506096122,22061405,215.79,12.93425861,0
1506096122,22061404,215.39,0.08274000,0
1506096104,22061400,215.82,1.14391622,0
1506096104,22061399,215.53,0.45000000,0
1506096102,22061398,215.29,0.15055682,0
1506096102,22061397,215.28,0.08274000,0
1506096102,22061396,215.28,0.50000000,0
1506096098,22061394,215.29,0.84120740,0
1506096098,22061393,215.26,0.50000000,0
1506096098,22061392,215.20,0.17986060,0
1506096055,22061377,214.90,0.50000000,0
1506096037,22061367,214.61,0.50000000,0
1506096034,22061365,214.55,0.60228873,1
1506096032,22061364,214.51,5.18399965,0
1506095994,22061335,214.48,1.00000000,0
1506095989,22061330,214.23,10.26505496,1
1506095988,22061328,214.24,0.76076900,1
1506095988,22061326,214.24,0.04288724,1
1506095934,22061281,214.48,0.41933980,1
1506095929,22061278,214.82,0.13176000,0
1506095929,22061277,214.82,0.08274000,0
1506095929,22061276,214.81,0.08274000,0
1506095927,22061274,214.48,0.00050000,0
1506095925,22061268,214.25,0.36373594,1
1506095925,22061267,214.47,0.05399806,1
1506095924,22061265,214.48,0.09950000,0
1506095922,22061260,214.47,0.10000000,1
1506095920,22061252,214.47,0.04525807,1
1506095920,22061251,214.50,0.41744176,1
1506095909,22061177,214.65,0.49997424,1
1506095906,22061150,214.50,9.18728495,1
1506095906,22061145,214.51,26.25263200,1
1506095905,22061143,214.61,0.51255300,1
1506095905,22061140,214.65,0.04753005,1
1506095903,22061129,214.65,0.45246995,1
1506095903,22061126,214.88,0.04750671,1
1506095903,22061117,214.88,0.20212724,1
1506095898,22061098,214.88,0.27337600,1
1506095898,22061097,215.00,0.25000000,1
1506095892,22061088,215.00,1.06713625,1
1506095884,22061076,215.00,0.27654000,1
1506095879,22061066,215.19,5.49348248,0
1506095879,22061065,215.17,0.36980000,0
1506095879,22061064,215.11,0.45168619,0
1506095869,22061052,215.00,3.35632375,1
1506095869,22061051,215.00,0.27884825,1
1506095836,22061025,215.00,1.04831400,1
1506095830,22061012,215.00,3.00000000,1
1506095827,22061006,215.00,0.17283775,1
1506095827,22061005,215.00,0.02819225,1
1506095826,22061001,215.00,0.07180775,1
1506095826,22061000,215.00,0.34601025,1
1506095826,22060999,215.01,1.61000000,1
1506095822,22060994,215.08,3.00000000,1
1506095822,22060992,215.08,1.50000000,1
1506095820,22060990,215.08,3.00000000,1
1506095819,22060988,215.19,1.15883638,0
1506095812,22060981,215.08,0.39192030,1
1506095796,22060975,215.08,3.01000000,1
1506095764,22060953,215.00,0.20196400,1
1506095745,22060934,215.00,0.10000000,1
1506095740,22060926,215.01,1.45505619,1
1506095716,22060899,215.00,2.33308975,1
1506095696,22060870,215.00,1.05020000,1
1506095695,22060866,215.00,0.97431600,1
1506095695,22060865,215.06,0.68229400,1
1506095694,22060863,215.06,0.31000000,0
1506095693,22060859,215.00,9.99442000,1
1506095693,22060857,215.01,8.71073000,1
1506095693,22060854,215.02,0.78785500,1
1506095692,22060852,215.02,0.36999500,1
1506095692,22060848,215.02,0.39215000,1
1506095691,22060845,215.02,0.36980000,1
1506095691,22060844,215.05,2.04760100,1
1506095691,22060842,215.06,0.31000000,1
1506095687,22060829,215.19,0.04633115,0
1506095676,22060813,215.20,0.32000000,0
1506095674,22060808,215.01,18.92392400,1
1506095674,22060807,215.10,2.04649600,1
1506095673,22060803,215.20,0.00013940,1
1506095672,22060802,215.20,0.49986060,1
1506095667,22060790,215.26,2.04477500,1
1506095666,22060785,215.50,9.70000000,1
1506095665,22060778,215.51,9.70000000,1
1506095664,22060777,215.51,16.80136000,1
1506095664,22060776,215.52,2.24000000,1
1506095664,22060775,215.53,0.45000000,1
1506095633,22060746,215.56,0.64124700,1
1506095632,22060745,215.59,0.08274000,1
1506095626,22060740,215.56,0.80304933,1
1506095626,22060739,215.61,0.08274000,1
1506095611,22060730,215.95,0.50000000,0
1506095587,22060706,215.55,0.01726000,1
1506095585,22060701,215.60,0.08274000,1
1506095565,22060685,215.52,0.10000000,1
1506095560,22060681,215.51,0.00035000,1
1506095560,22060680,215.70,0.50000000,1
1506095530,22060583,215.93,0.00002716,1
1506095530,22060582,215.93,15.97447496,1
1506095528,22060580,215.93,12.02549788,1
1506095528,22060578,215.94,0.00002712,1
1506095524,22060561,215.94,28.52659888,1
1506095522,22060555,215.94,1.24452000,1
1506095520,22060548,215.94,0.95381200,1
1506095520,22060547,215.95,2.50000000,1
1506095511,22060535,215.97,2.82150721,1
1506095511,22060533,215.99,0.00002861,1
1506095510,22060529,215.99,0.62997139,1
1506095503,22060520,215.96,30.22761060,1
1506095502,22060519,215.97,3.57000000,1
1506095502,22060518,215.98,2.89000000,1
1506095501,22060512,215.98,3.44926013,1
1506095480,22060463,215.97,0.23492397,1
1506095478,22060459,215.96,2.39720264,1
1506095465,22060441,216.07,0.00000171,1
1506095456,22060420,216.07,3.99999829,1
1506095399,22060328,216.21,0.66916424,0
1506095395,22060311,216.55,3.10320942,1
1506095395,22060310,216.22,0.50000000,0
1506095394,22060305,216.21,0.08274000,0
1506095390,22060292,215.60,0.00000210,1
1506095390,22060289,215.85,0.00002381,1
1506095390,22060288,216.18,3.50636409,1
1506095388,22060283,216.18,0.96315685,0
1506095360,22060231,215.86,0.71998708,1
1506095350,22060208,215.85,0.24997619,1
1506095321,22060174,215.94,0.08274000,0
1506095316,22060166,215.90,0.08274000,0
1506095288,22060140,215.63,0.10000000,1
1506095276,22060131,215.56,0.30433235,1
1506095274,22060129,215.56,0.64156450,1
1506095272,22060125,215.57,0.08274000,1
1506095269,22060124,216.57,6.16114882,1
1506095269,22060123,216.36,4.63000000,0
1506095268,22060122,216.36,0.50000000,1
1506095268,22060121,216.32,0.10001846,1
1506095268,22060120,216.32,0.04626000,0
1506095267,22060119,215.97,0.08274000,1
1506095264,22060115,215.56,0.01726000,1
1506095264,22060114,215.59,0.08274000,1
1506095220,22060072,216.00,0.00002781,1
1506095214,22060061,216.00,2.67555181,1
1506095212,22060060,216.00,1.95405000,0
1506095147,22059968,216.00,0.08274430,1
1506095146,22059965,216.00,8.43394857,1
1506095146,22059964,216.07,0.08274000,1
1506095136,22059940,216.00,1.48330713,1
1506095135,22059939,216.00,7.19766909,1
1506095135,22059938,216.03,0.08274000,1
1506095123,22059926,216.00,5.05077000,1
1506095119,22059918,216.00,3.45044186,1
1506095112,22059908,216.00,4.63000000,1
1506095109,22059895,216.00,10.46053705,1
1506095109,22059894,216.00,3.79866400,1
1506095108,22059893,216.00,1.24643800,1
1506095107,22059887,216.00,0.08274000,1
1506095106,22059885,215.94,0.08274000,0
1506095008,22059789,216.00,8.86095565,1
1506095007,22059786,216.00,0.50000000,1
1506095006,22059784,215.84,0.08274000,0
1506095006,22059783,215.81,0.55630435,0
1506094967,22059718,215.27,18.87000000,1
1506094967,22059717,215.27,0.63000000,1
1506094967,22059716,215.30,0.50000000,1
1506094950,22059693,215.89,1.97753485,1
1506094942,22059687,215.25,1.54279810,1
1506094884,22059575,215.88,1.34999000,0
1506094883,22059574,215.90,3.28000000,1
1506094882,22059571,215.88,0.00001456,1
1506094881,22059570,215.88,3.27939985,1
1506094875,22059556,215.88,1.35060015,1
1506094875,22059555,215.89,0.02900000,1
1506094875,22059554,215.90,0.08274000,1
1506094866,22059531,215.89,0.01726000,1
1506094865,22059523,215.98,0.08274000,0
1506094864,22059518,215.96,3.61889630,0
1506094864,22059516,215.97,8.40604500,1
1506094863,22059515,215.97,0.08274000,1
1506094863,22059513,215.97,0.51121500,0
1506094861,22059508,215.88,4.54726000,1
1506094861,22059507,215.89,1.80210700,1
1506094859,22059504,215.84,0.08274000,0
1506094837,22059406,216.44,3.34492582,0
1506094837,22059405,215.83,0.50000000,0
1506094822,22059336,215.41,0.00000785,0
1506094821,22059332,215.41,4.63000000,1
1506094818,22059318,215.70,0.36950000,0
1506094818,22059317,215.69,6.75018528,0
1506094810,22059273,215.40,1.52335456,1
1506094803,22059235,215.37,2.28612366,1
1506094803,22059233,215.38,0.36950000,1
1506094801,22059215,215.75,0.09246813,0
1506094793,22059128,215.36,10.00000000,1
1506094777,22059068,215.33,0.10000000,1
1506094774,22059064,215.33,0.10000000,1
1506094773,22059062,215.33,1.73070791,0
1506094773,22059061,215.50,0.25000000,1
1506094771,22059054,216.00,0.00000004,1
1506094764,22059034,216.00,0.24999996,1
1506094758,22059017,216.20,0.00002212,1
1506094754,22059010,216.20,0.02495096,1
1506094754,22059009,216.20,0.07504904,1
1506094750,22059004,216.20,0.17495096,1
1506094750,22059003,216.20,5.16787971,1
1506094750,22059002,216.26,0.10000000,1
1506094727,22058936,216.27,0.00000008,1
1506094726,22058935,216.27,5.19999992,1
1506094722,22058927,216.26,3.33618205,1
1506094714,22058907,216.46,0.92000000,0
1506094714,22058906,216.47,1.02711131,1
1506094712,22058904,216.47,1.27805800,0
1506094624,22058797,216.20,0.00002038,1
1506094624,22058796,216.20,3.44933203,1
1506094622,22058788,216.20,1.24824769,1
1506094616,22058771,216.20,1.24824769,1
1506094614,22058766,216.20,1.45726838,1
1506094614,22058765,216.21,0.08274000,1
1506094611,22058756,216.20,2.70676000,1
1506094610,22058754,216.21,0.08274000,1
1506094601,22058730,216.21,4.54000000,1
1506094583,22058706,216.21,4.53999992,1
1506094583,22058705,216.25,0.00000008,1
1506094576,22058694,216.25,5.15999996,1
1506094559,22058670,216.48,2.00000000,0
1506094510,22058628,216.25,4.83999996,1
1506094484,22058604,216.22,0.50000000,1
1506094484,22058603,216.22,2.25990753,1
1506094482,22058602,216.22,3.62000000,1
1506094481,22058601,216.22,3.62000000,1
1506094476,22058592,216.22,0.50009247,1
1506094475,22058589,216.64,0.91852000,0
1506094473,22058587,216.57,0.08274000,0
1506094470,22058583,216.23,0.21726000,1
1506094470,22058582,216.27,0.08274000,1
1506094460,22058578,216.24,0.08274000,1
1506094454,22058566,216.23,0.08274000,0
1506094451,22058564,216.66,0.54066358,1
1506094451,22058563,216.65,0.98269098,0
1506094428,22058545,216.20,1.48544000,1
1506094416,22058534,216.14,0.70127253,0
1506094416,22058533,216.08,0.08274000,0
1506094382,22058474,216.05,1.81522795,0
1506094381,22058471,216.02,0.08274000,1
1506094380,22058466,216.02,0.08274000,0
1506094373,22058458,216.05,0.50000000,0
1506094344,22058424,215.62,0.14208300,1
1506094343,22058422,215.70,0.25000000,1
1506094284,22058309,215.75,0.25035000,1
1506094283,22058308,216.00,0.25000000,1
1506094272,22058292,216.00,0.25000000,1
1506094272,22058291,216.00,0.15000000,1
1506094265,22058278,216.00,0.10000000,1
1506094254,22058258,216.13,1.59408958,1
1506094252,22058251,216.11,13.37120000,1
1506094251,22058250,216.12,6.29000000,1
1506094247,22058237,216.11,1.58765672,1
1506094239,22058216,216.47,1.82974166,0
1506094239,22058215,216.45,0.51000000,0
1506094239,22058214,216.40,1.57822600,0
1506094235,22058195,216.10,0.94200792,1
1506094232,22058166,216.10,9.73751787,1
1506094231,22058160,216.11,2.17101236,0
1506094228,22058147,216.10,0.09874610,0
1506094226,22058145,216.20,0.00125390,1
1506094212,22058098,216.20,0.24874610,1
1506094200,22058063,216.34,0.24999016,1
1506094199,22058062,216.40,0.25000000,1
1506094193,22058052,216.52,0.51698938,1
1506094193,22058051,216.60,0.25000000,1
1506094193,22058049,216.65,0.98274000,1
1506094162,22057943,216.88,0.91889972,0
1506094138,22057844,216.77,0.50203864,1
1506094138,22057843,216.77,0.50000000,1
1506094138,22057842,217.10,0.00003836,1
1506094129,22057824,217.10,0.99996164,1
1506094125,22057806,216.76,4.89778018,0
1506094123,22057803,216.82,0.50000000,1
1506094080,22057727,217.58,0.50000000,1
1506094076,22057721,217.58,0.84023700,1
1506094071,22057717,217.58,0.10000000,1
1506094069,22057715,216.65,0.01726000,1
1506094067,22057714,216.66,0.08274000,0
1506094066,22057713,216.65,0.03073348,0
1506094065,22057712,216.80,0.25000000,1
1506094065,22057711,217.00,0.25000000,1
1506094065,22057710,217.25,0.25000000,1
1506094064,22057708,217.31,0.50000000,1
1506094064,22057707,217.38,0.08461262,1
1506094062,22057706,217.50,0.63465390,1
1506094060,22057700,217.52,0.91738691,1
1506094050,22057696,217.61,5.16931073,1
1506094045,22057692,217.61,0.10000000,1
1506094031,22057638,217.61,1.82202000,1
1506094030,22057637,217.61,2.29683000,1
1506094029,22057635,217.61,2.06931000,1
1506094026,22057631,217.61,2.07076000,1
1506094024,22057626,217.61,0.38062982,1
1506094019,22057612,217.61,0.79113945,1
1506093995,22057571,217.66,0.38905964,1
1506093989,22057545,217.66,2.11822317,1
1506093989,22057543,217.75,0.00004569,1
1506093988,22057542,217.75,4.53995431,1
1506093979,22057525,217.75,2.24485290,1
1506093976,22057517,217.74,1.29488729,1
1506093975,22057513,217.74,1.30650195,1
1506093973,22057508,217.75,2.35042792,1
1506093966,22057496,218.00,4.25032900,0
1506093966,22057494,217.99,1.62000000,0
1506093966,22057493,217.92,1.83744100,0
1506093946,22057453,218.11,0.22741854,1
1506093946,22057452,218.12,0.08274000,0
1506093943,22057441,218.12,1.59166712,1
1506093941,22057435,218.32,0.04572614,0
1506093908,22057397,218.11,0.19195700,1
1506093908,22057396,218.13,0.08274000,1
1506093906,22057394,218.14,0.41966900,1
1506093855,22057373,218.54,0.41852000,0
1506093853,22057372,218.50,0.08274000,1
1506093778,22057343,217.73,0.63583500,1
1506093734,22057316,217.99,2.06478029,1
1506093733,22057314,217.95,0.08274000,1
1506093732,22057310,217.95,0.08274000,0
1506093720,22057282,217.99,3.01872899,1
1506093719,22057281,217.99,0.81610000,0
1506093719,22057280,217.37,0.70517101,0
1506093719,22057278,217.50,0.25000000,1
1506093718,22057277,217.65,0.50000000,1
1506093718,22057276,217.75,0.25000000,1
1506093718,22057275,217.97,4.54000000,1
1506093712,22057263,217.99,1.10390000,0
1506093697,22057230,218.20,1.15155132,1
1506093696,22057229,218.20,11.08844868,1
1506093662,22057202,218.30,0.03018000,0
1506093655,22057196,218.32,1.24972517,1
1506093655,22057195,218.38,0.50000000,1
1506093636,22057174,218.38,1.62236220,1
1506093636,22057173,218.60,0.37763780,1
1506093633,22057164,218.99,0.20291370,1
1506093631,22057162,218.75,2.02681500,0
1506093617,22057137,218.60,3.88032194,1
1506093593,22057097,218.63,0.19943293,0
1506093593,22057096,218.63,2.43000000,1
1506093592,22057094,218.63,4.54000000,1
1506093590,22057090,218.63,4.54000000,1
1506093555,22057017,218.96,1.74874000,1
1506093555,22057016,219.26,2.00126000,1
1506093554,22057011,218.96,0.79000000,1
1506093554,22057010,218.96,3.75000000,1
1506093553,22057008,218.96,0.79221893,1
1506093553,22057007,218.96,3.74778107,1
1506093550,22057001,218.95,4.00000000,1
1506093453,22056922,218.89,0.25000000,0
1506093138,22056739,218.68,0.28352800,1
1506093138,22056738,218.73,0.14566800,1
1506093135,22056735,218.73,0.35433200,1
1506093133,22056723,218.74,0.95566800,1
1506092972,22056597,219.28,3.16837672,0
1506092972,22056595,219.27,2.24000000,0
1506092972,22056594,219.25,0.50000000,0
1506092972,22056593,219.24,0.32000000,0
1506092972,22056592,218.99,0.49997713,0
1506092971,22056591,218.99,4.54000000,0
1506092971,22056590,218.97,1.60000000,0
1506092951,22056574,218.62,1.49496548,1
1506092796,22056450,218.37,0.08083135,1
1506092764,22056431,218.20,0.28678909,1
1506092764,22056429,218.21,0.08274000,1
1506092758,22056424,218.25,0.25000000,1
1506092758,22056422,218.35,0.25000000,1
1506092758,22056421,218.36,0.08274000,1
1506092755,22056418,218.99,3.90245960,1
1506092754,22056416,218.99,2.11452900,1
1506092753,22056414,218.76,0.14544241,0
1506092753,22056413,218.74,0.08274000,0
1506092589,22056357,218.55,1.28732993,1
1506092588,22056356,218.55,0.84799879,1
1506092577,22056347,218.51,1.02367927,1
1506092492,22056254,218.37,1.99244000,1
1506092491,22056253,218.37,0.08274000,1
1506092470,22056245,218.66,0.09164914,0
1506092449,22056234,218.66,0.62851073,0
1506092439,22056229,218.67,0.60897700,0
1506092436,22056224,218.67,1.51870212,1
1506092436,22056221,218.67,2.27887982,1
1506092434,22056220,218.65,0.08274000,0
1506092426,22056215,218.68,0.24904110,0
1506092426,22056214,218.64,0.08274000,0
1506092418,22056208,218.35,0.25133400,1
1506092415,22056207,218.33,12.75000000,1
1506092413,22056206,218.50,0.25000000,1
1506092379,22056174,218.50,0.25000000,1
1506092368,22056166,218.68,0.25000000,0
1506092347,22056160,218.68,0.25000000,0
1506092305,22056141,218.78,0.50000000,0
1506092287,22056134,218.87,0.50000000,0
1506092282,22056122,218.89,0.00015989,1
1506092273,22056114,218.89,0.49984011,1
1506092264,22056092,218.98,0.52042475,0
1506092263,22056091,218.91,0.08274000,0
1506092248,22056073,218.89,0.50000000,0
1506092248,22056072,218.80,0.36600000,0
1506092247,22056071,218.80,0.36480000,0
1506092241,22056058,219.22,0.66465086,0
1506092241,22056057,218.81,0.50692900,0
1506092236,22056050,217.86,1.76946585,0
1506092236,22056049,218.00,0.25000000,1
1506092236,22056048,218.00,0.08274000,0
1506092235,22056047,218.01,1.54000000,1
1506092235,22056046,218.12,0.36600000,1
1506092235,22056045,218.12,0.36480000,0
1506092235,22056044,218.17,0.51648727,1
1506092234,22056043,218.19,1.03466400,1
1506092234,22056041,218.25,0.25000000,1
1506092233,22056038,218.92,0.08412703,1
1506092232,22056037,218.92,0.08274000,1
1506092230,22056031,218.52,0.33313297,0
1506092228,22056028,218.52,0.08274000,0
1506092227,22056027,218.33,0.05711190,0
1506092226,22056026,218.33,0.08274000,0
1506092226,22056025,218.50,0.25000000,1
1506092226,22056024,218.52,0.16823470,1
1506092225,22056023,218.62,0.50000000,1
1506092225,22056022,218.75,0.25000000,1
1506092214,22056003,218.92,0.03458066,1
1506092214,22056001,218.99,0.50000000,1
1506092214,22055999,218.99,0.74537763,1
1506092213,22055995,219.06,0.20153596,0
1506092213,22055994,219.05,0.29846404,0
1506092212,22055993,219.05,0.50000000,1
1506092204,22055980,219.28,0.08274000,0
1506092203,22055974,219.21,0.12148996,1
1506092203,22055972,219.21,0.37851004,1
1506092193,22055959,219.51,0.50000000,1
1506092192,22055954,219.22,0.49986316,1
1506092183,22055936,219.78,3.02793703,0
1506092172,22055930,219.80,0.13600000,0
1506092172,22055929,219.51,0.36400000,0
1506092151,22055920,219.89,0.03518369,0
1506092151,22055919,219.89,0.08274000,1
1506092150,22055918,219.85,0.30059631,0
1506092150,22055916,219.74,0.50000000,0
1506092148,22055914,219.53,0.08274000,0
1506092133,22055905,219.59,0.50000000,0
1506092119,22055901,219.59,0.50000000,0
1506092085,22055869,219.60,0.00002056,1
1506092078,22055865,219.60,0.41723944,1
1506092076,22055864,219.53,0.08274000,0
1506092059,22055861,219.60,1.13556466,0
1506092012,22055836,219.05,1.83078460,1
1506092001,22055831,219.36,7.38788556,1
1506092001,22055830,219.36,1.40379824,0
1506092001,22055829,219.35,1.31393087,0
1506091988,22055818,218.99,1.25462237,1
1506091988,22055817,219.00,0.50000000,1
1506091988,22055816,219.01,0.50517000,1
1506091982,22055815,219.38,0.74348344,1
1506091959,22055807,219.29,0.60899499,1
1506091934,22055787,219.00,4.04306219,0
1506091930,22055784,219.00,0.50968979,0
1506091930,22055783,219.00,2.02132400,1
1506091929,22055782,219.00,0.25000000,1
1506091920,22055770,219.08,2.34207014,1
1506091920,22055769,219.08,0.36400000,1
1506091916,22055765,219.08,0.10131744,1
1506091915,22055763,219.07,2.11974781,1
1506091913,22055759,219.38,0.92277563,0
1506091913,22055758,219.37,0.21427700,0
1506091898,22055747,219.37,0.21428067,1
1506091897,22055745,219.36,0.21429044,1
1506091852,22055727,219.28,0.63767694,1
1506091847,22055722,219.38,1.00000000,0
1506091841,22055719,219.38,1.00000000,0
1506091835,22055706,219.38,1.00000000,0
1506091829,22055695,219.38,0.31075908,0
1506091829,22055694,219.36,0.38524092,0
1506091829,22055693,219.35,0.30400000,0
1506091826,22055690,219.25,0.21439795,1
1506091820,22055688,219.23,1.71822259,1
1506091756,22055612,219.27,2.79732476,1
1506091718,22055552,219.05,14.29797276,1
1506091717,22055550,219.04,2.66617080,0
1506091717,22055549,219.04,11.88115442,0
1506091716,22055548,219.04,7.37000000,0
1506091716,22055547,219.04,0.08274000,0
1506091715,22055546,219.04,0.50000000,1
1506091679,22055526,219.68,0.41852000,0
1506091677,22055522,219.64,0.08274000,0
1506091634,22055509,219.08,0.50000000,1
1506091524,22055455,219.04,0.48529628,1
1506091524,22055454,219.20,0.50000000,0
1506091524,22055453,219.20,0.25000000,1
1506091522,22055452,219.40,0.25000000,1
1506091522,22055451,219.40,1.29430372,1
1506091510,22055446,219.40,1.61725996,1
1506091510,22055445,219.42,0.08274000,1
1506091504,22055441,219.67,0.02266212,0
1506091396,22055420,219.42,0.06330565,0
1506091347,22055395,219.42,0.08274000,1
1506091282,22055331,219.85,0.36120226,0
1506091282,22055330,219.85,0.08274000,0
1506091055,22055189,219.40,0.56883380,1
1506091053,22055188,219.60,0.25000000,1
1506091053,22055187,219.63,7.13116620,1
1506090990,22055169,219.99,0.81958270,0
1506090988,22055167,219.98,0.08274000,0
1506090915,22055150,219.62,7.10000000,0
1506090895,22055143,219.80,0.00000244,1
1506090854,22055118,220.57,2.24584972,0
1506090854,22055117,220.17,0.50472300,0
1506090853,22055114,220.15,0.50000000,1
1506090853,22055113,220.14,0.16718638,0
1506090851,22055110,219.99,0.98970377,0
1506090755,22055077,220.10,0.05583000,1
1506090753,22055075,219.82,0.52417000,0
1506090744,22055070,219.82,0.04626000,0
1506090732,22055062,219.80,0.24999756,1
1506090731,22055058,219.83,0.48550423,1
1506090730,22055057,219.81,0.24875000,1
1506090718,22055045,220.00,3.93000000,0
1506090706,22055044,220.00,4.54000000,0
1506090697,22055038,220.00,1.50000000,0
1506090692,22055037,219.85,0.20391500,1
1506090691,22055036,219.85,1.50110800,1
1506090691,22055035,219.85,1.00000000,1
1506090690,22055034,220.00,0.25000000,1
1506090622,22054987,220.03,0.08274000,0
1506090622,22054986,220.03,0.15000000,1
1506090622,22054985,220.03,4.14004545,1
1506090622,22054984,220.03,0.24995455,1
1506090620,22054977,220.05,0.08274000,1
1506090614,22054972,220.03,0.15000000,1
1506090614,22054971,220.20,0.25000000,1
1506090610,22054968,220.21,0.08274000,1
1506090597,22054960,220.45,3.15941043,0
1506090546,22054932,220.54,3.96000000,0
1506090545,22054931,220.55,0.58000000,1
1506090545,22054930,220.55,3.95729446,1
1506090544,22054927,220.55,0.50000000,0
1506090544,22054926,220.50,0.08270554,0
1506090543,22054925,220.50,4.45726000,0
1506090543,22054924,220.46,0.08274000,0
1506090541,22054920,220.50,4.45726000,1
1506090540,22054918,220.47,0.08274000,0
1506090537,22054913,220.50,2.58763937,0
1506090536,22054912,220.49,0.08274000,0
1506090514,22054876,220.25,0.25000000,1
1506090503,22054865,220.48,9.68001139,1
1506090503,22054864,220.48,0.24998861,1
1506090501,22054857,220.36,0.25000000,1
1506090499,22054848,220.37,0.08274000,1
1506090499,22054846,220.45,2.20035193,0
1506090497,22054840,220.45,2.63776393,0
1506090490,22054831,220.47,0.08274000,1
1506090469,22054799,220.47,0.00209136,1
1506090469,22054798,220.50,0.05000000,1
1506090469,22054797,220.50,0.25000000,1
1506090469,22054796,220.53,0.08274000,1
1506090441,22054774,220.85,2.00000000,0
1506090430,22054767,220.87,0.08660000,0
1506090368,22054713,220.91,0.10000000,0
1506090338,22054685,220.91,0.22169270,0
1506090263,22054596,221.10,0.16726000,0
1506090263,22054595,221.05,0.08274000,0
1506090245,22054572,221.10,0.25000000,0
1506090230,22054562,220.53,1.73291000,1
1506090230,22054561,220.59,0.08274000,1
1506090215,22054541,221.50,0.63776393,1
1506090215,22054540,221.50,0.10335227,1
1506090214,22054535,221.35,0.50000000,0
1506090212,22054534,221.10,0.08274000,0
1506090163,22054499,220.36,4.58880249,1
1506090162,22054498,220.36,0.08274000,1
1506090162,22054497,220.37,8.90579751,1
1506090154,22054493,220.58,0.12361759,0
1506090152,22054490,221.59,3.82205875,0
1506090152,22054489,221.12,0.52000000,0
1506090152,22054486,220.98,2.87090000,0
1506090151,22054484,220.77,6.33000000,0
1506090151,22054481,220.76,1.98000000,0
1506090151,22054480,220.31,0.50410600,0
1506090149,22054478,220.30,10.00000000,0
1506090141,22054473,220.24,0.50419900,0
1506090136,22054460,220.22,0.00001113,0
1506090135,22054459,220.22,2.02250000,0
1506090080,22054303,220.22,1.64748887,0
1506090079,22054302,220.21,0.11955515,1
1506090076,22054293,220.21,0.24374485,0
1506090076,22054292,220.21,0.08274000,1
1506090076,22054288,220.17,0.50464600,0
1506090074,22054283,219.95,0.41283568,0
1506090074,22054282,219.93,0.08274000,0
1506090021,22054202,219.95,0.91726000,0
1506090021,22054201,219.94,0.08274000,0
1506090015,22054191,219.40,6.16485114,1
1506090015,22054190,219.41,6.60000000,1
1506089995,22054163,219.13,1.69788000,0
1506089993,22054161,219.13,0.08274000,0
1506089991,22054160,219.37,0.08274000,1
1506089989,22054152,219.18,1.23356000,1
1506089989,22054151,219.22,0.36330000,1
1506089988,22054150,219.30,1.00000000,1
1506089988,22054148,219.36,0.50000000,1
1506089988,22054146,219.43,0.08274000,1
1506089971,22054118,219.95,0.45351216,0
1506089965,22054112,219.94,9.64653118,0
1506089964,22054110,219.78,0.50507400,0
1506089964,22054109,219.77,0.08274000,0
1506089945,22054086,220.21,0.13818091,0
1506089945,22054085,220.00,1.00000000,0
1506089945,22054084,219.80,0.50525600,0
1506089945,22054083,219.80,3.09000000,0
1506089945,22054082,219.71,0.50000000,0
1506089945,22054081,219.68,0.94210724,0
1506089944,22054079,219.63,0.08274000,0
1506089921,22054034,219.22,0.00207700,1
1506089921,22054032,219.29,0.50000000,1
1506089919,22054029,219.47,1.00000000,1
1506089904,22053995,219.66,0.08499816,0
1506089891,22053962,219.34,10.82997200,1
1506089889,22053958,219.68,3.11543100,0
1506089888,22053955,219.68,1.56899300,0
1506089887,22053953,219.43,0.40217400,0
1506089887,22053950,219.99,2.91808718,1
1506089886,22053947,219.86,0.50000000,1
1506089886,22053946,219.86,2.72410675,1
1506089886,22053945,219.86,0.11890280,1
1506089885,22053944,219.78,0.51354781,0
1506089884,22053939,219.69,0.08274000,0
1506089883,22053934,219.68,0.50503000,0
1506089872,22053918,219.30,0.46242500,1
1506089871,22053915,219.29,0.46550900,1
1506089868,22053912,219.29,0.25609100,1
1506089867,22053911,219.29,0.24789500,1
1506089862,22053899,219.26,6.61962200,1
1506089861,22053894,219.27,2.67424500,1
1506089834,22053872,219.21,0.50468600,1
1506089794,22053836,219.06,0.08274000,1
1506089793,22053832,219.05,1.99054705,1
1506089792,22053830,219.01,0.02551419,1
1506089792,22053829,219.05,0.08274000,1
1506089790,22053827,219.04,0.08274000,1
1506089790,22053825,219.04,0.10823000,1
1506089784,22053821,219.39,2.16209316,0
1506089784,22053820,219.29,0.50000000,0
1506089780,22053816,218.99,0.10821102,1
1506089774,22053812,218.90,1.38707300,1
1506089733,22053758,218.99,0.45550025,0
1506089634,22053654,218.37,4.54000000,1
1506089632,22053652,218.33,1.24735568,0
1506089632,22053651,218.27,0.08274000,0
1506089599,22053609,217.95,0.61117800,1
1506089598,22053605,217.95,1.41487000,1
1506089598,22053604,218.00,7.68326000,1
1506089598,22053602,218.00,2.31674000,1
1506089593,22053590,218.44,0.48460965,1
1506089593,22053588,218.44,0.50000000,1
1506089591,22053579,217.92,1.25203851,0
1506089557,22053464,217.90,5.75019925,1
1506089556,22053459,217.91,5.00000000,0
1506089555,22053458,217.67,0.50000000,0
1506089555,22053457,217.56,2.29389305,0
1506089555,22053456,217.49,1.45590770,0
1506089508,22053378,217.49,0.56287645,0
1506089507,22053376,217.42,0.51000000,0
1506089507,22053374,217.18,0.50000000,1
1506089505,22053373,217.13,0.36800000,1
1506089505,22053370,217.13,2.10218574,0
1506089505,22053369,217.13,2.03419600,0
1506089496,22053346,217.02,0.26669432,1
1506089421,22053263,216.66,0.50000000,1
1506089421,22053260,216.77,0.36800000,1
1506089421,22053259,216.99,3.47788819,1
1506089421,22053257,216.99,3.91027529,1
1506089408,22053243,216.99,0.26803079,1
1506089400,22053236,216.99,14.89072400,1
1506089398,22053235,216.99,1.16000000,1
1506089398,22053234,217.00,3.38000000,1
1506089384,22053220,216.99,12.99111628,1
1506089384,22053218,216.99,12.19619400,1
1506089384,22053216,217.00,1.15000000,1
1506089336,22053172,217.23,2.00000000,0
1506089314,22053153,217.42,0.13636000,1
1506089314,22053152,217.42,0.50000000,0
1506089312,22053149,217.11,0.36490000,0
1506089286,22053135,217.31,0.14932585,0
1506089285,22053133,217.12,4.54000000,1
1506089261,22053122,217.22,1.16000000,0
1506089261,22053121,217.22,1.91942196,1
1506089255,22053119,217.23,4.29277971,0
1506089254,22053117,217.22,1.45085333,1
1506089253,22053116,217.20,0.54000000,0
1506089234,22053084,217.06,4.18000000,1
1506089234,22053082,217.06,0.36000000,1
1506089233,22053081,217.06,4.17510000,1
1506089233,22053080,217.07,0.36490000,1
1506089232,22053079,217.07,4.54000000,1
1506089205,22053065,216.99,43.09548664,1
1506089203,22053063,217.01,5.95000000,1
1506089171,22053045,217.19,0.49914660,0
1506089145,22053029,217.22,1.99756008,0
1506089124,22053017,217.22,0.22353982,0
1506089114,22053008,217.23,3.67352576,0
1506089100,22053003,217.10,2.58135544,1
1506089029,22052963,217.08,1.28721212,1
1506088996,22052939,217.13,15.30000000,1
1506088985,22052930,217.23,1.28318600,0
1506088977,22052923,217.39,0.41864456,0
1506088977,22052922,217.37,0.50823800,0
1506088977,22052921,217.35,0.50000000,0
1506088971,22052920,217.10,0.50000000,0
1506088900,22052864,216.94,0.08274000,1
1506088862,22052851,216.93,0.03000000,0
1506088848,22052846,216.40,1.29196089,1
1506088805,22052718,216.81,0.36719500,1
1506088805,22052715,216.81,1.95999500,1
1506088760,22052668,216.90,0.30000000,0
1506088744,22052659,217.00,8.00105752,0
1506088744,22052658,217.00,0.08274000,1
1506088705,22052642,217.02,0.08274000,0
1506088538,22052547,217.49,0.18121585,0
1506088482,22052535,217.05,0.36999547,0
1506088415,22052511,217.05,3.00000000,0
1506088377,22052494,217.05,1.09714099,0
1506088368,22052489,216.80,0.69012526,1
1506088351,22052486,217.05,1.62562503,0
1506088351,22052484,217.01,0.50883400,0
1506088349,22052481,216.94,1.96000000,0
1506088349,22052480,216.93,0.36720000,0
1506088344,22052476,216.94,0.36719500,0
