date,tid,price,amount,type
1506124749,22081586,262.89,0.23517942,1
1506124749,22081585,262.89,0.23000000,1
1506124741,22081582,263.78,0.16670937,1
1506124741,22081581,263.78,2.43000000,1
1506124740,22081579,263.77,2.33498100,1
1506124740,22081578,263.75,1.60281300,0
1506124740,22081577,263.67,0.03000000,0
1506124738,22081576,263.50,1.00000000,0
1506124720,22081558,263.04,0.30380000,0
1506124715,22081554,263.05,0.28900000,0
1506124626,22081506,262.23,0.04672556,1
1506124626,22081505,262.25,0.28900000,1
1506124626,22081503,262.26,0.30380000,1
1506124608,22081487,262.36,0.05000000,1
1506124608,22081486,262.66,0.05000000,1
1506124608,22081485,262.67,0.07633152,1
1506124608,22081482,262.91,0.05000000,1
1506124536,22081410,263.11,0.05000000,1
1506124536,22081409,263.26,0.05000000,1
1506124482,22081381,263.50,0.21692513,1
1506123980,22081272,263.28,9.10200000,1
1506123980,22081271,263.28,1.04812769,1
1506123938,22081269,263.59,0.10738514,0
1506123938,22081268,263.52,5.32996000,0
1506123938,22081267,263.51,2.10820000,0
1506123938,22081266,263.50,3.66984565,0
1506123926,22081264,263.30,1.06007231,0
1506123925,22081263,263.30,5.34654969,0
1506123822,22081240,263.11,4.54000000,1
1506123803,22081237,263.08,0.43326967,1
1506123781,22081232,263.08,0.33840992,0
1506123780,22081231,263.08,6.05100000,0
1506123774,22081227,263.08,0.01932508,1
1506123763,22081221,263.50,8.54719974,0
1506123763,22081220,263.49,2.89000000,0
1506123762,22081219,263.22,6.99361026,0
1506123761,22081217,263.08,0.03067492,1
1506123761,22081216,263.09,2.10820000,1
1506123753,22081209,263.23,1.28338071,0
1506123751,22081204,263.23,0.79880903,0
1506123751,22081202,263.23,5.60894797,0
1506123749,22081196,263.23,0.79880903,0
1506123732,22081173,263.10,4.74517100,1
1506123731,22081172,263.10,2.84482900,1
1506123731,22081171,263.11,2.98172200,1
1506123730,22081170,263.11,6.09407800,1
1506123730,22081169,263.28,0.00392200,1
1506123729,22081168,263.32,0.81007000,0
1506123726,22081165,263.28,0.02500000,1
1506123726,22081164,263.32,0.58035672,0
1506123704,22081154,263.28,0.02107800,1
1506123683,22081143,263.43,0.05000000,1
1506123667,22081136,263.45,2.53166900,0
1506123667,22081135,263.45,0.12434958,0
1506123666,22081134,263.31,2.42671742,0
1506123666,22081133,263.31,6.66723200,0
1506123665,22081132,263.30,3.43000000,0
1506123638,22081116,262.94,1.30340000,1
1506123638,22081115,263.14,7.42760000,1
1506123585,22081061,263.50,1.28282498,0
1506123584,22081060,263.50,0.21729000,0
1506123577,22081053,263.50,1.28283963,0
1506123559,22081027,263.15,0.10738514,1
1506123559,22081025,263.15,0.26301486,1
1506123544,22081002,263.79,0.26068436,0
1506123532,22080989,263.71,1.21418880,0
1506123526,22080979,263.83,0.66157954,0
1506123526,22080978,263.83,0.09761706,0
1506123526,22080977,263.72,0.23000000,0
1506123487,22080877,263.18,2.42554600,1
1506123487,22080876,263.19,5.00000000,1
1506123479,22080859,263.16,0.05000000,1
1506123478,22080858,263.36,0.05000000,1
1506123478,22080856,263.51,0.05000000,1
1506123432,22080834,263.88,0.15109140,0
1506123430,22080833,263.54,0.07581269,0
1506123324,22080774,263.53,4.46477000,0
1506123300,22080759,263.52,0.03550000,0
1506123289,22080755,263.53,0.23000000,0
1506123286,22080753,263.53,1.26101000,0
1506123283,22080750,263.53,0.07300000,0
1506123283,22080749,263.53,0.23000000,0
1506123148,22080652,263.53,0.13743627,0
1506123141,22080647,263.50,0.73200000,0
1506123141,22080646,263.50,0.43782595,0
1506123141,22080645,263.49,0.23000000,0
1506123089,22080626,263.50,1.87764705,0
1506123087,22080624,263.49,7.58757778,0
1506122894,22080501,263.03,0.23000000,1
1506122867,22080474,263.00,0.20000000,0
1506122846,22080456,262.94,0.07598726,0
1506122779,22080445,262.57,7.36000000,1
1506122779,22080444,262.68,0.23000000,1
1506122596,22080402,262.89,7.92776300,0
1506122596,22080401,262.89,2.28223700,0
1506122586,22080398,262.93,0.04779191,0
1506122508,22080359,262.56,6.50983410,0
1506122508,22080358,262.56,0.09455501,1
1506122508,22080357,262.56,0.75561089,1
1506122507,22080356,262.57,0.23000000,1
1506122484,22080353,262.55,0.22757778,1
1506122484,22080352,262.62,0.23000000,1
1506122484,22080351,262.64,0.23000000,1
1506122321,22080316,262.63,4.19909123,0
1506122321,22080315,262.63,3.08190877,0
1506122259,22080307,262.63,4.50809123,0
1506122195,22080303,262.26,9.11499998,0
1506122195,22080302,262.21,20.90923102,0
1506122184,22080291,262.16,5.15171432,1
1506122184,22080290,262.16,9.66661291,0
1506122107,22080281,262.14,0.30150092,0
1506122086,22080278,261.71,1.54000000,1
1506122086,22080277,261.71,0.23000000,0
1506122084,22080276,261.89,0.23000000,1
1506121978,22080261,262.16,0.43326967,0
1506121870,22080254,261.80,1.77975349,1
1506121806,22080241,262.16,7.60989472,1
1506121748,22080233,261.66,0.23000000,1
1506121626,22080218,262.01,0.23000000,1
1506121504,22080209,261.68,0.15712507,1
1506121504,22080208,262.00,0.07287493,1
1506121422,22080182,261.63,0.00001500,0
1506121418,22080175,261.63,0.02998500,0
1506121240,22080138,261.24,0.00000437,0
1506121238,22080135,261.24,0.09598000,0
1506121065,22080103,260.70,1.96682965,0
1506121064,22080102,260.70,9.19500000,1
1506121036,22080100,260.57,5.12356900,1
1506121036,22080099,260.57,0.01930383,1
1506121036,22080098,260.57,0.07598726,1
1506121036,22080097,260.63,0.05000000,1
1506121036,22080095,260.83,0.05000000,1
1506121034,22080094,260.98,0.09598437,1
1506121034,22080093,261.10,0.23000000,1
1506121034,22080092,261.10,0.23000000,1
1506121034,22080091,261.10,0.23000000,1
1506121024,22080089,261.09,0.23000000,0
1506121015,22080076,261.11,1.05310996,0
1506121015,22080075,261.10,12.01000000,0
1506121001,22080061,260.98,2.20907099,0
1506121000,22080059,260.98,0.05000000,0
1506120999,22080058,261.08,0.03995576,1
1506120987,22080056,261.00,0.00000594,0
1506120987,22080055,260.99,0.00003830,0
1506120987,22080054,260.99,0.04000000,0
1506120984,22080051,261.00,2.28911000,0
1506120972,22080046,261.00,7.69087484,1
1506120972,22080045,261.02,0.23000000,1
1506120967,22080039,261.16,0.24996170,0
1506120954,22080033,261.18,0.58735020,0
1506120889,22080015,261.00,1.22386039,1
1506120889,22080014,261.17,0.07581269,1
1506120889,22080013,261.33,0.04999892,1
1506120816,22079966,261.33,0.00000108,1
1506120816,22079965,261.63,0.05000000,1
1506120816,22079963,261.77,0.07563892,1
1506120816,22079962,261.88,0.05000000,1
1506120815,22079961,262.08,0.05000000,1
1506120625,22079833,262.23,0.05000000,1
1506120491,22079813,262.25,0.05000000,1
1506120474,22079812,262.27,0.05000000,1
1506120262,22079774,262.61,0.58319500,0
1506120163,22079744,262.29,1.47654100,1
1506120159,22079742,262.37,0.07546595,1
1506120159,22079741,262.38,0.05000000,1
1506120158,22079740,262.40,25.14292081,1
1506120157,22079739,262.40,5.89466704,1
1506120157,22079738,262.41,13.64630496,1
1506120156,22079737,262.40,5.90638525,1
1506120123,22079727,262.40,13.60484400,1
1506120123,22079726,262.41,3.80000000,1
1506120123,22079725,262.61,0.38074931,1
1506120123,22079724,262.62,0.23000000,1
1506120123,22079723,262.63,2.27662437,1
1506120046,22079687,263.63,0.06482570,0
1506120045,22079686,263.54,0.03000000,0
1506120045,22079685,263.54,0.03000000,0
1506120045,22079684,263.39,0.03000000,0
1506120044,22079683,263.02,7.80447116,1
1506120044,22079682,263.02,2.28119535,0
1506120004,22079665,262.40,1.43265132,1
1506120002,22079663,262.42,2.29579443,1
1506119984,22079653,262.47,5.37000000,1
1506119984,22079652,262.63,0.29000000,1
1506119984,22079651,262.63,0.05000000,1
1506119983,22079650,262.83,0.05000000,1
1506119908,22079630,263.19,0.22117000,0
1506119899,22079629,263.00,0.50059647,1
1506119898,22079625,263.00,27.93701800,1
1506119878,22079606,263.00,23.57415853,0
1506119878,22079605,262.95,0.30370000,0
1506119851,22079599,262.98,0.05000000,1
1506119826,22079555,263.00,3.24509482,0
1506119823,22079553,262.95,7.58703176,0
1506119725,22079538,262.40,13.64630496,1
1506119717,22079534,262.38,0.25919717,1
1506119716,22079533,262.38,4.84000000,1
1506119715,22079532,262.38,0.30370000,1
1506119714,22079531,262.49,1.60177900,1
1506119714,22079530,262.53,0.05000000,1
1506119714,22079529,262.78,0.05000000,1
1506119714,22079528,262.95,1.79675165,1
1506119653,22079519,262.95,6.19433819,1
1506119652,22079518,262.95,10.00311516,1
1506119651,22079517,262.96,3.27000000,1
1506119555,22079500,262.95,0.43086340,1
1506119506,22079495,263.00,0.02649359,0
1506119493,22079490,262.98,4.47000000,0
1506119490,22079488,262.98,0.05000000,1
1506119483,22079487,263.02,0.04296154,1
1506119472,22079484,263.13,0.05000000,1
1506119456,22079478,262.97,0.07613036,1
1506119444,22079470,263.15,0.05000000,1
1506119441,22079467,263.25,0.05000000,1
1506119440,22079466,263.26,5.40000000,1
1506119406,22079455,263.28,0.14960000,1
1506119399,22079451,263.35,0.05000000,1
1506119394,22079442,263.50,0.05000000,1
1506119393,22079441,263.50,0.05000000,1
1506119369,22079432,263.52,0.06058100,0
1506119252,22079317,263.52,0.09830200,1
1506119251,22079316,263.70,0.05000000,1
1506119251,22079315,264.00,0.02000000,1
1506119062,22079273,264.20,7.75225800,0
1506119050,22079237,264.19,0.13285400,0
1506119040,22079234,264.20,0.12027800,0
1506119038,22079231,264.20,0.12166900,0
1506118989,22079215,263.85,0.05000000,1
1506118988,22079210,264.19,0.95000000,1
1506118913,22079185,264.19,0.86000000,1
1506118913,22079184,264.20,10.33000000,1
1506118902,22079182,264.21,9.54232800,1
1506118896,22079179,264.12,0.03000000,0
1506118837,22079140,263.87,10.48843256,1
1506118837,22079139,263.87,0.03000000,0
1506118837,22079138,263.86,0.76000000,0
1506118816,22079129,263.85,4.51609783,0
1506118804,22079118,263.82,0.30270000,0
1506118673,22079066,263.03,7.16556300,0
1506118673,22079064,263.11,0.05000000,1
1506118664,22079059,263.11,0.05000000,1
1506118664,22079058,263.12,0.11404148,1
1506118664,22079057,263.44,1.60117000,1
1506118659,22079056,263.45,7.59000000,0
1506118658,22079054,263.44,2.19000000,1
1506118658,22079053,263.44,0.49000000,1
1506118658,22079052,263.44,4.90600000,1
1506118616,22079040,263.44,2.19400000,1
1506118616,22079039,263.44,0.48600000,1
1506118614,22079038,263.44,7.10400000,0
1506118613,22079037,263.43,7.59000000,0
1506118538,22079017,263.15,10.00000000,1
1506118520,22079010,263.86,0.17000000,0
1506118520,22079009,263.67,0.03000000,0
1506118520,22079008,263.52,0.03000000,0
1506118398,22078957,263.13,1.28557019,1
1506118385,22078933,263.52,0.30270000,1
1506118385,22078932,263.88,0.42000000,1
1506118373,22078924,264.23,1.27262163,0
1506118373,22078923,264.22,2.23892809,0
1506118350,22078911,264.23,2.00000000,1
1506118334,22078887,264.23,1.50942273,0
1506118303,22078867,263.51,5.07060376,1
1506118239,22078813,263.28,5.89065076,1
1506118204,22078790,263.89,3.67040077,1
1506118203,22078789,263.88,0.23000000,0
1506118203,22078788,263.85,30.91600000,0
1506118151,22078677,263.16,0.94489139,0
1506118149,22078674,263.36,0.05000000,1
1506118125,22078642,263.56,0.05000000,1
1506118125,22078641,263.70,2.27528418,1
1506118125,22078639,263.71,0.05000000,1
1506118089,22078571,263.73,2.05055325,1
1506118089,22078570,263.74,3.58000000,1
1506118089,22078568,263.75,0.82086058,1
1506118089,22078566,263.76,0.11305732,1
1506118089,22078563,263.76,0.23000000,1
1506118078,22078541,263.73,0.13792000,1
1506118044,22078483,264.26,0.82150230,0
1506118044,22078482,264.26,0.17338909,0
1506118027,22078455,264.26,0.05661091,0
1506117982,22078399,264.38,3.69725395,1
1506117981,22078397,264.07,0.07581269,0
1506117944,22078372,264.00,1.00000000,0
1506117944,22078371,264.00,3.06823761,0
1506117924,22078342,264.00,0.46000000,0
1506117897,22078323,264.00,0.01893939,0
1506117891,22078318,264.00,0.45282300,0
1506117872,22078294,263.96,9.46780554,0
1506117792,22078249,262.85,4.18014494,0
1506117790,22078247,262.85,0.13370000,0
1506117778,22078237,262.85,0.01910000,1
1506117751,22078211,262.79,1.28225264,1
1506117694,22078107,262.64,8.43326400,1
1506117682,22078097,262.59,8.43326480,1
1506117665,22078083,263.94,0.02439948,0
1506117610,22078038,263.69,3.51579588,0
1506117610,22078037,263.69,0.04933742,0
1506117610,22078036,263.32,1.88000000,0
1506117610,22078035,263.32,5.69229687,0
1506117604,22078025,263.32,0.02279808,0
1506117602,22078020,263.32,1.87490505,0
1506117600,22078019,263.18,0.01920000,0
1506117516,22077965,262.91,0.19704859,0
1506117471,22077902,261.64,0.04933742,1
1506117463,22077888,262.99,4.99527329,0
1506117463,22077887,262.98,0.23000000,0
1506117463,22077886,262.97,2.37666671,0
1506117457,22077870,261.61,5.29999998,0
1506117457,22077869,261.61,0.00000002,0
1506117457,22077868,261.61,2.29000000,0
1506117456,22077867,261.61,0.00357798,0
1506117453,22077861,261.61,5.29326881,0
1506117453,22077860,261.60,2.29357798,0
1506117446,22077847,261.61,2.29315321,1
1506117444,22077844,261.61,4.31000000,0
1506117444,22077842,261.61,0.98291514,0
1506117444,22077841,261.61,2.29323992,0
1506117444,22077840,261.59,0.00008144,0
1506117443,22077832,261.59,0.30561856,0
1506117440,22077826,261.01,0.15000000,1
1506117440,22077825,261.05,0.30570000,1
1506117439,22077822,261.06,8.43369754,1
1506117431,22077795,261.63,4.31384494,1
1506117429,22077789,261.63,5.89514600,0
1506117429,22077787,261.61,1.69485400,0
1506117428,22077779,261.61,2.57514600,1
1506117427,22077769,261.61,0.19847882,0
1506117419,22077740,261.64,9.65628771,0
1506117419,22077738,261.61,9.47563021,0
1506117418,22077737,261.02,5.24325400,1
1506117418,22077734,261.03,2.57514553,1
1506117418,22077732,261.64,8.74554868,0
1506117418,22077730,261.62,5.00000000,0
1506117180,22077442,261.02,4.32358200,1
1506117076,22077417,261.00,0.48734247,1
1506117059,22077411,261.01,1.13204821,1
1506117048,22077409,260.99,0.38308305,1
1506116872,22077307,261.02,2.00000000,1
1506116792,22077250,260.55,1.01000000,1
1506116787,22077241,261.47,6.80061805,0
1506116786,22077239,261.47,5.00114594,0
1506116786,22077238,261.46,6.02877582,0
1506116786,22077236,261.47,6.02869739,0
1506116785,22077231,260.56,1.01071000,0
1506116783,22077227,260.57,2.02000000,1
1506116708,22077116,260.49,0.30511098,1
1506116670,22077095,260.99,1.00000000,0
1506116524,22077033,261.00,0.43086340,0
1506116191,22076890,261.41,7.92264012,1
1506116191,22076888,261.41,0.09584530,0
1506116190,22076887,260.42,2.17651458,0
1506116190,22076886,260.46,2.45000000,0
1506116190,22076884,260.57,0.01930383,1
1506116190,22076883,260.57,1.60449600,0
1506116189,22076882,260.57,1.00139000,0
1506116189,22076881,260.59,2.13000000,0
1506116189,22076880,260.60,1.58239675,0
1506116188,22076879,261.00,0.13026820,1
1506116188,22076878,261.13,0.09584530,1
1506116186,22076877,261.15,0.09584530,1
1506116049,22076777,261.15,4.32358200,1
1506116048,22076773,261.18,4.32358300,1
1506115997,22076744,261.95,0.19786379,0
1506115824,22076634,261.24,2.28434800,1
1506115824,22076633,261.11,2.00000000,1
1506115823,22076632,261.17,0.07581269,1
1506115823,22076630,261.23,1.00000000,1
1506115728,22076557,261.53,1.60237600,1
1506115728,22076555,261.65,2.29314887,1
1506115728,22076554,261.71,7.59000000,1
1506115727,22076553,261.70,6.93818900,1
1506115646,22076523,262.00,8.44012795,0
1506115645,22076522,262.00,10.10621826,0
1506115645,22076521,262.00,1.81915015,0
1506115644,22076520,261.99,1.82085000,1
1506115630,22076509,262.00,30.00000000,0
1506115607,22076503,262.00,0.82944400,0
1506115605,22076499,262.00,3.11801000,0
1506115593,22076496,262.00,9.56426804,0
1506115593,22076495,262.00,0.00573196,0
1506115592,22076494,261.99,2.29016375,0
1506115588,22076493,262.00,0.33448399,0
1506115583,22076490,262.00,1.33529000,0
1506115583,22076489,262.00,8.31489901,0
1506115583,22076488,261.99,0.03795099,0
1506115582,22076487,261.97,0.29100000,0
1506115574,22076485,261.98,1.35075000,0
1506115567,22076478,261.99,0.54357622,1
1506115566,22076477,262.37,0.00959504,1
1506115566,22076475,262.37,13.64630496,1
1506115565,22076472,261.23,1.63360527,1
1506115565,22076470,261.36,1.60225700,0
1506115565,22076468,261.36,0.52000000,1
1506115565,22076467,261.36,0.80173768,0
1506115564,22076465,261.67,1.02000000,1
1506115564,22076463,261.92,0.07559560,1
1506115564,22076461,261.92,0.54384934,0
1506115562,22076458,262.00,1.00000000,1
1506115498,22076429,262.13,10.71369504,1
1506115498,22076428,262.20,5.41000000,1
1506115498,22076427,262.23,13.64630496,1
1506115498,22076426,262.83,0.23000000,1
1506115258,22076300,262.82,1.00691500,1
1506115257,22076294,262.81,0.23000000,1
1506115241,22076247,262.84,6.25908700,1
1506115241,22076246,262.84,1.33091300,1
1506115241,22076245,262.85,0.29100000,1
1506115216,22076204,263.47,0.23000000,0
1506115194,22076170,263.01,0.24140662,1
1506115194,22076169,263.07,0.49021254,1
1506115193,22076167,263.07,5.31978746,1
1506115193,22076166,263.07,1.57000000,1
1506115193,22076165,263.07,0.21530454,1
1506115191,22076164,263.07,5.80469546,1
1506115191,22076163,263.07,0.00232495,1
1506115191,22076162,263.08,0.23000000,1
1506115189,22076161,263.54,6.29831078,0
1506115189,22076160,263.53,3.61862781,0
1506115187,22076153,263.07,1.56511205,1
1506115156,22076110,263.07,6.02256300,1
1506115136,22076075,263.13,0.88901955,0
1506115135,22076074,263.13,0.03780000,1
1506115135,22076073,263.51,0.13849080,1
1506115126,22076043,263.95,1.27834414,0
1506115124,22076029,263.94,0.71080381,0
1506115123,22076023,263.95,0.83384532,0
1506115123,22076021,263.52,0.06122245,0
1506115122,22076016,263.52,0.88860704,0
1506115122,22076013,263.61,0.00011739,1
1506115120,22076006,263.97,0.95000000,0
1506115117,22075996,263.61,0.89689314,1
1506115117,22075995,263.99,4.84000000,0
1506115115,22075984,263.52,0.23000000,1
1506115111,22075958,264.77,0.95640222,0
1506115111,22075957,264.51,0.18000000,0
1506115111,22075956,264.51,0.90000000,0
1506115111,22075955,264.48,6.39696800,0
1506115111,22075953,264.35,4.84000000,0
1506115111,22075951,264.00,1.64812978,0
1506115109,22075933,264.00,2.61260347,0
1506115108,22075920,264.00,0.11867424,0
1506115107,22075919,264.00,0.31864105,0
1506115103,22075886,264.00,0.30195146,0
1506115101,22075875,264.26,0.30194901,0
1506115101,22075872,263.93,0.00000245,0
1506115097,22075850,263.51,0.46815456,1
1506115095,22075843,263.51,1.28085952,0
1506115093,22075834,263.51,0.07382514,0
1506115091,22075825,263.50,4.65842492,0
1506115091,22075823,263.51,1.28143702,0
1506115089,22075817,263.56,0.30210000,1
1506115088,22075815,263.93,0.49997755,1
1506115088,22075814,263.94,0.23000000,1
1506115075,22075787,263.93,0.23000000,0
1506115070,22075779,263.93,0.30190000,1
1506115067,22075772,263.48,8.98785654,0
1506115066,22075771,263.65,1.59812600,1
1506115066,22075770,263.80,0.10000000,1
1506115066,22075769,263.84,2.27411463,1
1506115065,22075768,263.87,0.30190000,1
1506115065,22075767,264.63,0.07624084,1
1506115038,22075747,264.63,1.03330834,1
1506115038,22075746,264.65,0.07624066,1
1506115031,22075739,264.65,2.82602400,1
1506115026,22075735,264.99,0.00000100,1
1506114995,22075708,264.99,2.65999900,1
1506114973,22075706,264.99,1.06000000,1
1506114936,22075687,265.00,0.36282500,0
1506114905,22075676,264.99,1.28000000,0
1506114712,22075586,264.99,4.70150582,0
1506114709,22075585,264.14,0.43705400,1
1506114706,22075583,264.96,2.09543386,0
1506114705,22075576,264.96,0.16905889,0
1506114695,22075559,264.96,1.27000000,0
1506114694,22075558,264.96,3.00000000,0
1506114694,22075557,264.94,0.10228946,0
1506114683,22075520,264.94,2.82382161,0
1506114665,22075460,264.97,1.62123771,0
1506114664,22075456,264.97,2.42291514,0
1506114659,22075431,264.98,0.75720465,0
1506114655,22075418,264.98,0.10788437,0
1506114655,22075417,264.98,1.53211563,0
1506114654,22075416,264.50,1.00000000,0
1506114654,22075415,264.48,1.11016468,0
1506114654,22075414,264.40,1.46828565,0
1506114653,22075407,264.40,0.62420500,0
1506114653,22075405,264.39,1.01307323,0
1506114652,22075398,264.39,0.20744372,0
1506114651,22075395,264.39,0.49975012,0
1506114649,22075382,264.39,1.17620190,0
1506114649,22075381,264.39,0.10000000,0
1506114648,22075373,264.40,0.42867752,0
1506114647,22075369,264.40,1.27642700,0
1506114647,22075366,264.40,0.37911700,0
1506114635,22075320,263.83,1.22226215,1
1506114635,22075319,263.87,5.50000000,1
1506114635,22075318,263.88,2.27373215,1
1506114635,22075317,263.89,5.00000000,1
1506114635,22075316,263.92,0.28570097,1
1506114622,22075309,263.92,0.02627059,1
1506114622,22075308,264.15,1.11016468,1
1506114615,22075307,264.44,0.56800000,1
1506114572,22075261,264.12,8.80541859,1
1506114561,22075245,264.48,18.62649476,0
1506114561,22075244,264.44,0.23000000,0
1506114554,22075229,264.08,1.32243637,1
1506114554,22075228,264.08,4.14108363,1
1506114494,22075112,264.23,2.66646897,1
1506114494,22075109,263.98,0.23000000,0
1506114492,22075103,263.71,0.24911529,1
1506114492,22075101,264.21,0.00977992,1
1506114492,22075100,264.21,2.49645499,1
1506114491,22075098,264.14,1.11021322,0
1506114491,22075097,264.09,2.89802302,0
1506114491,22075096,264.00,0.05000000,0
1506114491,22075095,263.99,0.23000000,0
1506114481,22075078,263.70,2.74769893,1
1506114471,22075054,263.70,1.42901324,1
1506114416,22074994,263.37,1.05638813,1
1506114408,22074987,263.51,2.89802302,1
1506114388,22074974,263.95,2.24920850,1
1506114388,22074973,263.93,0.11344806,0
1506114387,22074972,263.93,1.60655194,0
1506114387,22074971,263.92,0.04000000,0
1506114387,22074970,263.92,2.89416004,0
1506114387,22074969,263.91,0.23000000,0
1506114387,22074968,263.90,11.72312622,0
1506114275,22074894,263.09,2.15961900,1
1506114269,22074889,263.01,0.04083576,1
1506114268,22074888,263.04,5.50000000,1
1506114257,22074880,263.05,1.92504062,0
1506114246,22074877,263.10,1.82437200,1
1506114246,22074876,263.10,0.49963212,1
1506114245,22074872,263.10,1.95599100,1
1506114245,22074871,263.10,1.82437200,1
1506114243,22074868,263.10,0.00000488,0
1506114236,22074861,262.80,0.20863754,1
1506114236,22074860,262.80,0.29099446,1
1506114234,22074857,262.83,0.53303345,0
1506114232,22074853,263.10,0.42035494,0
1506114232,22074852,263.09,0.30330000,0
1506114232,22074851,263.09,0.15881506,0
1506114230,22074845,263.09,0.07118494,0
1506114072,22074699,262.83,0.29107754,0
1506114071,22074696,262.83,1.99176688,0
1506114071,22074695,262.82,0.29100000,0
1506114067,22074690,263.09,0.29100000,1
1506114067,22074686,262.80,0.23000000,0
1506113993,22074650,262.33,0.84092010,1
1506113980,22074636,262.73,5.50000000,0
1506113977,22074634,262.31,0.26930000,1
1506113977,22074633,262.32,0.23000000,1
1506113968,22074629,262.29,2.77000000,1
1506113966,22074627,262.31,0.23000000,1
1506113949,22074612,262.32,1.71942605,1
1506113938,22074597,262.27,1.60127800,1
1506113938,22074596,262.41,0.30330000,1
1506113938,22074595,262.42,0.23000000,1
1506113931,22074589,262.40,3.00000000,0
1506113929,22074586,262.40,2.23581652,1
1506113928,22074585,262.40,2.60418348,1
1506113928,22074584,262.44,1.60064200,1
1506113928,22074583,262.49,0.29100000,1
1506113928,22074582,262.54,0.34417452,1
1506113886,22074542,262.59,1.60040400,1
1506113884,22074538,262.71,1.71132300,1
1506113804,22074500,263.09,0.10000000,0
1506113764,22074477,263.10,0.08269863,0
1506113764,22074475,263.09,0.20722947,0
1506113762,22074471,263.10,0.27943200,0
1506113758,22074468,263.10,4.00186241,0
1506113739,22074427,262.66,1.04107713,1
1506113688,22074414,262.71,1.69752625,1
1506113688,22074413,262.73,0.23000000,1
1506113450,22074338,262.54,4.31000000,1
1506113447,22074321,262.54,0.08269861,1
1506113447,22074320,262.54,0.44001635,1
1506113445,22074315,262.54,4.83000000,1
1506113441,22074305,262.54,0.23000000,1
1506113428,22074302,262.71,1.11172083,0
1506113424,22074296,262.73,0.22263339,0
1506113423,22074291,262.73,1.10096363,0
1506113415,22074273,262.20,0.67761833,1
1506113415,22074270,262.38,0.37728619,1
1506113411,22074265,262.38,0.06812100,1
1506113406,22074262,262.38,5.05459281,1
1506113406,22074261,262.47,1.03445819,1
1506113405,22074260,262.47,3.80554181,1
1506113405,22074259,262.48,3.08000000,1
1506113405,22074258,262.50,6.08905116,1
1506113405,22074257,262.51,1.10063203,1
1506113404,22074256,262.53,2.37562426,0
1506113404,22074255,262.52,2.62437574,0
1506113404,22074254,262.52,1.60038000,1
1506113395,22074245,262.50,3.42842926,1
1506113395,22074244,262.50,1.10122434,1
1506113395,22074242,262.59,2.14672903,0
1506113394,22074240,262.59,1.28493156,0
1506113392,22074233,262.53,0.19999500,1
1506113391,22074230,262.59,4.84000000,1
1506113391,22074229,262.68,6.39913600,1
1506113391,22074228,262.72,0.23000000,1
1506113380,22074185,262.70,3.72215869,1
1506113380,22074184,262.84,0.23000000,1
1506113380,22074182,262.87,2.68161291,1
1506113370,22074167,263.43,1.84519607,0
1506113274,22074122,263.76,4.82000000,0
1506113252,22074103,263.65,0.49975012,1
1506113230,22074083,263.89,0.06187012,0
1506113210,22074048,263.99,4.82336452,0
1506113209,22074045,263.95,2.67805749,0
1506113209,22074043,263.75,1.59806300,0
1506113209,22074042,263.72,3.00000000,0
1506113207,22074041,263.68,0.00049976,0
1506113205,22074036,263.68,0.99950024,0
1506113197,22074001,263.65,1.27877849,0
1506113183,22073986,263.05,3.54200300,1
1506113170,22073965,262.99,1.90161137,1
1506113170,22073964,263.55,0.23000000,1
1506113163,22073956,262.81,13.83965642,0
1506113163,22073955,262.81,2.97051269,0
1506113163,22073954,262.89,3.33000000,1
1506113163,22073953,263.20,6.38815200,1
1506113163,22073952,263.25,2.27167889,1
1506113163,22073951,263.50,0.10000000,1
1506113162,22073950,263.50,0.10000000,1
1506113162,22073949,263.50,0.10000000,1
1506113162,22073948,263.50,0.10000000,1
1506113162,22073947,263.50,0.10000000,1
1506113162,22073946,263.50,0.10000000,1
1506113162,22073945,263.54,0.10000000,1
1506113161,22073944,263.54,0.10000000,1
1506113161,22073943,263.54,0.10000000,1
1506113161,22073942,263.54,0.10000000,1
1506113161,22073941,263.54,0.10000000,1
1506113161,22073940,263.54,0.10000000,1
1506113159,22073939,263.57,0.10000000,1
1506113159,22073938,263.57,0.10000000,1
1506113159,22073937,263.57,0.02000000,1
1506113152,22073931,263.57,0.08000000,1
1506113152,22073930,263.57,0.10000000,1
1506113152,22073929,263.57,0.10000000,1
1506113151,22073928,263.57,0.10000000,1
1506113148,22073926,263.59,0.10000000,1
1506113148,22073925,263.59,0.06887841,1
1506113130,22073911,263.59,0.03112159,1
1506113130,22073910,263.59,0.10000000,1
1506113130,22073909,263.59,0.10000000,1
1506113130,22073908,263.59,0.10000000,1
1506113129,22073907,263.59,0.10000000,1
1506113129,22073906,263.61,0.10000000,1
1506113129,22073905,263.61,0.06929841,1
1506113120,22073891,263.61,0.03070159,1
1506113120,22073890,263.61,0.24168945,1
1506113109,22073879,263.61,0.68745287,1
1506113108,22073878,263.61,0.10000000,1
1506113108,22073877,263.61,0.10000000,1
1506113108,22073876,263.61,0.10000000,1
1506113108,22073875,263.61,0.10000000,1
1506113108,22073874,263.63,0.21254713,1
1506113108,22073873,263.63,0.10000000,1
1506113108,22073872,263.63,0.10000000,1
1506113108,22073871,263.63,0.10000000,1
1506113099,22073861,263.63,0.10000000,1
1506113098,22073860,263.63,0.10000000,1
1506113098,22073859,263.63,0.10000000,1
1506113098,22073858,263.82,0.10000000,1
1506113098,22073857,263.82,0.10000000,1
1506113098,22073856,263.82,0.10000000,1
1506113093,22073851,263.94,7.19704489,0
1506113092,22073849,263.86,0.10000000,1
1506113092,22073848,263.89,0.10000000,1
1506113092,22073847,263.89,0.10000000,1
1506113092,22073846,263.89,0.10000000,1
1506113092,22073845,263.91,0.10000000,1
1506113092,22073844,263.91,0.10000000,1
1506113091,22073843,263.91,0.10000000,1
1506113091,22073842,263.93,0.10000000,1
1506113091,22073841,263.93,0.10000000,1
1506113091,22073840,263.93,0.10000000,1
1506113089,22073838,263.95,0.10000000,0
1506113089,22073835,263.95,0.10000000,0
1506113087,22073833,263.94,0.10000000,0
1506113084,22073831,263.64,0.10000000,0
1506113084,22073828,263.64,0.10000000,0
1506113084,22073827,263.64,0.10000000,0
1506113083,22073825,263.64,0.10000000,0
1506113082,22073822,263.64,0.10000000,0
1506113082,22073821,263.64,0.10000000,0
1506113081,22073820,263.64,0.10000000,0
1506113081,22073819,263.64,0.10000000,0
1506113081,22073818,263.64,0.10000000,0
1506113080,22073817,263.64,0.10000000,0
1506113041,22073779,263.96,0.33448399,0
1506113027,22073773,263.63,0.55516319,1
1506113027,22073772,263.63,0.23000000,1
1506112955,22073649,263.62,0.10000000,1
1506112951,22073637,263.61,2.27608968,1
1506112948,22073632,263.61,3.20523798,0
1506112946,22073626,263.61,4.61000000,0
1506112946,22073625,263.61,0.23000000,0
1506112937,22073617,263.60,1.59000000,0
1506112929,22073611,263.55,1.59993200,1
1506112920,22073592,262.70,0.10000000,1
1506112920,22073591,262.72,0.10000000,1
1506112918,22073590,263.54,0.26253000,0
1506112903,22073571,262.57,0.10000000,0
1506112903,22073570,262.57,0.10000000,0
1506112903,22073569,262.53,0.10000000,0
1506112903,22073568,262.53,0.10000000,0
1506112903,22073567,262.50,0.10000000,0
1506112903,22073566,262.50,0.10000000,0
1506112903,22073565,262.48,0.10000000,0
1506112903,22073564,262.48,0.10000000,0
1506112898,22073560,262.26,0.03014694,0
1506112896,22073558,262.46,0.39998000,1
1506112892,22073546,262.46,0.09101500,0
1506112892,22073545,262.46,0.19998500,0
1506112892,22073544,262.46,0.00001000,0
1506112892,22073543,262.46,0.09999000,0
1506112891,22073542,262.46,0.10000000,0
1506112891,22073541,262.31,0.00000500,0
1506112891,22073539,262.31,0.09999500,0
1506112891,22073538,262.31,0.10000000,0
1506112878,22073525,262.26,1.00003808,1
1506112878,22073524,262.26,0.46357025,1
1506112873,22073520,262.26,1.03604638,1
1506112873,22073518,262.26,1.72834535,1
1506112835,22073473,262.25,0.18380596,0
1506112834,22073471,262.25,3.53771965,1
1506112834,22073470,262.26,0.29100000,1
1506112830,22073459,263.01,1.28598730,0
1506112828,22073453,262.25,1.96228035,1
1506112828,22073450,262.40,0.00008384,1
1506112827,22073440,263.01,0.25843870,0
1506112815,22073363,262.40,0.22991616,1
1506112736,22073257,262.39,2.33887042,1
1506112736,22073255,262.52,4.84000000,1
1506112735,22073254,262.55,4.84000000,1
1506112735,22073253,262.67,0.07537975,1
1506112735,22073252,262.71,0.10000000,1
1506112734,22073251,262.79,0.10574983,1
1506112729,22073238,262.86,0.16296654,1
1506112726,22073235,263.00,4.84000000,1
1506112725,22073234,263.06,0.10000000,1
1506112725,22073233,263.36,0.07755675,1
1506112718,22073216,263.60,0.26253000,0
1506112717,22073210,263.36,0.02244325,1
1506112717,22073209,263.42,0.07755675,1
1506112717,22073206,263.60,0.10000000,1
1506112713,22073194,263.60,1.13800000,1
1506112713,22073193,263.61,0.10000000,1
1506112696,22073175,263.81,0.10000000,1
1506112696,22073174,263.96,0.10000000,1
1506112679,22073164,263.84,0.26253000,0
1506112655,22073153,264.06,3.60694539,1
1506112655,22073152,263.90,0.10000000,0
1506112654,22073151,263.88,0.10000000,0
1506112654,22073150,263.87,5.50000000,0
1506112654,22073149,263.86,0.10000000,0
1506112654,22073148,263.85,1.59680300,1
1506112653,22073146,263.85,4.84000000,0
1506112653,22073145,263.84,0.10000000,0
1506112653,22073144,263.83,0.10000000,0
1506112652,22073143,263.81,0.10000000,0
1506112652,22073141,263.81,0.10000000,0
1506112652,22073140,263.81,0.10000000,0
1506112652,22073139,263.79,0.10000000,0
1506112652,22073138,263.79,0.03747000,0
1506112650,22073137,263.76,5.30000000,0
1506112646,22073120,263.76,0.10000000,1
1506112646,22073119,263.76,0.10000000,1
1506112636,22073110,263.79,0.06253000,0
1506112636,22073109,263.79,0.10000000,0
1506112636,22073108,263.79,0.10000000,0
1506112596,22073084,263.77,0.16251127,0
1506112596,22073083,263.77,0.10000000,0
1506112596,22073082,263.64,0.00001873,0
1506112588,22073073,263.60,2.56000000,1
1506112582,22073070,263.59,1.96756929,0
1506112581,22073067,263.60,0.30547952,1
1506112564,22073049,263.64,0.03745127,0
1506112557,22073042,263.64,0.06253000,0
1506112556,22073041,263.64,0.10000000,0
1506112556,22073040,263.62,0.10000000,0
1506112545,22073034,263.46,3.56031847,0
1506112543,22073031,263.46,5.00000000,0
1506112543,22073030,263.46,1.09344600,0
1506112543,22073029,263.46,0.10000000,1
1506112543,22073028,263.46,0.10000000,1
1506112543,22073027,263.49,0.10000000,1
1506112542,22073026,263.49,0.10000000,1
1506112542,22073025,263.51,0.10000000,1
1506112542,22073024,263.51,0.10000000,1
1506112542,22073023,263.53,0.10000000,1
1506112542,22073022,263.53,0.10000000,1
1506112542,22073021,263.55,0.10000000,1
1506112542,22073020,263.55,0.10000000,1
1506112527,22073000,263.58,5.50000000,0
1506112526,22072998,263.58,0.50003791,0
1506112526,22072997,263.58,2.87805749,0
1506112524,22072994,263.58,1.11021322,1
1506112524,22072993,263.95,4.84000000,1
1506112524,22072992,263.95,1.19055447,1
1506112524,22072991,264.09,0.46855643,1
1506112522,22072989,264.50,0.22639925,1
1506112521,22072987,264.50,4.84000000,0
1506112521,22072986,264.39,5.50000000,0
1506112521,22072985,264.20,0.10000000,0
1506112520,22072984,264.20,0.10000000,0
1506112520,22072982,264.20,0.10000000,0
1506112520,22072980,264.20,0.10000000,0
1506112520,22072978,264.20,0.10000000,0
1506112520,22072976,264.20,0.10000000,0
1506112520,22072974,264.20,0.10000000,0
1506112520,22072972,264.20,0.10000000,0
1506112519,22072970,264.20,0.10000000,0
1506112519,22072969,264.20,0.10000000,0
1506112519,22072968,264.16,0.10000000,0
1506112519,22072967,264.16,0.10000000,0
1506112519,22072966,264.16,0.10000000,0
1506112519,22072965,264.16,0.10000000,0
1506112519,22072963,264.16,0.10000000,0
1506112519,22072962,264.16,0.10000000,0
1506112518,22072960,264.16,0.10000000,0
1506112518,22072959,264.16,0.10000000,0
1506112518,22072958,264.16,0.10000000,0
1506112518,22072957,264.16,0.10000000,0
1506112518,22072956,264.13,0.10000000,0
1506112518,22072955,264.13,0.10000000,0
1506112518,22072953,264.13,0.10000000,0
1506112518,22072951,264.13,0.10000000,0
1506112518,22072950,264.13,0.10000000,0
1506112517,22072948,264.13,0.10000000,0
1506112517,22072946,264.13,0.10000000,0
1506112517,22072943,264.13,0.10000000,0
1506112517,22072941,264.13,0.10000000,0
1506112517,22072940,264.13,0.10000000,0
1506112517,22072939,264.11,0.10000000,0
1506112516,22072938,264.11,0.10000000,0
1506112516,22072937,264.11,0.10000000,0
1506112516,22072935,264.11,0.10000000,0
1506112516,22072932,264.11,0.10000000,0
1506112516,22072931,264.11,0.10000000,0
1506112516,22072928,264.11,0.10000000,0
1506112516,22072926,264.11,0.10000000,0
1506112516,22072923,264.11,0.10000000,0
1506112516,22072921,264.11,0.10000000,0
1506112515,22072918,264.09,0.10000000,0
1506112515,22072916,264.09,0.10000000,0
1506112515,22072914,264.09,0.10000000,0
1506112515,22072912,264.09,0.10000000,0
1506112515,22072909,264.09,0.06879075,0
1506112514,22072903,263.95,0.40582332,0
1506112514,22072899,263.95,0.26253000,0
1506112513,22072894,263.95,0.92882268,0
1506112511,22072886,263.56,0.49975012,1
1506112509,22072878,263.56,3.94054808,0
1506112509,22072876,263.56,1.28037926,0
1506112508,22072872,263.56,0.18345988,0
1506112508,22072870,263.47,0.24968112,0
1506112508,22072867,263.47,0.45636281,0
1506112507,22072864,263.47,4.84000000,1
1506112507,22072863,263.49,0.05000000,1
1506112507,22072862,263.49,0.05000000,1
1506112507,22072860,263.52,5.00000000,1
1506112507,22072858,263.52,5.00000000,1
1506112506,22072856,263.54,4.26409607,1
1506112506,22072849,263.54,0.73590393,1
1506112502,22072837,263.74,0.53984985,1
1506112501,22072836,263.74,0.62228000,1
1506112492,22072829,263.76,0.46855643,0
1506112490,22072813,264.08,1.46781917,0
1506112489,22072805,263.74,1.54703530,0
1506112487,22072797,263.74,0.61676033,0
1506112485,22072788,263.74,0.54321770,0
1506112484,22072784,263.74,0.30887790,0
1506112482,22072780,263.74,0.30740037,0
1506112481,22072779,263.74,0.20076489,0
1506112480,22072777,263.74,13.64630496,0
1506112479,22072775,263.74,0.13627797,1
1506112479,22072774,263.79,0.05000000,1
1506112479,22072773,263.79,0.05000000,1
1506112479,22072772,263.80,0.10000000,1
1506112479,22072770,263.82,0.10000000,1
1506112479,22072769,263.83,0.10000000,1
1506112478,22072768,263.87,0.10000000,1
1506112478,22072766,263.87,0.10000000,1
1506112478,22072765,263.91,0.13747000,1
1506112478,22072764,264.08,5.50000000,1
1506112478,22072762,264.08,2.74818952,1
1506112472,22072759,264.09,0.03120925,0
1506112472,22072758,264.09,0.10000000,0
1506112472,22072757,264.09,0.10000000,0
1506112472,22072756,264.09,0.03132075,0
1506112470,22072754,264.09,0.06867925,0
1506112470,22072753,264.09,0.10000000,0
1506112469,22072752,264.09,0.09132075,0
1506112467,22072745,264.08,2.75181048,0
1506112432,22072726,264.08,0.12506000,0
1506112432,22072725,263.94,0.10000000,0
1506112431,22072723,263.94,0.03747000,0
1506112389,22072684,263.94,0.06253000,0
1506112389,22072683,263.94,0.10000000,0
1506112389,22072682,263.94,0.10000000,0
1506112381,22072669,263.93,1.58676051,0
1506112381,22072668,263.92,2.35323949,0
1506112375,22072663,263.83,0.10000000,1
1506112375,22072662,263.85,0.10000000,1
1506112375,22072661,263.87,0.10000000,1
1506112375,22072660,263.94,0.70000000,1
1506112374,22072658,263.94,0.10000000,0
1506112374,22072657,263.94,3.94000000,0
1506112374,22072656,263.94,0.10000000,0
1506112372,22072654,264.09,0.00867925,0
1506112372,22072653,263.94,0.10000000,0
1506112369,22072652,263.94,0.10000000,1
1506112369,22072649,263.94,0.10000000,0
1506112368,22072648,263.94,0.05000000,0
1506112363,22072645,264.24,0.05000000,1
1506112362,22072644,264.25,0.05000000,0
1506112354,22072639,263.88,1.29999961,1
1506112354,22072638,264.00,0.00000039,1
1506112353,22072635,264.29,0.37735849,0
1506112351,22072632,264.00,3.85893900,1
1506112350,22072629,264.02,0.00000048,1
1506112349,22072628,264.02,2.87687000,1
1506112349,22072627,264.04,0.05000000,1
1506112349,22072626,264.24,0.05000000,1
1506112345,22072625,264.30,0.26253000,0
1506112345,22072624,264.29,0.05000000,0
1506112329,22072614,264.41,0.42388679,0
1506112329,22072613,264.30,5.50000000,0
1506112320,22072608,265.00,0.63660004,0
1506112320,22072607,265.00,25.00000000,0
1506112320,22072606,265.00,0.84000000,0
1506112320,22072605,264.88,0.05000000,0
1506112319,22072604,264.77,7.70000000,0
1506112319,22072603,264.77,10.00000000,0
1506112319,22072602,264.49,0.03641012,0
1506112319,22072601,264.47,0.21000000,0
1506112319,22072600,264.17,5.50000000,0
1506112319,22072599,264.16,1.59499600,0
1506112319,22072598,264.15,4.57747000,0
1506112319,22072597,264.10,4.26437288,0
1506112305,22072579,264.15,0.26253000,0
1506112303,22072575,264.00,0.64797605,0
1506112301,22072570,264.00,4.72202395,1
1506112278,22072551,264.00,4.84000000,0
1506112278,22072550,263.97,0.43797605,0
1506112268,22072540,263.97,1.16009395,0
1506112263,22072536,263.97,0.21253000,0
1506112263,22072535,263.88,0.05000000,0
1506112223,22072489,263.87,0.26253000,0
1506112183,22072442,263.86,0.26253000,0
1506112172,22072421,263.84,0.33448399,0
1506112156,22072410,263.85,0.09227168,0
1506112156,22072409,263.72,0.03651620,0
1506112142,22072393,263.53,0.21476791,0
1506112142,22072392,263.49,0.04776209,0
1506112138,22072387,263.42,0.93421146,0
1506112127,22072378,263.42,0.12878788,0
1506112101,22072364,263.33,0.08037874,0
1506112101,22072363,263.33,0.08467126,0
1506112100,22072358,263.33,0.04550914,0
1506112100,22072357,263.18,0.01920000,0
1506112099,22072356,263.00,0.03529086,0
1506112062,22072289,263.00,0.10470914,0
1506112062,22072287,262.95,0.03662290,0
1506112061,22072286,262.91,0.10569796,0
1506112039,22072251,262.88,0.10000000,0
1506112001,22072229,262.66,0.17679219,0
1506112001,22072228,262.44,0.08573781,0
1506111974,22072192,262.43,2.13805703,0
1506111973,22072191,262.35,0.23000000,0
1506111942,22072162,261.51,2.36823743,1
1506111942,22072161,262.13,0.48604765,1
1506111934,22072149,262.14,10.57573379,1
1506111933,22072148,262.10,1.60466600,0
1506111929,22072146,261.51,0.52571492,0
1506111929,22072145,261.50,0.30470000,0
1506111929,22072144,261.50,0.18331924,0
1506111929,22072143,261.50,0.93606237,0
1506111845,22072098,261.45,1.52528307,1
1506111845,22072097,261.49,0.77000000,1
1506111845,22072095,261.50,5.00000000,1
1506111845,22072094,261.54,0.23000000,1
1506111845,22072093,261.55,4.26437288,1
1506111845,22072091,261.56,9.92128405,1
1506111831,22072057,261.53,3.38000000,1
1506111753,22072006,261.42,1.11938161,1
1506111726,22071972,261.32,0.08573781,1
1506111721,22071955,261.59,0.34502091,0
1506111721,22071950,261.60,0.30470000,1
1506111720,22071942,262.12,1.59260209,1
1506111718,22071931,262.11,0.69643500,0
1506111717,22071929,262.11,2.30000500,1
1506111717,22071928,262.11,3.19999500,1
1506111717,22071927,262.11,1.80000000,1
1506111707,22071896,262.19,5.50000000,0
1506111682,22071873,262.88,36.62431527,0
1506111681,22071872,262.79,0.50000000,0
1506111681,22071871,262.78,0.50000000,0
1506111681,22071870,262.78,2.48000000,0
1506111681,22071869,262.78,5.50000000,1
1506111680,22071868,262.78,1.60325300,1
1506111680,22071867,262.18,0.03673023,0
1506111680,22071865,262.17,2.76000000,1
1506111680,22071864,262.17,4.78645500,1
1506111679,22071863,262.10,5.50000000,0
1506111679,22071862,262.10,0.09698664,0
1506111679,22071860,262.08,0.24088845,0
1506111678,22071856,262.07,12.53813869,1
1506111677,22071855,262.07,2.88894411,0
1506111634,22071824,261.58,2.88894411,1
1506111626,22071820,262.04,0.33448399,0
1506111583,22071764,261.74,6.90334303,0
1506111583,22071763,261.73,0.24089711,0
1506111577,22071757,261.73,4.63882197,0
1506111575,22071756,261.74,5.34436111,0
1506111572,22071744,261.75,1.96431709,0
1506111572,22071742,261.68,1.60620200,0
1506111570,22071736,261.63,0.24091274,0
1506111511,22071655,261.67,0.33448399,0
1506111470,22071633,261.35,1.60687700,0
1506111359,22071503,260.96,5.41297283,0
1506111350,22071487,260.97,4.81516455,0
1506111305,22071473,260.92,0.41083839,0
1506111296,22071469,260.97,0.02483545,0
1506111296,22071468,262.00,2.65096653,0
1506111296,22071467,262.00,2.03506573,0
1506111296,22071466,262.00,5.27408382,0
1506111296,22071465,262.00,2.29592238,0
1506111295,22071464,262.00,5.74850091,0
1506111295,22071463,262.00,3.44387422,0
1506111295,22071462,262.00,1.63029874,0
1506111295,22071461,262.00,1.72825299,0
1506111295,22071460,262.00,0.44407295,0
1506111293,22071458,262.00,0.55592705,0
1506111293,22071457,262.00,0.60000000,0
1506111293,22071456,262.00,0.07400000,0
1506111293,22071455,262.00,0.07800000,0
1506111293,22071454,262.00,0.70000000,0
1506111293,22071453,262.00,0.13000000,0
1506111293,22071452,261.80,0.09698317,0
1506111292,22071451,261.73,0.05000000,0
1506111292,22071450,261.72,0.61000000,0
1506111292,22071449,261.69,0.04776209,0
1506111292,22071448,261.50,0.09709483,0
1506111292,22071447,261.46,3.06000000,0
1506111292,22071445,261.20,0.09720675,0
1506111292,22071444,261.13,5.50000000,0
1506111292,22071443,261.12,2.29779412,0
1506111292,22071442,260.98,4.84000000,0
1506111291,22071441,260.93,2.21487955,0
1506111291,22071440,260.93,0.68137766,0
1506111291,22071439,260.91,1.60910700,0
1506111289,22071438,260.89,0.30570000,0
1506111238,22071404,261.03,0.33448399,0
1506111213,22071393,260.81,1.14738699,0
1506111207,22071391,260.05,3.97000000,1
1506111195,22071385,260.20,0.26520800,0
1506111195,22071384,260.20,1.16000000,0
1506111195,22071383,260.20,3.84000000,0
1506111193,22071381,260.20,1.00000000,1
1506111188,22071380,260.21,8.59944902,0
1506111188,22071379,260.22,6.42927000,1
1506111188,22071378,260.22,0.05000000,1
1506111188,22071377,260.27,0.09720675,1
1506111187,22071375,260.31,0.13778500,1
1506111187,22071374,260.31,1.24025402,1
1506111187,22071373,260.37,0.05000000,1
1506111187,22071372,260.57,0.09709483,1
1506111187,22071371,260.87,0.09698317,1
1506111187,22071370,260.89,2.89625721,1
1506111186,22071369,260.90,0.30570000,1
1506111181,22071362,261.17,0.09698664,1
1506111139,22071328,261.68,0.16151403,0
1506111129,22071318,261.62,1.44058927,0
1506111129,22071317,261.41,0.03683819,0
1506111128,22071316,261.30,0.01940000,0
1506111127,22071315,261.20,1.00000000,0
1506111127,22071314,261.00,0.50000000,0
1506110889,22071205,260.88,0.22999500,0
1506110881,22071201,261.00,0.30000000,0
1506110880,22071200,260.99,0.68801996,0
1506110880,22071199,260.97,0.03000000,0
1506110880,22071198,260.94,0.03000000,0
1506110880,22071197,260.89,0.23000000,0
1506110559,22071003,260.39,1.16118020,1
1506110559,22071002,260.39,0.23000000,1
1506110524,22070965,260.90,1.61023143,0
1506110521,22070960,260.89,1.52987757,0
1506110521,22070959,260.89,7.30040357,0
1506110519,22070955,260.89,2.24495977,0
1506110519,22070953,260.89,5.28641297,0
1506110513,22070938,260.90,1.41734062,0
1506110508,22070897,260.90,2.29825139,1
1506110503,22070867,260.93,21.67599000,0
1506110497,22070846,260.89,2.99094000,1
1506110496,22070842,260.89,1.52906000,1
1506110496,22070841,260.89,5.07000000,1
1506110495,22070840,260.89,3.07000000,1
1506110491,22070830,260.89,2.10000000,1
1506110491,22070829,260.93,3.36000000,1
1506110491,22070827,260.93,0.03000000,0
1506110488,22070824,260.89,0.23000000,1
1506110488,22070823,260.89,0.03000000,0
1506110484,22070821,260.82,5.46000000,1
1506110482,22070818,260.82,0.03000000,0
1506110478,22070816,260.65,0.03694678,0
1506110474,22070813,260.64,0.03000000,0
1506110471,22070808,260.55,0.59999401,0
1506110470,22070807,260.55,0.33448399,0
1506110468,22070806,260.55,5.50000000,0
1506110462,22070798,260.44,0.03000000,0
1506110460,22070796,260.43,1.50224231,0
1506110284,22070727,260.43,0.50000000,0
1506110283,22070726,260.43,0.89878000,0
1506110283,22070725,260.42,0.23000000,0
1506110262,22070696,260.32,0.13779027,0
1506110262,22070695,260.27,0.08466771,0
1506110262,22070691,260.27,0.14533229,0
1506110242,22070669,260.28,0.33448399,0
1506110235,22070662,260.19,0.23000000,0
1506110198,22070636,260.18,2.30609578,0
1506110181,22070634,260.18,0.23000000,0
1506110146,22070575,260.24,0.40241907,0
1506110139,22070566,260.16,0.23000000,0
1506110118,22070553,260.17,2.81641604,0
1506110107,22070548,260.15,0.23000000,0
1506110101,22070546,260.16,0.23000000,0
1506109993,22070505,259.49,0.94874760,0
1506109992,22070504,259.49,0.65125240,0
1506109919,22070416,260.10,2.10994975,0
1506109829,22070384,260.31,0.60836222,0
1506109828,22070383,260.29,0.03000000,0
1506109828,22070382,260.27,0.30750000,0
1506109823,22070380,260.26,0.15725522,0
1506109823,22070379,260.04,0.23000000,0
1506109791,22070368,260.04,1.16926749,0
1506109773,22070360,260.07,1.30342870,0
1506109773,22070359,260.07,0.23000000,0
1506109773,22070358,260.06,0.75211888,0
1506109764,22070354,259.38,3.50732781,1
1506109764,22070353,259.53,0.23000000,1
1506109754,22070348,259.51,1.89283647,1
1506109754,22070347,259.52,0.23000000,1
1506109753,22070346,259.52,0.30750000,1
1506109743,22070336,259.67,0.13779027,1
1506109742,22070335,259.98,0.05000000,1
1506109664,22070302,260.15,0.23766239,0
1506109664,22070301,260.15,0.07325698,0
1506109664,22070300,260.14,0.23000000,0
1506109652,22070293,260.15,0.04776209,0
1506109652,22070292,260.14,0.11716852,0
1506109652,22070291,260.03,0.13721710,0
1506109652,22070290,260.02,0.13775687,0
1506109644,22070288,260.00,0.09619084,0
1506109644,22070287,260.00,1.00000000,0
1506109643,22070286,260.00,0.02600000,0
1506109643,22070284,260.00,0.97675747,0
1506109641,22070282,260.00,0.17907045,0
1506109641,22070281,259.98,0.50137177,0
1506109598,22070257,259.98,0.89290861,0
1506109597,22070256,259.98,2.57135435,0
1506109585,22070245,259.98,0.51565540,0
1506109576,22070237,259.98,0.91422588,0
1506109567,22070230,259.98,0.10448399,0
1506109567,22070229,259.97,0.23000000,0
1506109541,22070216,260.00,0.44126208,0
1506109541,22070215,259.97,0.23000000,0
1506109536,22070213,259.98,1.55351759,0
1506109530,22070211,259.69,1.03078046,0
1506109530,22070210,259.69,2.23541389,0
1506109524,22070206,259.69,2.23380565,0
1506109519,22070202,259.60,0.00328038,0
1506109519,22070201,259.60,1.61944962,0
1506109465,22070158,259.60,2.27382700,0
1506109462,22070156,259.60,1.60344300,0
1506109446,22070130,259.59,0.03751000,0
1506109446,22070129,259.59,1.85326300,0
1506109212,22070010,259.49,0.00000246,1
1506109209,22070009,259.49,0.53833000,1
1506109202,22069999,259.49,1.77067900,1
1506109187,22069954,259.94,0.33443799,0
1506109187,22069953,259.57,0.00004600,0
1506109163,22069950,259.50,2.57345900,0
1506109054,22069894,259.57,2.48641400,0
1506108989,22069852,259.57,3.01354000,0
1506108981,22069839,259.95,0.23641565,0
1506108981,22069838,259.65,3.34172735,0
1506108981,22069837,259.57,2.15828300,0
1506108972,22069821,259.57,3.34171700,1
1506108972,22069819,259.57,2.15827800,0
1506108971,22069818,259.57,3.34172200,0
1506108963,22069809,259.65,10.65827265,0
1506108962,22069808,259.53,0.00000035,0
1506108957,22069802,259.53,3.18802900,0
1506108944,22069783,259.39,0.95000000,0
1506108942,22069781,259.39,0.05000000,1
1506108939,22069779,259.51,1.02758000,1
1506108939,22069778,259.53,2.31197065,0
1506108938,22069777,259.51,0.00036900,1
1506108938,22069776,259.51,0.52674600,1
1506108937,22069771,259.53,2.83871665,0
1506108935,22069764,259.53,1.14408446,0
1506108935,22069762,259.52,2.31196054,0
1506108934,22069760,259.51,0.52675100,0
1506108923,22069754,259.51,2.72985400,0
1506108923,22069752,259.51,1.58339500,0
1506108908,22069734,259.53,1.00000000,0
1506108905,22069729,259.53,0.18271490,0
1506108900,22069722,259.53,0.33448399,0
1506108887,22069708,259.52,7.22742697,0
1506108887,22069707,259.52,5.50000000,0
1506108884,22069705,259.53,5.50000000,0
1506108882,22069701,259.51,5.50000000,0
1506108882,22069700,259.43,4.84000000,0
1506108880,22069699,259.36,3.97526691,0
1506108880,22069697,259.36,3.72473309,0
1506108880,22069695,259.36,1.11526170,0
1506108858,22069677,259.41,0.58439400,0
1506108827,22069664,259.39,0.33448399,0
1506108798,22069651,258.89,1.36832456,1
1506108790,22069648,258.85,1.11526170,0
1506108774,22069646,258.85,0.29412430,0
1506108770,22069643,258.85,0.20227400,0
1506108765,22069637,258.85,0.20234000,0
1506108674,22069606,258.69,0.23000000,1
1506108661,22069599,258.85,1.11600000,0
1506108661,22069597,258.84,4.03000000,0
1506108640,22069580,258.84,1.44683200,1
1506108637,22069577,258.84,1.65573400,0
1506108552,22069550,258.85,0.23000000,1
1506108428,22069522,258.67,0.06500000,1
1506108428,22069521,258.76,0.23000000,1
1506108316,22069461,259.28,0.09165368,1
1506108316,22069460,259.28,0.29400000,0
1506108304,22069454,258.65,0.29400000,0
1506108303,22069453,258.65,0.23000000,1
1506108061,22069354,258.55,1.01020921,0
1506108060,22069353,258.55,1.40979079,1
1506108055,22069347,258.69,2.00112040,1
1506108054,22069345,258.69,0.04015760,1
1506108053,22069344,258.70,7.70000000,1
1506108053,22069343,258.76,0.05000000,1
1506108053,22069342,258.79,0.11615200,1
1506108053,22069341,258.79,0.15630920,1
1506108053,22069339,258.81,0.23000000,1
1506108053,22069338,258.81,0.15630920,1
1506108053,22069337,258.83,0.23000000,1
1506108029,22069321,258.85,0.23000000,1
1506107900,22069277,258.85,0.95972280,1
1506107900,22069276,258.85,0.29400000,1
1506107900,22069275,259.01,0.05000000,1
1506107899,22069274,259.02,0.29400000,1
1506107899,22069273,259.02,0.23000000,1
1506107750,22069226,259.21,0.05000000,1
1506107749,22069225,259.25,0.05000000,0
1506107586,22069145,259.38,1.40203251,0
1506107585,22069143,259.38,0.21150649,0
1506107585,22069136,258.99,0.29400000,0
1506107582,22069122,259.00,1.25372280,0
1506107437,22069012,259.00,2.32300578,0
1506107411,22068983,259.33,3.56277737,1
1506107410,22068980,259.33,0.33722263,1
1506107399,22068971,259.29,1.29167088,0
1506107362,22068944,259.42,0.09609351,0
1506107362,22068943,259.02,0.00000041,0
1506107321,22068881,258.43,4.62647446,1
1506107321,22068880,258.47,1.00000000,1
1506107321,22068879,258.57,1.00000000,1
1506107321,22068878,258.65,4.84000000,1
1506107321,22068877,258.69,0.29400000,1
1506107321,22068876,258.71,0.29399500,1
1506107321,22068875,258.77,6.44827600,1
1506107320,22068874,258.78,2.02457100,1
1506107320,22068873,259.00,0.60756500,1
1506107320,22068872,259.00,5.09086813,1
1506107318,22068866,259.02,3.77425000,0
1506107287,22068857,259.02,0.22999500,1
1506107264,22068851,259.30,10.25229500,0
1506107264,22068850,259.29,0.23000000,0
1506107261,22068849,259.29,5.01099185,0
1506107261,22068848,259.25,2.38335000,0
1506107257,22068841,259.49,3.83000000,1
1506107257,22068840,259.49,1.43117000,1
1506107257,22068839,259.50,10.48228959,1
1506107250,22068830,259.50,1.65770514,1
1506107242,22068815,259.47,0.23000000,0
1506107173,22068785,259.06,3.93761928,1
1506107143,22068760,259.09,11.30309307,1
1506107142,22068759,259.04,11.66146188,1
1506107142,22068758,259.05,0.59193205,1
1506107142,22068757,259.08,6.44351300,1
1506107084,22068720,259.00,0.00000059,0
1506107084,22068719,259.00,5.09095000,0
1506107082,22068718,259.00,2.40000000,0
1506107082,22068717,259.00,6.43825300,1
1506107082,22068716,259.00,0.32469641,1
1506107081,22068715,259.00,11.02236469,1
1506107081,22068714,259.09,0.05000000,1
1506107081,22068713,259.12,0.30760000,1
1506107081,22068712,259.50,3.01911631,1
1506107081,22068711,259.52,1.11702400,1
1506107081,22068710,259.52,0.22999500,1
1506107052,22068693,259.11,1.35494431,1
1506107052,22068692,259.12,1.78505569,1
1506107052,22068691,259.72,4.10028817,1
1506107052,22068690,259.72,1.14971183,1
1506107051,22068689,259.72,0.23000000,0
1506107051,22068688,259.12,5.88963031,1
1506107051,22068687,259.33,2.31312575,1
1506107051,22068686,259.37,0.11716852,1
1506107051,22068685,259.41,0.96041300,1
1506107050,22068684,259.41,4.42116100,1
1506107050,22068683,259.57,7.90850142,1
1506107042,22068679,259.97,1.60000000,1
1506107040,22068675,259.97,2.40000000,1
1506107033,22068667,259.93,0.23000000,0
1506107032,22068666,259.92,2.20000000,0
1506107032,22068664,259.92,5.50000000,0
1506107018,22068639,259.95,1.60822637,0
1506107017,22068637,259.94,4.83992375,0
1506107012,22068636,259.90,5.50000000,0
1506107011,22068634,259.86,4.84000000,0
1506107005,22068626,259.83,0.06685769,0
1506107004,22068624,259.83,1.54231631,0
1506107004,22068623,259.73,0.01999960,0
1506107004,22068622,259.70,1.11702909,0
1506107004,22068621,259.69,0.23000000,0
1506106998,22068616,259.70,3.17439418,0
1506106998,22068615,259.70,1.09902682,0
1506106993,22068603,259.72,0.19089386,0
1506106986,22068591,259.73,0.11702900,0
1506106986,22068590,259.57,1.00000000,0
1506106985,22068588,259.47,1.00000000,0
1506106985,22068585,259.41,2.43000000,0
1506106984,22068584,259.41,0.96000000,0
1506106984,22068583,259.41,4.31000000,0
1506106984,22068582,259.40,0.23000000,0
1506106980,22068577,259.41,3.39041800,0
1506106980,22068575,259.43,4.30958200,1
1506106980,22068573,259.43,1.19041300,0
1506106979,22068572,259.43,4.30958700,0
1506106978,22068570,259.41,2.20000000,0
1506106978,22068569,259.41,5.50000000,0
1506106973,22068565,259.42,0.76933962,0
1506106973,22068564,259.25,0.00000500,0
1506106972,22068563,259.24,0.23000000,0
1506106969,22068560,259.25,0.99999500,0
1506106957,22068551,259.11,0.00000506,0
1506106956,22068548,259.11,0.83757000,0
1506106953,22068542,259.00,0.23000000,1
1506106952,22068541,259.11,0.16242494,0
1506106952,22068539,259.00,0.83757006,0
1506106950,22068534,259.00,9.35029800,0
1506106950,22068533,258.99,0.00000500,0
1506106950,22068530,258.99,0.22999500,0
1506106940,22068512,259.00,2.34117600,0
1506106940,22068511,259.00,46.48141100,0
1506106937,22068506,259.00,4.50826300,0
1506106935,22068504,259.00,5.67960500,0
1506106933,22068498,259.00,5.79910600,0
1506106930,22068490,259.00,5.00257094,0
1506106930,22068489,258.80,0.00000506,0
1506106930,22068488,258.79,0.00000500,0
1506106928,22068484,258.78,2.31857176,0
1506106926,22068477,258.79,0.29399500,1
1506106925,22068476,258.80,0.56986800,0
1506106874,22068449,258.36,3.04000000,0
1506106860,22068418,258.80,0.43012694,0
1506106858,22068415,258.28,0.22986682,1
1506106784,22068386,258.39,0.23000000,1
1506106784,22068385,258.40,0.54351073,1
1506106779,22068382,258.00,12.91124266,1
1506106778,22068381,258.01,9.63000000,1
1506106778,22068380,258.02,2.17475734,1
1506106778,22068378,258.10,4.84000000,1
1506106778,22068377,258.17,0.05000000,1
1506106778,22068376,258.33,0.29400000,1
1506106778,22068375,258.37,0.05000000,1
1506106778,22068374,258.52,0.05000000,1
1506106742,22068364,258.79,2.16778191,1
1506106739,22068359,258.79,1.29517348,0
1506106700,22068345,258.59,4.29142327,0
1506106586,22068315,258.59,4.19680688,0
1506106578,22068308,258.54,1.14350524,0
1506106575,22068307,258.60,1.00000000,0
1506106574,22068300,258.57,0.27588000,1
1506106566,22068293,258.59,1.61610800,0
1506106565,22068291,258.58,0.27580900,1
1506106563,22068288,258.57,0.28595401,0
1506106558,22068278,258.57,0.28557273,0
1506106555,22068270,258.50,1.00000000,0
1506106549,22068266,258.47,2.59352216,0
1506106548,22068263,258.01,0.00000520,0
1506106547,22068262,258.01,0.95532500,0
1506106541,22068260,258.01,3.36466980,0
1506106541,22068259,258.01,1.14350524,0
1506106525,22068249,258.01,0.54545827,0
1506106522,22068240,258.01,0.63997519,0
1506106497,22068232,258.01,0.16986530,0
1506106497,22068231,258.00,8.63119600,1
1506106493,22068230,258.00,4.84000000,1
1506106492,22068229,258.00,1.82000000,1
1506106489,22068227,258.01,8.87000000,1
1506106480,22068226,258.00,3.63119600,1
1506106480,22068225,258.01,5.00000000,1
1506106418,22068210,258.02,0.14425100,0
1506106417,22068209,258.02,2.44943800,0
1506106414,22068208,258.02,5.23056200,0
1506106397,22068206,258.02,0.23000000,1
1506106377,22068200,258.02,0.23000000,0
1506106376,22068198,258.16,0.23000000,1
1506106376,22068197,258.17,0.11694500,1
1506106299,22068170,258.40,0.07316820,0
1506106299,22068169,258.40,0.97999180,0
1506106294,22068154,258.40,0.02000820,0
1506106294,22068153,258.16,0.09693680,0
1506106289,22068147,257.89,1.43808160,0
1506106285,22068141,257.89,0.29191840,1
1506106280,22068140,257.89,0.23000000,1
1506106204,22068114,257.59,2.91207583,0
1506106203,22068109,257.59,4.93500000,0
1506106203,22068108,257.58,0.06500000,0
1506106201,22068105,257.58,0.23000000,0
1506106199,22068102,257.59,2.01760339,1
1506106198,22068101,257.59,4.30838398,1
1506106198,22068100,257.66,5.50000000,1
1506106198,22068099,257.90,0.09693680,1
1506106198,22068098,257.91,0.23000000,1
1506106098,22068008,257.90,0.02000000,1
1506106098,22068007,257.90,5.50000000,1
1506106098,22068006,257.91,3.81000000,1
1506106098,22068005,258.12,0.10000000,1
1506106098,22068004,258.24,5.00000000,1
1506106098,22068003,258.32,0.10000000,1
1506106098,22068001,258.47,0.10000000,1
1506106097,22068000,258.57,0.23000000,1
1506105831,22067904,258.49,1.76000000,0
1506105829,22067902,258.49,0.23000000,1
1506105828,22067900,258.48,4.97500000,1
1506105828,22067899,258.48,0.23000000,1
1506105828,22067898,258.49,0.29500000,1
1506105805,22067874,259.17,0.30690188,1
1506105792,22067863,258.80,0.29400000,0
1506105792,22067862,258.80,1.61480100,0
1506105792,22067861,258.62,0.09668679,0
1506105781,22067843,257.92,0.00139000,0
1506105780,22067841,258.34,1.99000000,1
1506105767,22067830,258.09,0.00385000,1
1506105767,22067829,258.34,5.50000000,1
1506105743,22067809,258.70,0.00013529,1
1506105742,22067808,258.70,0.74986471,1
1506105737,22067800,257.70,0.67327257,1
1506105737,22067799,258.00,5.00000000,1
1506105737,22067798,258.14,0.10000000,1
1506105737,22067797,258.14,0.10000000,1
1506105737,22067796,258.14,0.10000000,1
1506105737,22067795,258.14,0.10000000,1
1506105736,22067794,258.34,2.92132319,1
1506105736,22067792,258.34,0.06148776,1
1506105735,22067791,258.34,2.51718905,1
1506105735,22067790,258.35,0.00004064,1
1506105735,22067789,258.36,0.09668679,1
1506105726,22067783,258.35,0.22995936,1
1506105715,22067779,258.35,4.68805092,1
1506105682,22067750,258.35,3.90708300,1
1506105682,22067749,258.60,0.29389018,0
1506105681,22067747,258.61,2.94292773,0
1506105680,22067746,258.60,0.29400000,1
1506105678,22067744,258.61,1.36579627,0
1506105677,22067740,258.35,11.67000000,1
1506105677,22067739,258.37,7.70000000,1
1506105677,22067738,258.54,0.10000000,1
1506105676,22067737,258.54,0.10000000,1
1506105676,22067736,258.54,0.10000000,1
1506105676,22067735,258.54,0.10000000,1
1506105676,22067733,258.60,0.23000000,1
1506105660,22067719,259.27,1.36579627,0
1506105638,22067693,258.83,1.00000000,1
1506105638,22067689,258.84,7.38204986,1
1506105638,22067688,258.84,1.00000000,1
1506105638,22067687,258.89,0.10000000,1
1506105637,22067686,258.89,0.10000000,1
1506105637,22067685,258.89,0.10000000,1
1506105637,22067683,258.89,0.10000000,1
1506105637,22067681,258.98,0.91795014,1
1506105592,22067630,259.01,0.23000000,1
1506105572,22067600,259.00,1.81944934,0
1506105571,22067599,259.00,7.70000000,0
1506105569,22067597,259.00,7.70000000,0
1506105565,22067593,259.00,13.64630496,0
1506105565,22067592,259.07,0.13702860,1
1506105565,22067590,259.19,0.10000000,1
1506105564,22067589,259.19,0.10000000,1
1506105564,22067587,259.19,0.10000000,1
1506105564,22067586,259.19,0.10000000,1
1506105564,22067585,259.37,0.13721710,1
1506105564,22067584,259.44,0.10000000,1
1506105564,22067583,259.44,0.10000000,1
1506105564,22067582,259.44,0.03000000,1
1506105564,22067581,259.45,0.23000000,1
1506105548,22067565,259.97,0.37582501,0
1506105548,22067564,259.97,0.30760000,0
1506105520,22067524,259.44,0.07000000,1
1506105520,22067523,259.44,0.10000000,1
1506105520,22067522,259.45,0.30760000,1
1506105520,22067521,259.52,0.22000000,1
1506105520,22067520,259.54,0.22000000,1
1506105519,22067519,259.55,0.23000000,1
1506105508,22067514,259.56,2.30374357,1
1506105508,22067513,259.59,0.34000000,1
1506105505,22067510,259.64,0.10000000,1
1506105505,22067509,259.64,0.10000000,1
1506105505,22067508,259.64,0.10000000,1
1506105505,22067507,259.64,0.10000000,1
1506105505,22067506,259.64,0.76028346,1
1506105504,22067505,259.65,0.14000000,1
1506105504,22067504,259.69,0.23401918,1
1506105504,22067503,259.69,1.31044200,1
1506105504,22067502,259.70,0.99223787,1
1506105504,22067501,259.79,0.10000000,1
1506105504,22067500,259.79,0.10000000,1
1506105504,22067499,259.79,0.10000000,1
1506105504,22067498,259.79,0.10000000,1
1506105503,22067497,259.80,0.23000000,1
1506105282,22067391,259.89,2.36700000,1
1506105187,22067330,259.99,6.53593900,0
1506105173,22067317,259.99,3.92341000,0
1506105173,22067316,259.82,0.09051062,0
1506105172,22067315,259.82,5.24981738,1
1506105172,22067314,259.82,0.15967200,1
1506105172,22067312,259.82,4.84000000,1
1506105164,22067296,259.99,3.91726000,0
1506105164,22067294,259.99,1.28966866,0
1506105158,22067287,260.00,3.40291000,0
1506105158,22067286,259.99,3.03000000,0
1506105137,22067263,260.00,0.10000000,0
1506105137,22067262,260.00,0.04000000,0
1506105137,22067261,260.00,0.24669249,0
1506105137,22067260,259.98,3.60000000,0
1506105135,22067257,259.97,0.75025194,0
1506105135,22067256,259.97,0.85887206,0
1506105135,22067255,259.85,0.84438894,0
1506105130,22067247,259.85,3.73785300,0
1506105129,22067245,259.85,11.00000000,0
1506105128,22067239,259.85,5.48566640,0
1506105128,22067238,259.73,0.13702860,0
1506105127,22067234,259.70,3.45553882,0
1506105126,22067230,259.70,2.72229900,0
1506105126,22067229,259.70,1.12906100,0
1506105125,22067226,259.70,2.17101300,0
1506105125,22067223,259.70,1.52208793,0
1506105125,22067221,259.69,1.31044707,0
1506105102,22067180,259.69,1.00000000,0
1506105092,22067176,259.70,1.00000000,0
1506105067,22067169,259.71,0.00000025,1
1506105049,22067159,259.71,1.27942600,1
1506104994,22067139,259.71,0.11651655,1
1506104924,22067086,259.71,0.13702860,1
1506104904,22067081,259.71,0.13702860,1
1506104865,22067063,259.71,1.81000000,0
1506104862,22067061,259.71,2.47000000,0
1506104862,22067060,259.71,3.03000000,0
1506104858,22067058,259.50,1.35300500,0
1506104857,22067057,259.50,5.50000000,0
1506104856,22067056,259.50,4.84000000,0
1506104853,22067055,259.49,0.12879585,0
1506104589,22066978,259.50,0.30699500,0
1506104589,22066977,259.49,0.29300500,0
1506104429,22066937,259.00,0.42911419,1
1506104348,22066907,259.01,0.12879585,1
1506104322,22066900,259.20,1.00000000,1
1506104306,22066892,259.50,1.00000000,1
1506104223,22066850,258.88,3.03175803,1
1506104223,22066849,259.00,0.10000000,1
1506104222,22066848,259.07,0.13702860,1
1506104222,22066847,259.09,0.10045650,1
1506104222,22066845,259.29,0.29300000,1
1506104221,22066843,259.30,0.10000000,1
1506104221,22066842,259.37,0.13775687,1
1506104219,22066841,259.55,0.10000000,1
1506104073,22066785,259.66,0.10000000,0
1506104072,22066784,259.66,0.10000000,0
1506103804,22066669,260.00,0.20330751,0
1506103804,22066668,260.00,0.50000000,0
1506103804,22066667,260.00,0.50000000,0
1506103804,22066666,260.00,0.30000000,0
1506103804,22066665,260.00,0.60000000,0
1506103803,22066664,260.00,0.30000000,0
1506103803,22066663,260.00,4.00000000,0
1506103803,22066662,260.00,3.37119249,0
1506103803,22066661,259.99,1.09000000,0
1506103803,22066660,259.99,5.50000000,1
1506103802,22066659,259.88,0.03705602,0
1506103802,22066658,259.84,1.00000000,0
1506103802,22066657,259.83,1.00000000,0
1506103801,22066656,259.83,5.50000000,1
1506103801,22066655,259.69,1.61025900,0
1506103801,22066654,259.68,4.42000000,0
1506103800,22066653,259.52,2.22481900,0
1506103800,22066652,259.50,4.84000000,0
1506103799,22066651,259.49,6.24637222,1
1506103733,22066624,259.52,3.27518100,0
1506103727,22066619,259.51,1.61030200,0
1506103725,22066616,259.51,5.50000000,0
1506103725,22066615,259.50,10.45525367,0
1506103724,22066614,259.46,4.84000000,0
1506103724,22066613,259.42,0.01950000,0
1506103699,22066598,259.35,0.57718055,0
1506103699,22066597,259.25,0.18684546,0
1506103699,22066596,259.11,0.13978411,0
1506103684,22066582,259.10,7.44000000,0
1506103681,22066573,258.92,0.54003000,0
1506103676,22066570,258.92,0.13173386,0
1506103676,22066569,258.72,0.82840213,0
1506103673,22066568,258.72,1.00000000,0
1506103671,22066566,258.72,1.27486787,0
1506103669,22066564,259.04,1.04783808,0
1506103668,22066563,259.04,2.92230267,1
1506103668,22066562,259.04,0.17879820,1
1506103666,22066561,259.04,3.58202936,0
1506103666,22066560,259.00,1.00000000,0
1506103666,22066559,258.95,0.74417509,0
1506103665,22066557,258.95,0.86887291,0
1506103665,22066556,258.95,0.04804029,0
1506103647,22066542,258.48,0.00571000,1
1506103647,22066541,258.49,4.50000000,1
1506103640,22066534,258.86,1.55003940,0
1506103628,22066531,258.92,0.04776209,0
1506103616,22066525,258.90,1.61289403,0
1506103588,22066514,258.87,1.59776062,0
1506103578,22066490,258.78,0.13295326,0
1506103578,22066489,258.63,0.20380000,0
1506103576,22066488,258.63,0.33620000,0
1506103506,22066456,258.23,9.06867000,0
1506103506,22066455,258.88,0.22423000,1
1506103499,22066440,258.77,0.45997000,1
1506103498,22066436,258.89,1.79566611,0
1506103494,22066431,258.43,0.54035200,0
1506103438,22066388,258.87,0.77000000,0
1506103438,22066387,258.52,0.23000000,0
1506103337,22066343,258.28,0.09287791,1
1506103333,22066338,258.27,0.04776709,0
1506103332,22066335,258.27,0.26133291,0
1506103331,22066334,258.03,0.04776209,0
1506103328,22066330,258.02,0.29499500,0
1506103272,22066297,257.61,0.33393218,1
1506103260,22066288,257.80,0.29500000,0
1506103259,22066285,257.92,0.23000000,1
1506103251,22066280,257.55,4.74308428,1
1506103251,22066279,257.56,0.30910000,1
1506103250,22066278,257.91,1.20864000,1
1506103246,22066273,257.91,1.29982132,0
1506103241,22066261,257.53,4.21190168,1
1506103229,22066248,257.80,0.06834186,0
1506103227,22066246,257.80,8.00000000,1
1506103227,22066245,257.94,0.10000000,1
1506103227,22066244,258.02,0.10000000,1
1506103227,22066243,258.14,0.10000000,1
1506103227,22066242,258.22,0.10000000,1
1506103227,22066241,258.29,0.10000000,1
1506103226,22066240,258.37,0.10000000,1
1506103147,22066186,258.39,0.82452203,1
1506103126,22066173,258.39,1.11460878,1
1506103105,22066153,258.39,12.71621589,1
1506103105,22066152,258.47,0.13978411,1
1506103102,22066122,258.59,2.32055437,1
1506103102,22066111,258.61,1.31000000,1
1506103093,22066098,258.50,0.44000000,1
1506103044,22066057,258.94,0.48503426,0
1506103025,22066036,258.95,0.13952500,0
1506103010,22066020,258.94,0.82357584,0
1506102918,22065959,258.50,0.56000000,1
1506102769,22065905,258.39,2.17600000,1
1506102748,22065895,258.39,2.32234092,1
1506102735,22065893,258.39,12.14883335,1
1506102732,22065892,258.67,0.12461119,0
1506102720,22065885,258.67,0.30910000,0
1506102720,22065884,258.67,0.23000000,0
1506102717,22065881,258.39,0.67136689,1
1506102717,22065880,258.47,0.18756529,1
1506102709,22065873,259.02,0.10000000,0
1506102709,22065872,258.95,0.18721709,0
1506102709,22065871,258.69,0.23000000,0
1506102701,22065870,258.39,1.00000000,1
1506102698,22065869,258.40,1.61625700,0
1506102695,22065868,258.39,1.00000000,1
1506102692,22065867,258.39,0.29400000,1
1506102692,22065866,258.36,7.70000000,0
1506102691,22065865,258.35,8.85663417,0
1506102663,22065852,257.65,0.34743200,1
1506102660,22065850,257.56,3.87721700,1
1506102660,22065849,257.66,0.10000000,1
1506102660,22065848,257.86,0.09962300,1
1506102659,22065847,257.92,0.29400000,1
1506102659,22065846,257.93,0.23000000,1
1506102655,22065844,257.86,0.00037700,1
1506102654,22065843,257.91,0.30910000,1
1506102654,22065842,257.91,0.23000000,1
1506102633,22065834,257.87,0.07880000,1
1506102633,22065833,258.08,0.23000000,1
1506102631,22065832,257.87,7.16321752,0
1506102629,22065831,258.01,0.10000000,1
1506102629,22065830,258.03,0.20678248,1
1506102628,22065829,258.07,0.23000000,1
1506102580,22065808,258.03,10.83050000,1
1506102580,22065807,258.03,12.07000000,1
1506102579,22065806,258.03,10.00000000,1
1506102579,22065805,258.04,0.23000000,1
1506102577,22065804,258.05,7.38703322,1
1506102560,22065802,258.22,7.33877500,0
1506102544,22065795,258.31,0.61876656,0
1506102542,22065793,258.31,2.08098700,0
1506102541,22065792,258.31,0.30880000,0
1506102540,22065791,258.31,2.07842113,1
1506102540,22065790,258.47,0.18721709,1
1506102538,22065789,258.97,4.83355821,0
1506102538,22065788,258.95,0.18686888,0
1506102537,22065787,258.77,0.10000000,0
1506102537,22065786,258.57,0.10000000,0
1506102537,22065785,258.42,0.10000000,0
1506102411,22065751,258.03,0.30830000,0
1506102402,22065749,258.04,0.54832904,0
1506102392,22065746,258.04,0.29545001,0
1506102390,22065743,258.04,0.24999996,0
1506102387,22065738,258.04,5.08874498,0
1506102385,22065737,258.04,4.10115657,0
1506102384,22065735,258.17,0.10000000,1
1506102383,22065734,258.32,0.10000000,1
1506102383,22065733,258.47,0.18686888,1
1506102383,22065732,258.77,0.18684546,1
1506102373,22065727,259.35,3.79923383,0
1506102373,22065726,259.34,1.21289326,0
1506102373,22065725,259.34,0.30830000,0
1506102350,22065698,258.88,0.30830000,1
1506102348,22065695,258.91,0.23000000,1
1506102275,22065624,259.05,1.61362000,0
1506102264,22065616,258.83,5.00046362,0
1506102264,22065615,258.83,5.00000000,0
1506102261,22065613,258.86,0.15623460,1
1506102261,22065611,258.88,0.23000000,1
1506102261,22065610,258.88,0.38623460,1
1506102261,22065609,258.90,0.23000000,1
1506102232,22065594,259.25,0.18688411,0
1506102176,22065566,258.50,16.77991453,1
1506102176,22065565,258.73,0.10000000,1
1506102176,22065564,258.74,0.38644356,1
1506102176,22065562,258.76,2.31675780,1
1506102176,22065561,258.77,0.18688411,1
1506102176,22065560,258.85,0.23000000,1
1506102173,22065554,259.38,2.89683090,0
1506102166,22065543,259.38,1.43218600,0
1506102165,22065542,259.33,0.10000000,0
1506102157,22065534,259.32,1.82612500,0
1506102157,22065533,259.32,8.65204400,0
1506102156,22065532,259.32,1.53183100,0
1506102155,22065530,259.08,0.00000325,0
1506102155,22065529,259.08,0.09999675,0
1506102154,22065528,258.89,0.04305325,0
1506102154,22065527,258.88,0.10000000,0
1506102146,22065520,258.73,0.10000000,0
1506102129,22065508,258.89,0.14412813,0
1506102129,22065507,258.75,0.04305325,0
1506102126,22065502,258.75,0.29151100,0
1506101847,22065398,258.34,1.00000000,0
1506101846,22065396,258.30,1.00000000,0
1506101824,22065392,258.00,0.10000000,1
1506101710,22065359,258.05,1.35532700,0
1506101708,22065355,257.73,2.46226651,0
1506101707,22065352,257.73,1.12838449,0
1506101704,22065350,257.73,0.05000000,0
1506101704,22065349,257.73,1.12934900,0
1506101703,22065348,257.73,5.00000000,0
1506101703,22065347,257.78,0.23000000,1
1506101686,22065341,258.15,1.21257008,1
1506101685,22065340,258.14,7.70000000,0
1506101685,22065339,258.14,0.17181715,0
1506101684,22065338,258.14,2.15250299,0
1506101684,22065334,258.13,2.32432014,0
1506101672,22065311,258.15,1.00000000,0
1506101670,22065306,258.15,0.19891477,0
1506101668,22065305,258.15,6.07378000,0
1506101668,22065303,258.14,0.19400000,0
1506101666,22065301,258.13,0.19399500,0
1506101599,22065236,257.25,3.56168409,0
1506101598,22065235,257.25,12.01000000,1
1506101598,22065234,257.26,1.76383192,1
1506101598,22065233,257.47,0.10000000,1
1506101598,22065232,257.50,2.00000000,1
1506101598,22065231,257.72,0.23000000,1
1506101531,22065186,257.54,0.13448399,1
1506101530,22065185,257.72,0.10000000,1
1506101530,22065184,258.20,0.10000000,1
1506101498,22065158,257.92,0.10000000,1
1506101398,22065118,258.02,0.42911419,0
1506101302,22065086,258.07,0.10000000,0
1506101259,22065078,258.17,1.93283495,0
1506101254,22065076,257.51,0.23000000,1
1506101033,22065014,257.72,0.29400000,0
1506101032,22065012,257.98,1.60102023,1
1506101029,22065011,257.98,0.10000000,1
1506101027,22065009,257.98,3.13000000,0
1506101026,22065008,257.71,3.26396658,0
1506101026,22065007,257.71,1.73602842,0
1506101026,22065006,257.71,1.46141415,0
1506101026,22065005,257.58,1.65675300,0
1506101026,22065004,257.57,1.51460001,0
1506101026,22065003,257.55,5.53621761,0
1506101025,22065001,257.57,0.10448399,0
1506101025,22065000,257.56,0.23000000,0
1506100934,22064898,257.56,1.38769400,1
1506100934,22064896,257.24,0.23000000,0
1506100922,22064878,257.24,0.23000000,0
1506100917,22064861,256.81,6.82391161,1
1506100911,22064852,257.23,0.99999675,0
1506100911,22064851,257.04,0.00000325,0
1506100909,22064848,257.06,3.57245000,1
1506100906,22064840,257.05,0.23000000,0
1506100763,22064723,256.82,0.23000000,1
1506100687,22064682,256.80,0.08708521,1
1506100687,22064681,256.85,0.01958341,1
1506100687,22064680,256.97,0.18718138,1
1506100687,22064679,257.02,0.10000000,1
1506100631,22064635,257.27,0.10000000,1
1506100631,22064634,257.28,6.16214057,1
1506100631,22064633,257.28,0.11144700,1
1506100630,22064632,257.47,0.10000000,1
1506100588,22064601,257.62,0.10000000,1
1506100579,22064595,257.63,2.13000000,0
1506100578,22064593,257.63,1.00000000,1
1506100571,22064580,257.63,1.29858085,0
1506100561,22064566,257.65,1.00000000,1
1506100554,22064561,257.63,0.90327100,1
1506100554,22064560,257.63,0.10000000,1
1506100543,22064538,257.87,0.22319912,0
1506100504,22064453,257.64,0.10000000,1
1506100427,22064403,257.74,0.23000000,1
1506100297,22064365,257.65,0.23000000,1
1506100296,22064363,257.66,0.23000000,0
1506100212,22064299,257.36,3.71500000,0
1506100192,22064287,257.49,1.00000000,0
1506100179,22064284,257.49,1.00000000,0
1506100072,22064240,257.49,0.14268527,0
1506099980,22064166,257.49,0.42094828,0
1506099979,22064165,257.48,7.27905172,0
1506099930,22064154,257.57,1.29737749,0
1506099927,22064149,257.00,0.27000000,1
1506099926,22064148,257.00,3.18512180,0
1506099924,22064144,257.00,2.15095657,0
1506099923,22064141,257.10,3.00000000,1
1506099923,22064140,257.13,0.10000000,1
1506099923,22064139,257.15,1.33392163,1
1506099923,22064138,257.16,0.23000000,1
1506099883,22064120,257.29,0.27000000,1
1506099883,22064119,257.38,0.10000000,1
1506099881,22064117,257.39,0.23000000,1
1506099851,22064102,257.45,0.23000000,1
1506099809,22064065,257.58,0.10000000,1
1506099809,22064064,257.73,0.10000000,1
1506099797,22064060,257.74,2.07587784,1
1506099759,22064027,257.78,0.39140000,1
1506099741,22064017,257.75,1.00000000,1
1506099719,22064001,257.29,0.42959500,1
1506099689,22063986,257.73,1.07082000,1
1506099508,22063910,257.97,0.10000000,0
1506099508,22063909,257.82,0.10000000,0
1506099357,22063843,257.42,0.10000000,1
1506099215,22063789,257.51,1.00000000,1
1506098982,22063709,257.43,0.00012425,0
1506098982,22063708,257.60,0.10000000,1
1506098982,22063707,257.75,0.10000000,1
1506098981,22063706,257.76,0.23000000,1
1506098961,22063694,257.72,2.32810802,0
1506098855,22063656,257.77,0.18848000,0
1506098855,22063655,257.76,0.23000000,0
1506098849,22063653,257.79,0.65167487,1
1506098849,22063651,257.78,0.03880413,0
1506098836,22063646,257.81,4.84000000,0
1506098786,22063610,257.28,0.10000000,0
1506098775,22063597,257.28,0.10000000,1
1506098774,22063596,257.29,0.23000000,1
1506098724,22063546,257.58,0.10000000,1
1506098724,22063545,257.60,0.77999353,1
1506098722,22063543,257.59,0.23000000,0
1506098721,22063542,257.60,0.23000000,1
1506098705,22063529,257.78,0.10000000,0
1506098705,22063528,257.78,0.10000000,0
1506098705,22063526,257.78,0.10000000,0
1506098696,22063514,257.01,3.76693599,1
1506098696,22063513,257.10,3.48000000,1
1506098696,22063511,257.10,0.54000000,1
1506098695,22063510,257.10,1.29795905,0
1506098695,22063509,257.11,13.64630496,0
1506098695,22063508,257.11,0.03880000,0
1506098694,22063503,257.73,0.23000000,1
1506098676,22063484,258.20,0.00192256,1
1506098672,22063480,257.91,2.75276744,0
1506098660,22063468,257.96,0.30909587,0
1506098652,22063457,257.97,1.66632000,0
1506098645,22063444,258.08,5.50000000,1
1506098645,22063443,258.09,3.13964100,1
1506098645,22063442,258.09,1.75669800,1
1506098645,22063441,258.10,0.30910000,1
1506098641,22063436,258.10,1.33916500,1
1506098640,22063435,258.11,1.24000000,1
1506098639,22063433,258.10,1.48381339,1
1506098639,22063431,258.11,3.41252561,1
1506098639,22063430,258.11,1.58747439,1
1506098639,22063429,258.67,3.91252561,1
1506098638,22063428,258.67,0.10000000,0
1506098634,22063417,258.10,0.36107401,1
1506098634,22063416,258.11,1.29600178,1
1506098634,22063414,258.11,0.10000000,1
1506098633,22063413,258.15,1.90292421,1
1506098633,22063412,258.26,0.10000000,1
1506098629,22063408,258.62,10.06480900,1
1506098628,22063407,258.62,9.22225302,0
1506098602,22063366,258.64,0.37063661,0
1506098539,22063304,258.28,3.45276744,1
1506098528,22063300,258.13,0.40639440,1
1506098528,22063299,258.14,4.84000000,1
1506098528,22063298,258.19,0.23000000,1
1506098528,22063297,258.23,5.00000000,1
1506098398,22063191,259.21,0.99000000,0
1506098397,22063188,259.23,5.50000000,0
1506098386,22063178,259.81,0.99472691,1
1506098385,22063177,259.42,0.01950000,0
1506098385,22063176,259.41,5.50000000,1
1506098385,22063174,259.39,0.19280000,0
1506098384,22063173,259.33,1.04967172,0
1506098384,22063172,259.33,4.61338400,1
1506098384,22063171,259.26,3.14000000,1
1506098383,22063170,259.22,0.50000000,0
1506098383,22063169,259.17,1.61286900,0
1506098382,22063168,259.16,0.30850000,1
1506098382,22063167,259.11,0.03716590,0
1506098382,22063166,259.00,0.07400000,0
1506098380,22063164,258.91,1.20000000,0
1506098373,22063163,258.12,7.13012219,1
1506098373,22063162,258.35,0.30850000,1
1506098286,22063113,258.78,0.46000000,0
1506098285,22063112,258.78,4.84000000,0
1506098285,22063110,258.78,2.11000000,0
1506098285,22063109,258.78,7.70000000,0
1506098157,22063040,258.03,3.05915000,1
1506098156,22063038,258.03,0.78139900,1
1506098134,22063016,258.46,0.38593980,0
1506098100,22062991,258.47,2.11332404,0
1506098100,22062990,258.34,0.00000360,0
1506098043,22062940,258.32,1.29554005,0
1506098040,22062929,258.34,0.03727284,0
1506098040,22062928,258.26,0.07446016,0
1506098040,22062927,258.21,4.84000000,0
1506098040,22062926,258.15,1.25329700,0
1506098037,22062922,258.14,5.41391863,1
1506097987,22062854,258.15,3.41270700,0
1506097986,22062852,258.15,0.83399600,0
1506097986,22062851,258.11,4.84000000,0
1506097986,22062850,258.09,1.75670300,0
1506097983,22062842,258.09,1.25329700,0
1506097974,22062831,258.08,12.81643000,0
1506097973,22062828,258.08,1.89726000,0
1506097971,22062821,258.08,4.83999431,0
1506097970,22062819,258.10,5.49999500,0
1506097970,22062818,258.10,1.61627400,0
1506097961,22062810,258.01,3.34125660,0
1506097960,22062809,258.01,2.90489200,0
1506097959,22062808,258.01,2.90489200,0
1506097952,22062800,258.01,0.30052500,0
1506097946,22062796,258.01,0.01930158,0
1506097764,22062636,258.04,1.15489300,0
1506097761,22062631,258.03,4.84000000,0
1506097761,22062630,258.00,0.84000000,0
1506097761,22062628,258.00,0.15000000,0
1506097761,22062627,257.72,0.23000000,0
1506097718,22062591,257.54,0.01970000,0
1506097718,22062590,257.50,0.07467966,0
1506097718,22062589,257.40,1.42443898,0
1506097718,22062588,257.39,0.23000000,0
1506097704,22062580,257.40,0.89939102,0
1506097704,22062579,257.39,0.30000000,0
1506097697,22062577,257.17,1.20108585,0
1506097584,22062536,257.16,1.90000000,1
1506097560,22062528,257.16,0.23000000,0
1506097352,22062430,257.17,1.91000000,0
1506097328,22062419,257.40,4.27617000,0
1506097327,22062418,257.38,7.70000000,0
1506097327,22062417,257.38,7.79383000,0
1506097327,22062416,257.04,0.23000000,0
1506097311,22062400,256.73,4.23670000,0
1506097180,22062345,256.74,0.30000000,0
1506097036,22062265,256.56,1.60809075,0
1506097032,22062251,256.56,1.30132078,0
1506097029,22062235,256.56,16.73439700,0
1506097013,22062214,256.56,2.67941200,0
1506097012,22062213,256.55,0.23000000,0
1506097002,22062207,256.56,3.13840700,0
1506097002,22062206,256.55,0.23000000,0
1506096984,22062196,256.56,0.84590940,0
1506096984,22062195,256.55,0.23000000,0
1506096948,22062185,256.54,1.10000000,1
1506096899,22062155,256.54,6.00000000,1
1506096876,22062143,256.90,0.07080000,0
1506096874,22062142,256.90,0.03031600,0
1506096874,22062141,256.89,0.23000000,0
1506096866,22062137,256.90,9.99479581,0
1506096866,22062136,256.89,0.23000000,0
1506096855,22062091,256.21,0.89780430,1
1506096855,22062090,256.34,1.96409570,1
1506096855,22062088,256.37,7.70000000,0
1506096854,22062086,256.37,7.70000000,0
1506096853,22062085,256.37,7.70000000,1
1506096737,22062042,256.52,0.19169000,1
1506096717,22062015,256.90,0.02000000,1
1506096693,22062003,256.90,0.88660600,1
1506096691,22062002,256.90,0.01980000,1
1506096690,22062000,256.90,1.29257054,1
1506096672,22061976,256.90,0.65210931,0
1506096672,22061975,256.89,0.23000000,0
1506096667,22061971,256.90,8.90004700,0
1506096667,22061969,256.69,0.10000000,0
1506096667,22061967,256.44,0.00000500,0
1506096666,22061965,256.44,0.09999500,0
1506096663,22061960,256.42,0.00722865,0
1506096643,22061945,256.42,0.22248498,0
1506096643,22061944,256.41,0.07751500,0
1506096632,22061937,256.41,0.15248500,0
1506096620,22061931,256.42,0.17896900,0
1506096619,22061930,256.41,0.23000000,0
1506096609,22061915,256.42,11.73300200,0
1506096608,22061914,256.41,0.23000000,0
1506096558,22061897,256.42,0.00012425,0
1506096558,22061896,256.24,0.10000000,0
1506096558,22061895,256.09,0.10000000,0
1506096556,22061894,256.08,0.23000000,0
1506096534,22061886,255.94,2.82931229,1
1506096497,22061859,256.42,0.69477300,0
1506096493,22061857,256.49,1.26702200,1
1506096487,22061854,256.49,1.62297800,0
1506096484,22061851,256.43,0.23000000,1
1506096483,22061850,256.42,2.61000000,0
1506096470,22061841,255.70,0.69383000,1
1506096470,22061840,256.43,18.25067196,0
1506096470,22061839,256.42,1.74932804,0
1506096455,22061826,255.74,0.23001357,0
1506096454,22061824,255.74,0.39047247,0
1506096452,22061821,255.74,1.74932804,0
1506096452,22061819,256.04,0.03920719,1
1506096451,22061816,256.04,0.34079281,1
1506096451,22061815,256.06,0.02000000,1
1506096451,22061813,256.06,0.02000000,1
1506096451,22061812,256.06,0.02000000,1
1506096451,22061811,256.06,0.02000000,1
1506096451,22061807,256.06,0.02000000,1
1506096450,22061806,256.06,0.02000000,1
1506096450,22061805,256.06,0.02000000,1
1506096450,22061804,256.06,0.02000000,1
1506096450,22061802,256.08,0.66599119,1
1506096447,22061791,256.08,1.67703600,1
1506096425,22061765,256.36,0.02000000,1
1506096425,22061764,256.36,0.02000000,1
1506096425,22061763,256.36,0.02000000,1
1506096425,22061762,256.36,0.02000000,1
1506096425,22061761,256.36,0.02000000,1
1506096424,22061759,256.36,0.02000000,1
1506096424,22061758,256.36,0.02000000,1
1506096424,22061757,256.36,0.02000000,1
1506096424,22061756,256.36,0.02000000,1
1506096424,22061755,256.36,0.02000000,1
1506096424,22061754,256.36,0.02000000,1
1506096424,22061753,256.36,0.02000000,1
1506096424,22061752,256.36,0.02000000,1
1506096424,22061751,256.36,0.02000000,1
1506096423,22061750,256.36,0.02000000,1
1506096423,22061749,256.36,0.02000000,1
1506096423,22061748,256.36,0.02000000,1
1506096423,22061745,256.36,0.02000000,1
1506096423,22061744,256.36,0.02000000,1
1506096415,22061740,256.70,3.46798200,1
1506096415,22061739,256.69,4.53201800,0
1506096411,22061737,256.61,0.02000000,1
1506096411,22061736,256.61,0.02000000,1
1506096411,22061735,256.61,0.02000000,1
1506096410,22061733,256.61,0.02000000,1
1506096410,22061732,256.61,0.02000000,1
1506096410,22061731,256.61,0.02000000,1
1506096410,22061730,256.61,0.02000000,1
1506096410,22061729,256.61,0.02000000,1
1506096410,22061728,256.61,0.02000000,1
1506096410,22061727,256.61,0.02000000,1
1506096409,22061725,256.61,0.02000000,1
1506096409,22061724,256.61,0.02000000,1
1506096409,22061722,256.61,0.02000000,1
1506096409,22061721,256.61,0.02000000,1
1506096409,22061720,256.61,0.02000000,1
1506096390,22061709,256.61,0.02000000,1
1506096390,22061708,256.61,0.02000000,1
1506096390,22061707,256.61,0.02000000,1
1506096390,22061706,256.61,0.02000000,1
1506096384,22061683,256.81,0.02000000,1
1506096384,22061681,256.81,0.02000000,1
1506096384,22061680,256.81,0.02000000,1
1506096384,22061679,256.81,0.02000000,1
1506096384,22061678,256.81,0.02000000,1
1506096383,22061677,256.81,0.02000000,1
1506096383,22061676,256.81,0.02000000,1
1506096383,22061674,256.81,0.02000000,1
1506096383,22061673,256.81,0.02000000,1
1506096383,22061672,256.81,0.02000000,1
1506096383,22061671,256.81,0.02000000,1
1506096383,22061670,256.81,0.02000000,1
1506096382,22061669,256.81,0.02000000,1
1506096382,22061668,256.81,0.02000000,1
1506096382,22061666,256.81,0.02000000,1
1506096382,22061665,256.81,0.02000000,1
1506096382,22061664,256.81,0.02000000,1
1506096382,22061663,256.81,0.02000000,1
1506096382,22061661,256.81,0.02000000,1
1506096348,22061641,256.90,1.54000000,0
1506096346,22061638,256.90,2.33000000,0
1506096336,22061634,256.95,0.02000000,0
1506096334,22061631,256.95,0.02000000,0
1506096333,22061630,256.95,0.02000000,0
1506096331,22061628,256.95,0.02000000,0
1506096329,22061627,256.87,0.02000000,0
1506096328,22061625,256.87,0.02000000,0
1506096327,22061624,256.87,0.02000000,0
1506096325,22061623,256.87,0.02000000,0
1506096323,22061621,256.87,0.02000000,0
1506096323,22061620,256.87,0.02000000,0
1506096321,22061617,256.96,0.02000000,1
1506096320,22061616,256.88,0.96000000,0
1506096320,22061615,256.88,0.02000000,0
1506096318,22061612,256.88,0.02000000,0
1506096317,22061610,256.88,0.02000000,0
1506096315,22061609,256.88,0.02000000,0
1506096313,22061607,256.88,0.02000000,0
1506096312,22061605,256.88,0.02000000,0
1506096311,22061603,256.88,0.02000000,0
1506096309,22061602,256.92,0.02000000,0
1506096308,22061601,256.92,0.02000000,0
1506096308,22061600,256.92,1.09000000,0
1506096302,22061557,256.92,9.55215631,0
1506096298,22061552,257.06,0.85525279,1
1506096297,22061551,257.06,7.70000000,1
1506096290,22061548,256.73,0.08000000,1
1506096289,22061546,256.74,0.07490046,0
1506096288,22061544,256.73,0.23000000,0
1506096275,22061523,256.71,3.10000000,0
1506096275,22061522,256.49,6.11423600,0
1506096267,22061507,256.43,3.06106896,1
1506096267,22061503,256.43,7.70000000,1
1506096266,22061501,256.42,7.95800000,0
1506096266,22061500,256.35,2.34055003,0
1506096266,22061499,255.98,0.07512257,0
1506096266,22061498,255.97,0.00000565,0
1506096265,22061495,255.97,0.22999435,0
1506096234,22061456,255.50,11.45219155,0
1506096233,22061454,255.50,20.74650702,0
1506096226,22061448,255.50,10.87478915,0
1506096225,22061447,255.50,30.00000000,0
1506096222,22061442,255.50,0.99999995,0
1506096220,22061441,255.50,73.58200000,0
1506096212,22061440,255.50,1.00000000,0
1506096211,22061439,255.50,1.00000000,0
1506096211,22061438,255.50,1.00000000,0
1506096210,22061437,255.50,1.00000000,0
1506096210,22061436,255.50,1.00000000,0
1506096209,22061435,255.50,1.00000000,0
1506096207,22061434,255.50,1.00000000,0
1506096207,22061432,255.50,1.00000000,0
1506096206,22061431,255.50,0.31000000,0
1506096206,22061430,255.49,0.69000000,0
1506096205,22061428,255.49,1.00000000,0
1506096204,22061427,255.49,1.00000000,0
1506096203,22061426,255.49,1.00000000,0
1506096201,22061425,255.43,1.00000000,1
1506096193,22061423,255.49,1.00000000,0
1506096184,22061419,255.42,0.29700000,0
1506096183,22061418,255.41,7.70000000,0
1506096075,22061386,254.49,0.35911000,1
1506096040,22061371,255.15,0.07924872,0
1506096038,22061369,255.14,3.24434600,0
1506096022,22061360,254.82,6.52431195,0
1506096019,22061355,254.82,1.24383000,0
1506096011,22061350,254.84,0.41585805,0
1506095988,22061329,254.26,3.95600000,1
1506095970,22061313,254.15,0.88400000,1
1506095959,22061304,254.31,0.33448399,1
1506095958,22061303,254.29,0.00000005,0
1506095953,22061299,254.29,2.91283500,0
1506095951,22061296,254.29,0.46269983,0
1506095950,22061295,254.32,0.10000000,1
1506095939,22061290,254.99,4.84000000,0
1506095926,22061271,252.88,2.70300000,1
1506095926,22061269,254.98,0.29700000,1
1506095925,22061266,255.11,0.23286598,1
1506095924,22061264,255.11,5.50000000,1
1506095922,22061258,255.50,4.04350615,0
1506095919,22061246,255.50,33.03317106,0
1506095919,22061245,255.47,4.84000000,0
1506095919,22061244,255.24,0.59000000,0
1506095919,22061243,255.11,5.35263100,0
1506095919,22061242,254.07,2.96000000,0
1506095919,22061241,254.07,0.31330000,0
1506095918,22061240,250.00,1.86792268,1
1506095918,22061239,250.00,0.20000000,1
1506095918,22061238,250.00,12.00000000,1
1506095918,22061236,250.00,0.25000000,1
1506095918,22061235,250.00,0.02600000,1
1506095918,22061233,250.00,1.62602300,0
1506095917,22061231,250.12,4.03005432,1
1506095917,22061228,250.12,0.96994568,1
1506095917,22061226,250.96,6.75733114,1
1506095917,22061225,250.96,1.69281957,1
1506095917,22061224,250.96,1.14272259,0
1506095916,22061223,250.97,0.99000000,1
1506095916,22061221,251.00,5.00000000,1
1506095916,22061220,251.00,0.20000000,1
1506095916,22061219,251.00,0.84000000,1
1506095916,22061218,251.00,0.15000000,1
1506095915,22061217,251.00,1.50000000,0
1506095915,22061215,251.01,0.05051592,1
1506095915,22061212,251.10,0.25000000,1
1506095915,22061210,251.10,3.00000000,1
1506095914,22061208,251.10,1.00000000,0
1506095914,22061207,251.10,0.39357683,0
1506095914,22061205,251.27,0.02005810,1
1506095914,22061204,251.33,0.19890000,1
1506095913,22061202,251.33,5.02000000,0
1506095913,22061199,251.56,0.20000000,1
1506095913,22061198,252.00,0.20000000,1
1506095913,22061197,252.00,0.07400000,1
1506095913,22061196,252.00,3.68711777,0
1506095912,22061195,252.01,1.50000000,1
1506095912,22061194,252.17,0.03727644,1
1506095912,22061193,252.17,5.00682000,0
1506095912,22061192,252.27,0.25000000,1
1506095911,22061190,252.39,1.09000000,1
1506095911,22061188,252.40,110.98000000,1
1506095911,22061187,252.40,5.50000000,0
1506095910,22061186,252.76,0.54000000,0
1506095910,22061184,252.92,0.03716590,1
1506095910,22061183,252.92,0.07512257,1
1506095910,22061182,252.92,5.50000000,0
1506095909,22061180,253.00,0.20000000,1
1506095909,22061179,253.00,0.30000000,1
1506095909,22061178,253.00,0.50000000,1
1506095909,22061176,253.00,0.30000000,1
1506095909,22061174,253.00,0.45000000,1
1506095909,22061173,253.00,0.04000000,1
1506095909,22061172,253.00,0.50000000,1
1506095909,22061171,253.00,4.00000000,1
1506095908,22061169,253.00,0.10000000,1
1506095908,22061168,253.00,5.00000000,1
1506095908,22061167,253.00,0.60000000,1
1506095908,22061166,253.00,5.50000000,0
1506095908,22061165,253.00,0.18815800,0
1506095908,22061162,253.01,0.05000000,1
1506095907,22061160,253.13,0.01987121,1
1506095907,22061159,253.13,5.50000000,0
1506095907,22061157,253.21,0.54000000,1
1506095907,22061155,253.21,17.38015584,0
1506095906,22061152,253.22,1.22000000,1
1506095906,22061151,253.28,0.25000000,1
1506095906,22061149,253.28,5.50000000,0
1506095906,22061147,253.28,8.71771700,0
1506095906,22061146,253.28,9.60472700,0
1506095906,22061144,253.28,2.56624000,0
1506095905,22061142,253.30,0.25000000,1
1506095905,22061139,253.33,2.81523798,1
1506095904,22061137,253.33,18.09499800,0
1506095904,22061134,253.57,5.50000000,1
1506095904,22061131,253.67,0.03705602,1
1506095904,22061130,253.67,0.07490046,1
1506095903,22061124,253.88,2.00000000,1
1506095903,22061119,253.89,6.06000000,1
1506095903,22061116,254.00,1.24494344,1
1506095903,22061115,254.00,0.39357683,0
1506095902,22061112,254.00,9.00198000,0
1506095902,22061111,254.04,1.62450300,1
1506095902,22061110,254.04,5.70203471,0
1506095902,22061108,254.08,5.92658000,0
1506095902,22061106,254.08,5.00000000,0
1506095901,22061105,254.08,2.98064800,0
1506095900,22061101,254.08,0.31330000,1
1506095900,22061100,254.08,0.10000000,1
1506095881,22061070,254.58,0.27654000,1
1506095873,22061058,254.97,0.39582400,1
1506095868,22061049,254.58,1.40371500,1
1506095867,22061044,254.58,0.22000000,1
1506095864,22061040,255.00,16.47818784,1
1506095856,22061036,255.00,1.99548382,1
1506095837,22061026,255.00,4.23000000,1
1506095833,22061017,255.00,0.75000000,1
1506095832,22061016,255.01,0.20039215,0
1506095829,22061011,255.00,1.75000000,1
1506095826,22061002,255.00,3.48135791,1
1506095815,22060984,255.00,20.00000000,1
1506095815,22060983,255.00,20.00000000,1
1506095815,22060982,255.00,3.00000000,1
1506095810,22060980,255.01,4.41000000,1
1506095806,22060979,255.46,0.20102967,0
1506095796,22060974,255.01,0.70000000,1
1506095781,22060966,255.01,1.00000000,1
1506095780,22060965,255.01,1.00000000,1
1506095770,22060960,255.00,1.00000000,1
1506095770,22060959,255.00,1.00000000,1
1506095768,22060955,255.00,30.00000000,1
1506095758,22060948,255.00,1.40000000,1
1506095746,22060936,255.49,0.20196485,0
1506095717,22060902,255.49,0.20278680,0
1506095711,22060893,255.49,0.65138581,0
1506095693,22060855,255.49,0.31003170,0
1506095690,22060841,255.49,0.20322242,0
1506095687,22060831,255.00,25.00000000,1
1506095687,22060830,255.04,5.00000000,1
1506095666,22060786,255.00,19.91497043,1
1506095666,22060784,255.01,1.62300200,1
1506095666,22060783,255.02,5.72404082,1
1506095666,22060782,255.08,0.39198777,1
1506095666,22060780,255.11,2.34599898,1
1506095637,22060753,255.49,0.33448399,0
1506095628,22060743,255.08,7.64225880,0
1506095628,22060741,255.12,0.05774120,1
1506095616,22060734,255.12,0.17225880,1
1506095614,22060732,255.49,0.50029355,0
1506095588,22060708,255.49,0.50254403,0
1506095582,22060696,255.49,0.20438356,1
1506095581,22060694,255.50,1.97632041,0
1506095581,22060693,255.49,1.14000000,0
1506095548,22060668,255.50,0.15135029,0
1506095547,22060653,255.50,0.22700587,0
1506095547,22060634,255.50,0.15135029,0
1506095546,22060615,255.50,4.69323800,0
1506095545,22060602,255.50,5.23563100,0
1506095545,22060601,255.49,1.36000000,0
1506095545,22060600,255.48,0.23000000,0
1506095537,22060596,255.50,4.91428571,0
1506095536,22060592,255.49,3.52465771,0
1506095532,22060591,255.50,8.49663403,0
1506095532,22060589,255.50,2.56544031,0
1506095530,22060586,255.50,10.41119373,0
1506095530,22060584,255.49,1.62000000,0
1506095528,22060579,255.50,1.98164383,0
1506095527,22060577,255.50,26.86199609,0
1506095526,22060576,255.50,2.92508806,0
1506095526,22060569,255.50,1.67945205,0
1506095525,22060567,255.50,2.24604000,0
1506095521,22060550,255.50,35.94758359,0
1506095520,22060546,255.49,1.24452055,0
1506095519,22060545,255.49,0.20547945,0
1506095511,22060531,255.50,3.45377689,0
1506095508,22060526,255.50,22.34617900,0
1506095508,22060525,255.49,0.40000000,0
1506095502,22060517,255.50,0.17584200,0
1506095502,22060516,255.50,3.45150684,0
1506095493,22060487,255.49,0.48000000,0
1506095488,22060480,255.50,0.20610567,0
1506095486,22060478,255.50,12.87218792,0
1506095485,22060475,255.50,2.53870800,0
1506095484,22060474,255.50,1.27239800,0
1506095484,22060473,255.50,3.46544300,0
1506095483,22060472,255.50,52.32169900,0
1506095481,22060466,255.50,4.13647235,0
1506095480,22060465,255.50,6.29282000,0
1506095478,22060458,255.50,4.94582600,0
1506095476,22060457,255.50,2.39720264,0
1506095473,22060454,255.50,0.31972500,0
1506095470,22060451,255.50,0.19469614,0
1506095462,22060439,255.50,1.01279200,0
1506095460,22060433,255.50,0.23538000,0
1506095459,22060428,255.50,2.61256930,0
1506095458,22060426,255.50,5.00000000,0
1506095457,22060422,255.50,15.97912029,0
1506095456,22060421,255.50,4.02087971,0
1506095451,22060418,255.44,2.20000000,0
1506095451,22060416,255.44,5.50000000,0
1506095449,22060409,255.43,5.00000000,0
1506095449,22060408,255.43,2.69285787,0
1506095447,22060407,255.45,2.97714213,1
1506095446,22060406,255.43,2.02285787,0
1506095446,22060405,255.44,5.31395000,1
1506095446,22060404,255.44,0.11319213,1
1506095446,22060403,255.44,0.25000000,1
1506095445,22060400,255.50,0.21494600,0
1506095439,22060389,255.50,0.20626223,0
1506095438,22060388,255.50,22.88000000,0
1506095437,22060387,255.49,0.12000000,0
1506095430,22060372,255.50,0.17000000,0
1506095429,22060370,255.50,0.39003600,0
1506095427,22060367,255.50,1.87885900,0
1506095427,22060366,255.49,0.14000000,0
1506095421,22060358,255.50,0.27637300,0
1506095420,22060356,255.50,3.10321000,0
1506095420,22060355,255.50,4.76000000,0
1506095420,22060354,255.50,0.83000000,0
1506095416,22060351,255.50,0.31646700,0
1506095415,22060349,255.50,0.24284200,0
1506095412,22060345,255.50,3.00061900,0
1506095412,22060344,255.50,0.22305100,0
1506095412,22060343,255.50,0.83000000,0
1506095411,22060342,255.49,0.17000000,0
1506095400,22060331,255.50,3.51214000,0
1506095399,22060326,255.50,5.73459882,0
1506095398,22060322,255.50,0.63560300,0
1506095398,22060321,255.49,0.20000000,0
1506095397,22060316,255.50,0.20692759,0
1506095395,22060308,255.50,39.04310000,0
1506095391,22060294,255.50,5.73318981,0
1506095390,22060293,255.50,24.71000000,0
1506095390,22060291,255.50,1.00000000,0
1506095389,22060287,255.50,0.38994100,0
1506095389,22060285,255.50,1.00000000,0
1506095387,22060277,255.50,6.26706490,0
1506095387,22060276,255.50,27.00312700,0
1506095386,22060275,255.50,2.68452800,0
1506095386,22060271,255.50,5.00000000,0
1506095385,22060269,255.50,25.07136400,0
1506095385,22060268,255.50,8.39806200,0
1506095385,22060267,255.49,0.23000000,0
1506095384,22060265,255.50,0.04687300,0
1506095383,22060264,255.50,0.15000000,0
1506095381,22060256,255.50,5.00000000,0
1506095379,22060252,255.50,0.38522200,0
1506095379,22060251,255.50,2.35971300,0
1506095373,22060247,255.50,0.15040400,0
1506095372,22060246,255.50,5.68939190,0
1506095371,22060245,255.49,4.95718890,1
1506095371,22060244,255.49,0.28000000,0
1506095361,22060234,255.50,0.67146227,0
1506095361,22060233,255.49,0.04861600,0
1506095360,22060230,255.49,0.19138400,0
1506095357,22060219,255.50,1.71000000,0
1506095357,22060217,255.49,0.24000000,0
1506095349,22060207,255.48,0.35877000,0
1506095331,22060191,255.49,0.14861100,0
1506095327,22060188,254.91,1.96359442,1
1506095327,22060187,254.91,0.23000000,1
1506095327,22060186,255.30,0.02423658,1
1506095327,22060184,255.50,0.13929000,0
1506095327,22060183,255.50,0.97469529,0
1506095326,22060181,255.49,2.14162564,0
1506095325,22060178,255.49,0.20680287,1
1506095324,22060177,255.49,0.11319213,0
1506095323,22060175,255.49,0.20680787,0
1506095321,22060173,255.39,1.67204300,0
1506095321,22060172,255.39,2.85952200,0
1506095310,22060161,255.39,0.96843500,1
1506095309,22060159,255.47,1.00000000,0
1506095297,22060149,254.75,6.59596424,0
1506095296,22060148,254.75,1.54279323,1
1506095296,22060147,255.00,4.64519500,1
1506095296,22060146,255.40,7.21596959,1
1506095293,22060145,255.40,4.84000000,1
1506095274,22060130,255.49,0.37000000,0
1506095261,22060112,255.40,0.06160271,1
1506095251,22060103,255.42,0.68470339,1
1506095251,22060102,255.43,0.25369390,1
1506095251,22060101,255.43,0.22083900,1
1506095238,22060094,255.41,1.00000000,1
1506095236,22060088,255.50,17.20343887,0
1506095232,22060084,255.50,0.13594800,0
1506095232,22060083,255.49,0.22068400,0
1506095229,22060082,255.49,0.21931600,0
1506095229,22060081,255.46,0.38959500,0
1506095227,22060080,255.46,0.38956600,0
1506095220,22060073,255.37,0.47000000,0
1506095219,22060070,255.49,0.53000000,1
1506095217,22060066,255.50,0.38976113,0
1506095216,22060064,255.50,1.61771037,0
1506095216,22060063,255.49,0.53000000,0
1506095206,22060050,255.50,1.77680000,0
1506095206,22060049,255.49,0.63000000,0
1506095186,22060031,255.49,0.23368610,1
1506095186,22060030,255.49,0.50631390,1
1506095181,22060025,255.50,8.27338550,0
1506095180,22060021,255.50,35.54633400,0
1506095178,22060015,255.50,22.12515811,0
1506095178,22060014,255.50,17.02282800,0
1506095176,22060007,255.50,14.96194414,0
1506095176,22060006,255.49,4.65437792,0
1506095176,22060004,255.50,1.66046966,0
1506095175,22060003,255.50,1.82386500,0
1506095175,22060002,255.49,0.50640000,0
1506095174,22059999,255.49,0.38360000,0
1506095172,22059996,255.50,1.79000000,0
1506095169,22059992,255.50,0.06365700,0
1506095167,22059989,255.50,9.32484800,0
1506095167,22059988,255.49,0.00000500,0
1506095166,22059987,255.49,1.04999500,0
1506095156,22059976,255.50,0.10000000,0
