date,tid,price,amount,type
1506124828,22081618,1.18100,121.32000,1
1506124743,22081583,1.18100,347.44997,1
1506124720,22081559,1.18100,67.73074,1
1506124715,22081555,1.18100,64.43692,1
1506124684,22081543,1.18100,544.84999,1
1506124682,22081541,1.18100,58.13238,1
1506124680,22081537,1.18100,2145.11760,1
1506124677,22081535,1.18100,828.98999,1
1506124662,22081528,1.18100,607.34971,1
1506124653,22081523,1.18100,607.34971,1
1506124598,22081454,1.18100,536.54762,1
1506124596,22081449,1.18100,1074.48000,1
1506124595,22081447,1.18100,301.15287,1
1506124594,22081445,1.18100,1855.15949,1
1506124576,22081437,1.18100,608.84844,1
1506124572,22081433,1.18100,608.99999,1
1506124439,22081367,1.18100,799.97749,1
1506124261,22081312,1.18100,23.69492,1
1506124255,22081309,1.18100,23.69492,1
1506124250,22081305,1.18100,23.69492,1
1506123925,22081261,1.18100,1657.65116,1
1506123925,22081260,1.18101,6.07450,1
1506123753,22081210,1.18100,286.22596,1
1506123751,22081203,1.18100,1429.63591,1
1506123725,22081163,1.18101,179.93126,1
1506123699,22081150,1.18101,50.00000,1
1506123675,22081139,1.18100,871.88999,1
1506123647,22081122,1.18100,145.51865,1
1506123647,22081121,1.18100,145.46059,1
1506123643,22081119,1.18100,146.24000,1
1506123626,22081107,1.18100,464.36072,1
1506123626,22081106,1.18100,157.98267,1
1506123625,22081105,1.18100,325.03683,1
1506123625,22081104,1.18101,139.45936,1
1506123623,22081099,1.18100,145.65999,1
1506123620,22081097,1.18100,21.61419,1
1506123620,22081095,1.18101,172.20580,1
1506123611,22081087,1.18100,610.94835,1
1506123600,22081080,1.18101,212.63157,1
1506123593,22081070,1.18100,137.22270,1
1506123588,22081063,1.18100,610.77901,1
1506123585,22081062,1.18101,236.50656,1
1506123584,22081059,1.18100,85.15665,1
1506123577,22081054,1.18100,282.66281,1
1506123573,22081050,1.18100,37.07765,1
1506123573,22081049,1.18101,263.72676,1
1506123572,22081045,1.18100,1425.11432,1
1506123560,22081035,1.18100,1425.72942,1
1506123560,22081034,1.18101,291.44166,1
1506123560,22081032,1.18101,7.77389,1
1506123557,22081020,1.18100,300.80441,1
1506123555,22081013,1.18100,602.25233,1
1506123553,22081007,1.18100,294.76311,1
1506123553,22081006,1.18101,6.21911,1
1506123548,22081004,1.18101,18.55673,1
1506123545,22081003,1.18101,300.26842,0
1506123534,22080994,1.18100,226.23277,1
1506123534,22080992,1.18101,376.44293,1
1506123531,22080987,1.18100,70.83472,1
1506123531,22080986,1.18101,0.00695,1
1506123529,22080983,1.18101,229.42228,1
1506123526,22080974,1.18101,70.84167,1
1506123520,22080967,1.18101,70.84167,1
1506123519,22080965,1.18101,70.93989,1
1506123517,22080960,1.18100,576.22354,1
1506123510,22080942,1.18100,552.29467,1
1506123509,22080939,1.18100,504.27388,1
1506123509,22080937,1.18101,24.83250,1
1506123509,22080936,1.18101,16.55500,1
1506123509,22080935,1.18101,33.10999,1
1506123509,22080934,1.18101,0.00086,1
1506123508,22080931,1.18101,492.48525,1
1506123504,22080923,1.18100,59.53430,1
1506123503,22080919,1.18600,133.18478,0
1506123503,22080918,1.18600,202.95462,0
1506123503,22080917,1.18600,1040.42971,0
1506123503,22080916,1.18600,255.93077,0
1506123502,22080914,1.18600,449.23540,0
1506123502,22080913,1.18582,812.48255,0
1506123502,22080912,1.18582,453.83189,0
1506123502,22080911,1.18101,5.36438,0
1506123499,22080908,1.18100,1303.23455,1
1506123498,22080905,1.18101,599.72189,1
1506123498,22080902,1.18102,14.78994,1
1506123487,22080875,1.18100,516.13402,1
1506123487,22080873,1.18101,0.00485,1
1506123487,22080870,1.18101,95.10504,1
1506123480,22080865,1.18101,395.63929,1
1506123480,22080864,1.18101,163.03181,1
1506123480,22080863,1.18101,31.36526,1
1506123480,22080862,1.18102,20.91017,1
1506123476,22080855,1.18101,508.57731,1
1506123476,22080853,1.18103,20.91017,1
1506123406,22080818,1.18100,484.54700,1
1506123403,22080815,1.18100,279.71053,1
1506123402,22080813,1.18100,735.03018,1
1506123402,22080811,1.18101,630.37360,1
1506123400,22080807,1.18101,122.28622,1
1506123399,22080803,1.18100,1976.49448,1
1506123395,22080796,1.18100,119.81423,1
1506123395,22080794,1.18101,812.48891,1
1506123187,22080703,1.18100,225.90841,1
1506123185,22080701,1.18100,1243.98260,1
1506123184,22080699,1.18100,202.95462,1
1506123182,22080693,1.18100,1040.42971,1
1506123179,22080690,1.18100,255.93077,1
1506123178,22080687,1.18101,633.75831,1
1506123178,22080686,1.18101,176.53940,1
1506122994,22080601,1.18101,111.41553,1
1506122993,22080599,1.18101,426.55583,1
1506122993,22080598,1.18101,19.36314,1
1506122993,22080597,1.18101,14.52235,1
1506122993,22080596,1.18102,9.59462,1
1506122953,22080591,1.18100,449.23540,1
1506122953,22080590,1.18101,563.64352,1
1506122952,22080589,1.18101,223.51313,1
1506122952,22080588,1.18101,24.22201,1
1506122952,22080586,1.18101,31.94920,1
1506122951,22080582,1.18101,247.73575,1
1506122950,22080581,1.18101,116.48505,1
1506122950,22080580,1.18101,116.49000,1
1506122949,22080577,1.18101,172.48000,1
1506122948,22080571,1.18101,699.32000,1
1506122947,22080569,1.18101,1004.02304,1
1506122946,22080566,1.18101,534.21696,1
1506122945,22080561,1.18101,1703.34243,1
1506122945,22080560,1.18101,2225.58927,1
1506122944,22080558,1.18102,9.73474,1
1506122943,22080552,1.18101,530.13356,1
1506122941,22080545,1.18101,1703.34457,1
1506122939,22080540,1.18101,906.25445,1
1506122939,22080539,1.18102,11.17485,1
1506122939,22080538,1.18103,9.73474,1
1506122932,22080529,1.18102,8.60646,1
1506122931,22080528,1.18102,24.72664,1
1506122931,22080527,1.18102,14.83599,1
1506122931,22080526,1.18110,9.89936,1
1506122891,22080498,1.18101,610.95165,1
1506122890,22080497,1.18101,283.04769,1
1506122890,22080496,1.18101,246.06446,1
1506122890,22080493,1.18101,602.98917,1
1506122888,22080491,1.18101,611.09559,1
1506122886,22080487,1.18101,1206.87378,1
1506122885,22080484,1.18101,829.41720,1
1506122872,22080476,1.18102,298.98800,0
1506122872,22080475,1.18102,303.03582,0
1506122852,22080470,1.18101,1671.97569,1
1506122849,22080466,1.18101,1430.15129,1
1506122849,22080464,1.18101,1084.57095,1
1506122848,22080461,1.18102,561.90456,1
1506122848,22080460,1.18102,25.67788,1
1506122848,22080459,1.18102,15.40673,1
1506122848,22080458,1.18135,10.32857,1
1506122689,22080433,1.18102,350.32164,1
1506122688,22080432,1.18102,270.63364,1
1506122688,22080431,1.18102,20.90803,1
1506122688,22080430,1.18102,15.68103,1
1506122688,22080429,1.18119,10.45402,1
1506122600,22080410,1.18102,402.52167,1
1506122600,22080409,1.18102,267.03604,1
1506122600,22080407,1.18102,16.01165,1
1506122600,22080406,1.18105,10.55040,1
1506122586,22080399,1.18133,10.59480,1
1506122418,22080342,1.18101,1228.87909,1
1506122417,22080337,1.18102,121.30000,0
1506122416,22080335,1.18102,134.87794,1
1506122416,22080334,1.18102,545.05246,1
1506122415,22080333,1.18102,16.00053,1
1506121745,22080231,1.18108,6.64974,0
1506121422,22080181,1.18110,677.01639,1
1506121422,22080180,1.18110,743.43275,1
1506121419,22080178,1.18110,180.20122,1
1506121419,22080177,1.18110,6.64974,1
1506121417,22080174,1.18111,16.15390,1
1506121389,22080169,1.18125,10.77690,1
1506121021,22080085,1.18101,1315.92429,1
1506121016,22080082,1.18101,1225.19080,1
1506121016,22080081,1.18101,81.82056,1
1506121016,22080080,1.18102,732.33842,1
1506121015,22080079,1.18102,33.35894,1
1506121015,22080078,1.18102,20.01537,1
1506121015,22080077,1.18105,12.58525,1
1506121000,22080060,1.18104,12.67358,1
1506120985,22080052,1.18108,12.76235,1
1506120871,22080006,1.18102,65.86709,1
1506120871,22080005,1.18102,743.43275,1
1506120871,22080003,1.18111,13.39870,1
1506120201,22079761,1.18102,56.35578,1
1506120200,22079760,1.18129,13.64422,1
1506120065,22079702,1.18102,43.81969,1
1506120065,22079700,1.18109,16.18031,1
1506119375,22079438,1.18102,522.12667,0
1506119375,22079437,1.18102,38.28593,1
1506119375,22079436,1.18102,28.71444,1
1506119373,22079435,1.18107,19.14296,1
1506119348,22079421,1.18102,0.47028,0
1506119344,22079420,1.18102,19.22149,0
1506119344,22079418,1.18101,1231.22999,1
1506119338,22079413,1.18101,494.44093,1
1506119337,22079412,1.18101,854.01259,1
1506119337,22079411,1.18102,10.08647,1
1506119336,22079410,1.18102,830.73122,1
1506119336,22079409,1.18102,39.57554,1
1506119336,22079408,1.18102,23.74532,1
1506119336,22079407,1.18102,32.08125,1
1506119336,22079405,1.18107,19.69177,1
1506119315,22079384,1.18102,116.69687,1
1506119315,22079383,1.18110,40.00000,1
1506119315,22079382,1.18110,6.77335,1
1506119315,22079381,1.18122,6.21391,1
1506119315,22079380,1.18130,6.77220,1
1506119314,22079379,1.18149,1988.65913,1
1506119311,22079374,1.18149,46.77335,1
1506119310,22079371,1.18149,1964.56752,1
1506119310,22079370,1.18150,24.06094,1
1506119310,22079368,1.18150,6.34762,1
1506119310,22079366,1.18150,5.07809,1
1506119309,22079365,1.18150,6.77105,1
1506119309,22079363,1.18170,6.76991,1
1506119309,22079361,1.18190,6.76876,1
1506119309,22079360,1.18191,16.04063,1
1506119305,22079357,1.18196,516.94364,1
1506119304,22079356,1.18216,16.17274,0
1506119303,22079355,1.18196,24.25911,1
1506119303,22079354,1.18196,458.79725,1
1506119302,22079353,1.18216,16.17274,1
1506119276,22079338,1.18197,0.01000,1
1506119276,22079337,1.18197,114.36000,1
1506119276,22079336,1.18197,92.96000,1
1506119275,22079335,1.18197,191.64000,1
1506119275,22079334,1.18197,0.00393,1
1506119274,22079332,1.18210,16.23909,1
1506118764,22079105,1.18197,58.53787,1
1506118762,22079103,1.18197,146.09820,1
1506118762,22079102,1.18216,9.66718,1
1506118674,22079068,1.18197,109.43590,1
1506118674,22079067,1.18199,6.19764,1
1506118666,22079061,1.18207,6.22303,1
1506118407,22078964,1.18197,155.39410,1
1506118407,22078963,1.18197,131.37804,1
1506118397,22078956,1.18197,0.18196,1
1506118397,22078955,1.18198,25.24000,1
1506118396,22078953,1.18204,0.02072,1
1506118194,22078778,1.18204,258.71375,1
1506118180,22078740,1.18204,38.13796,1
1506118175,22078725,1.18204,38.13796,1
1506117752,22078213,1.18206,90.00000,0
1506117751,22078209,1.18204,2265.62472,1
1506117750,22078207,1.18205,170.00352,1
1506117750,22078198,1.18205,958.51403,1
1506117750,22078196,1.18206,170.00000,1
1506117732,22078144,1.18849,83.28890,0
1506117732,22078141,1.18849,83.28890,0
1506117731,22078140,1.18849,83.28890,0
1506117675,22078091,1.18205,66.49612,1
1506117675,22078090,1.18205,3.50388,1
1506117198,22077451,1.18206,90.00000,1
1506116954,22077362,1.18206,100.00000,1
1506116709,22077117,1.18206,18.45726,1
1506116614,22077079,1.18207,46.90798,0
1506116612,22077077,1.18205,2.47858,1
1506116612,22077076,1.18205,8.19331,1
1506116603,22077073,1.18206,68.98007,1
1506116206,22076904,1.18207,5.42491,0
1506116206,22076902,1.18206,40.29441,1
1506116205,22076901,1.18370,0.06688,1
1506116200,22076896,1.18207,40.29000,0
1506116200,22076895,1.18207,63.10312,0
1506116185,22076876,1.18207,5.44688,1
1506116096,22076825,1.18207,123.26000,1
1506116096,22076823,1.18207,49.22999,1
1506116096,22076822,1.18207,115.25563,1
1506116096,22076821,1.18220,5.48436,1
1506115746,22076573,1.18207,41.35534,1
1506115745,22076572,1.18241,7.92466,1
1506115697,22076545,1.18381,15.61067,0
1506115696,22076544,1.18379,29.38603,0
1506115696,22076543,1.18378,0.20321,0
1506115696,22076542,1.18377,97.17999,0
1506115565,22076469,1.18205,120.61904,1
1506115565,22076466,1.18206,8.53695,1
1506115373,22076380,1.18204,100.00000,1
1506115354,22076370,1.18378,60.22136,0
1506115354,22076369,1.18378,191.08379,0
1506115353,22076368,1.18377,0.00240,0
1506115280,22076334,1.18205,310.93000,1
1506115264,22076313,1.18204,524.63000,1
1506115261,22076310,1.18204,774.73489,1
1506115260,22076309,1.18205,8.84363,1
1506115260,22076308,1.18205,13.28206,1
1506115260,22076307,1.18205,17.70942,1
1506115257,22076291,1.18205,84.24800,1
1506115257,22076290,1.18205,22.13729,1
1506115256,22076289,1.18212,8.85471,1
1506115230,22076228,1.18377,351.10299,1
1506115230,22076226,1.18377,169.43461,1
1506115226,22076218,1.18377,203.23641,1
1506115221,22076212,1.18377,2327.94000,1
1506115218,22076209,1.18377,51.78708,1
1506115218,22076208,1.18377,51.25152,1
1506115217,22076205,1.18377,27.89397,1
1506115212,22076198,1.18377,817.35342,1
1506115212,22076197,1.18378,11.08658,1
1506115208,22076193,1.18378,297.84617,0
1506115207,22076191,1.18378,29.38603,1
1506115207,22076190,1.18378,22.03952,1
1506115207,22076189,1.18379,14.69301,1
1506115207,22076187,1.18925,440.00006,0
1506115207,22076186,1.18380,30.00384,0
1506115202,22076184,1.18926,440.00000,0
1506115201,22076182,1.18381,264.38930,1
1506115201,22076179,1.18378,2429.77664,1
1506115200,22076178,1.18379,22.03952,1
1506115200,22076177,1.18380,30.00384,1
1506115197,22076176,1.18381,525.67699,1
1506115197,22076175,1.18382,14.69301,1
1506115188,22076159,1.18378,484.08232,1
1506115188,22076158,1.18379,33.31100,1
1506115188,22076157,1.18379,27.12143,1
1506115188,22076156,1.18380,480.00000,1
1506115188,22076155,1.18386,570.00000,1
1506115187,22076154,1.18387,15.00192,1
1506115184,22076146,1.18386,151.63956,1
1506115173,22076134,1.18927,440.00000,0
1506115161,22076124,1.18397,415.61000,1
1506115160,22076122,1.18397,20.63379,1
1506115160,22076121,1.18397,441.72356,1
1506115160,22076119,1.18398,16.79643,1
1506115158,22076113,1.18397,285.42570,1
1506115149,22076106,1.18928,198.74040,0
1506115149,22076105,1.18927,740.00000,0
1506115127,22076055,1.18386,41.61810,1
1506115126,22076044,1.18928,0.00001,1
1506115125,22076040,1.18928,198.74739,1
1506115125,22076039,1.18928,198.74740,1
1506115125,22076038,1.18928,198.74740,1
1506115123,22076025,1.18928,198.74740,1
1506115123,22076024,1.18928,198.74740,1
1506115123,22076020,1.18928,198.74740,1
1506115123,22076018,1.18929,198.74740,1
1506115122,22076014,1.18931,157.57051,1
1506115121,22076011,1.18931,41.17689,1
1506115120,22076005,1.18894,198.74740,0
1506115117,22075994,1.18934,1050.00320,1
1506115117,22075993,1.18934,373.63039,1
1506115116,22075992,1.18934,676.37281,1
1506115116,22075991,1.18934,284.15324,1
1506115116,22075987,1.18747,765.84996,0
1506115115,22075976,1.18747,0.00004,0
1506115115,22075975,1.18728,84.44000,0
1506115114,22075974,1.18667,199.71316,0
1506115111,22075954,1.18938,48.99382,1
1506115110,22075944,1.18938,351.84908,1
1506115110,22075942,1.18938,400.84290,1
1506115110,22075940,1.18938,400.84290,1
1506115110,22075939,1.18938,400.84290,1
1506115110,22075938,1.18938,400.84290,1
1506115110,22075937,1.18938,400.84290,1
1506115109,22075935,1.18938,400.84290,1
1506115109,22075932,1.18938,173.69393,1
1506115109,22075926,1.18938,23.45645,1
1506115108,22075921,1.18938,26.37509,1
1506115107,22075918,1.18938,177.31743,1
1506115107,22075917,1.18938,113.70683,1
1506115106,22075916,1.18939,74.52448,0
1506115106,22075913,1.18938,67.28341,1
1506115106,22075912,1.18938,219.85266,1
1506115106,22075911,1.18938,163.59002,1
1506115105,22075910,1.18938,102.15378,1
1506115105,22075908,1.18938,168.77270,1
1506115105,22075902,1.18938,96.97110,1
1506115104,22075898,1.18938,263.05850,1
1506115104,22075897,1.18938,263.05850,1
1506115104,22075896,1.18938,263.05850,1
1506115104,22075895,1.18938,149.60663,1
1506115104,22075893,1.18939,19.81291,1
1506115104,22075891,1.18939,16.92946,1
1506115104,22075889,1.18939,37.78211,1
1506115103,22075887,1.18939,216.15980,1
1506115103,22075885,1.18939,5.87293,1
1506115103,22075882,1.18939,67.25625,1
1506115101,22075876,1.18939,111.55392,1
1506115101,22075867,1.18938,113.45187,1
1506115098,22075859,1.18938,125.27414,1
1506115098,22075857,1.18446,114.26062,0
1506115097,22075856,1.18445,23.52374,0
1506115097,22075852,1.18445,127.95940,0
1506115097,22075851,1.18443,135.09910,0
1506115095,22075841,1.18378,467.19000,1
1506115094,22075837,1.18445,135.02837,1
1506115093,22075832,1.18445,16.45477,1
1506115092,22075829,1.18448,75.74157,1
1506115092,22075828,1.18448,2.07236,1
1506115092,22075827,1.18448,111.53999,1
1506115090,22075818,1.18447,2571.84407,1
1506115087,22075813,1.18445,900.46013,1
1506115079,22075803,1.18437,656.28233,0
1506115079,22075801,1.18440,77.19119,1
1506115078,22075800,1.18440,115.78678,1
1506115078,22075799,1.18440,154.38238,1
1506115077,22075792,1.18440,6.19204,1
1506115069,22075774,1.18435,802.75450,1
1506115023,22075732,1.18500,80.41319,1
1506114935,22075686,1.18479,81.23872,1
1506114708,22075584,1.18945,85.04787,0
1506114706,22075582,1.18945,86.89820,1
1506114705,22075580,1.18945,86.89820,1
1506114705,22075578,1.18945,86.89820,1
1506114705,22075577,1.18945,86.89820,1
1506114704,22075571,1.18945,86.89820,1
1506114704,22075570,1.18945,86.89816,1
1506114702,22075569,1.18849,0.00004,0
1506114701,22075568,1.18849,86.89820,0
1506114698,22075563,1.18951,448.43176,1
1506114697,22075562,1.18951,112.80148,1
1506114694,22075554,1.18951,412.94986,1
1506114693,22075551,1.18951,180.28410,1
1506114691,22075547,1.18951,156.62979,1
1506114689,22075543,1.18951,31.92857,1
1506114688,22075540,1.18952,84.32865,1
1506114687,22075536,1.18951,116.23166,1
1506114686,22075529,1.18951,460.06062,1
1506114684,22075525,1.18951,29.04836,1
1506114684,22075524,1.18951,127.65810,1
1506114683,22075522,1.18951,156.62979,1
1506114681,22075518,1.18951,541.70446,1
1506114677,22075513,1.18951,148.19075,1
1506114676,22075510,1.18951,54.06178,1
1506114676,22075508,1.18951,654.50596,1
1506114672,22075495,1.18951,112.80148,1
1506114672,22075494,1.18951,143.46137,1
1506114672,22075491,1.18951,9.35251,1
1506114672,22075490,1.18951,0.00001,1
1506114670,22075479,1.18951,72.30147,1
1506114669,22075476,1.18951,147.50653,1
1506114668,22075474,1.18951,98.47074,1
1506114668,22075472,1.18951,655.90435,1
1506114667,22075471,1.18951,322.24511,1
1506114667,22075468,1.18951,327.67355,1
1506114666,22075467,1.18951,9.29933,1
1506114666,22075463,1.18951,9.35252,1
1506114664,22075453,1.18951,305.61259,1
1506114664,22075452,1.18951,307.09189,1
1506114663,22075448,1.18951,206.79259,1
1506114662,22075446,1.18951,98.82000,1
1506114661,22075441,1.18951,166.96336,1
1506114660,22075436,1.18951,9.35252,1
1506114659,22075433,1.18951,106.11000,1
1506114657,22075426,1.18951,79.05274,1
1506114657,22075425,1.18951,9.75975,1
1506114656,22075422,1.18951,181.59353,0
1506114656,22075421,1.18951,181.58110,0
1506114656,22075420,1.18949,111.24872,0
1506114656,22075419,1.18948,490.00000,0
1506114651,22075396,1.18762,98.12026,0
1506114651,22075394,1.18951,84.36680,1
1506114651,22075393,1.18951,84.36680,1
1506114650,22075392,1.18951,84.36680,1
1506114650,22075391,1.18951,84.36680,1
1506114650,22075390,1.18951,84.36680,1
1506114650,22075389,1.18951,84.36680,1
1506114650,22075388,1.18951,84.36680,1
1506114650,22075387,1.18951,72.89688,1
1506114649,22075379,1.18951,11.46992,1
1506114649,22075378,1.18951,84.03454,1
1506114648,22075377,1.18951,0.33226,1
1506114648,22075376,1.18951,84.36680,1
1506114648,22075375,1.18951,84.36680,1
1506114647,22075370,1.18951,0.00433,1
1506114647,22075365,1.18951,84.36247,1
1506114645,22075363,1.18381,107.14989,1
1506114645,22075362,1.18382,99.27911,1
1506114645,22075361,1.18951,0.00001,1
1506114645,22075359,1.18949,84.36679,0
1506114581,22075273,1.18936,704.77790,0
1506114580,22075272,1.18935,18.32415,0
1506114580,22075271,1.18877,3416.89795,0
1506114580,22075270,1.18876,860.00000,0
1506114555,22075232,1.18877,583.10205,0
1506114554,22075231,1.18862,2726.89795,0
1506114554,22075230,1.18861,1690.00000,0
1506114550,22075211,1.18853,202.11000,1
1506114382,22074964,1.18207,76.70118,1
1506114382,22074963,1.18237,8.78882,1
1506114235,22074858,1.18205,87.30877,1
1506114234,22074856,1.18205,13.50155,1
1506114234,22074855,1.18205,18.00206,1
1506114231,22074849,1.18210,6.76762,1
1506114231,22074847,1.18211,9.00103,1
1506114229,22074844,1.18226,1408.09367,0
1506114228,22074842,1.18226,9.00103,1
1506114209,22074808,1.18222,74.63342,1
1506114134,22074757,1.18230,6.76647,1
1506114134,22074756,1.18240,6.76590,1
1506114133,22074755,1.18250,6.76533,1
1506114133,22074754,1.18260,6.76476,1
1506114133,22074753,1.18270,6.76418,1
1506114133,22074751,1.18280,6.76361,1
1506114133,22074750,1.18290,6.76304,1
1506114133,22074749,1.18310,6.76190,1
1506114133,22074747,1.18330,6.76075,1
1506114132,22074746,1.18349,12.61543,1
1506113951,22074616,1.18349,275.15402,1
1506113951,22074614,1.18356,12.61543,1
1506113924,22074578,1.18349,617.01505,1
1506113924,22074577,1.18350,270.00000,1
1506113924,22074576,1.18378,17.76945,1
1506113905,22074562,1.18350,171.07706,1
1506113905,22074561,1.18374,20.27224,1
1506113768,22074484,1.18881,43.59119,1
1506113765,22074478,1.18881,18.32181,1
1506113764,22074476,1.18881,0.00234,1
1506113761,22074470,1.18881,61.91066,1
1506113759,22074469,1.18350,61.91296,0
1506113758,22074467,1.18350,32.60703,1
1506113451,22074341,1.18359,76.00424,0
1506113451,22074340,1.18349,577.04401,1
1506113450,22074337,1.18357,76.42703,0
1506113449,22074332,1.18360,306.12598,1
1506113446,22074319,1.18361,73.08212,1
1506113446,22074318,1.18362,430.79237,1
1506113445,22074316,1.18362,171.00954,1
1506113445,22074314,1.18362,189.82999,1
1506113445,22074312,1.18362,18.36810,1
1506113443,22074306,1.18361,306.12551,1
1506113423,22074294,1.18902,51.84187,1
1506113423,22074293,1.18902,243.18273,1
1506113422,22074290,1.18902,0.00005,1
1506113422,22074289,1.18356,295.02455,0
1506113417,22074281,1.18358,175.89763,1
1506113417,22074280,1.18358,90.88000,1
1506113415,22074272,1.18357,85.04000,1
1506113409,22074263,1.18354,203.99688,0
1506113398,22074251,1.18354,40.39733,0
1506113396,22074250,1.18356,281.74742,1
1506113396,22074248,1.18356,40.39733,1
1506113396,22074247,1.18356,246.27716,1
1506113395,22074246,1.18352,149.84550,0
1506113395,22074243,1.18355,40.39733,1
1506113386,22074223,1.18437,229.63000,1
1506113385,22074215,1.18436,40.54329,1
1506113381,22074191,1.18437,228.69377,1
1506113381,22074188,1.18437,400.44749,1
1506113288,22074137,1.18436,40.70999,1
1506113214,22074061,1.18947,7.32664,1
1506113214,22074060,1.18948,43.51629,1
1506113213,22074055,1.18947,46.28953,1
1506113210,22074049,1.18947,168.19193,0
1506113210,22074047,1.18947,53.61620,0
1506113210,22074046,1.18946,168.19190,0
1506113209,22074044,1.18946,221.80810,0
1506113204,22074033,1.18949,496.11920,1
1506113204,22074030,1.18949,496.11920,1
1506113204,22074029,1.18949,496.11920,1
1506113204,22074027,1.18949,21.24362,1
1506113203,22074025,1.18949,78.31928,1
1506113203,22074023,1.18949,396.55630,1
1506113203,22074020,1.18949,59.23154,1
1506113203,22074019,1.18949,210.01276,1
1506113202,22074016,1.18949,226.87490,1
1506113201,22074015,1.18949,200.70116,1
1506113200,22074012,1.18950,59.57158,1
1506113199,22074009,1.18949,110.97399,1
1506113198,22074008,1.18949,102.94229,1
1506113198,22074006,1.18949,81.50176,1
1506113198,22074004,1.18949,417.90492,1
1506113197,22074000,1.18949,78.21428,1
1506113197,22073999,1.18949,0.00004,1
1506113195,22073998,1.18905,104.36561,0
1506113195,22073997,1.18905,243.24525,0
1506113195,22073996,1.18905,148.50830,0
1506112839,22073482,1.18381,0.18645,1
1506112839,22073480,1.18382,35.88943,1
1506112833,22073467,1.18382,53.25326,1
1506112829,22073454,1.18380,0.20381,0
1506112828,22073452,1.18380,57.29231,1
1506112828,22073446,1.18855,558.46616,1
1506112827,22073445,1.18855,152.06234,1
1506112827,22073444,1.18855,143.50443,1
1506112827,22073443,1.18855,57.56944,1
1506112827,22073439,1.18855,509.45463,0
1506112826,22073438,1.18855,129.60765,0
1506112826,22073437,1.18855,378.01186,0
1506112826,22073435,1.18855,63.41832,0
1506112826,22073433,1.18855,47.54214,0
1506112826,22073430,1.18853,91.94853,0
1506112826,22073429,1.18853,544.89105,0
1506112825,22073428,1.18853,165.63745,0
1506112825,22073427,1.18853,93.51100,0
1506112825,22073426,1.18852,165.63750,0
1506112825,22073425,1.18852,259.14850,0
1506112824,22073424,1.18852,259.14850,0
1506112824,22073423,1.18852,259.14850,0
1506112824,22073417,1.18852,66.91700,0
1506112823,22073415,1.18709,192.23150,0
1506112823,22073413,1.18709,259.14850,0
1506112821,22073402,1.18855,63.36500,1
1506112821,22073401,1.18855,63.36500,1
1506112821,22073400,1.18855,62.63781,1
1506112821,22073399,1.18855,0.72719,1
1506112821,22073398,1.18855,63.36500,1
1506112821,22073397,1.18855,63.36500,1
1506112820,22073396,1.18855,63.36500,1
1506112820,22073394,1.18855,63.88930,1
1506112820,22073393,1.18855,63.88930,1
1506112820,22073392,1.18855,1.17603,1
1506112820,22073391,1.18856,58.79318,1
1506112819,22073387,1.18855,62.71327,1
1506112819,22073386,1.18855,63.88930,1
1506112819,22073385,1.18855,63.88930,1
1506112819,22073384,1.18855,63.88930,1
1506112818,22073383,1.18855,63.88930,1
1506112818,22073382,1.18855,63.88930,1
1506112818,22073379,1.18855,1.70038,1
1506112817,22073373,1.18855,62.18892,1
1506112817,22073371,1.18855,0.52435,1
1506112816,22073368,1.18392,63.36495,0
1506112816,22073366,1.18392,0.52438,0
1506112816,22073365,1.18380,63.36492,0
1506112813,22073358,1.18351,32.32572,1
1506112813,22073357,1.18351,224.53760,1
1506112813,22073356,1.18380,63.30570,1
1506112808,22073340,1.18392,63.55477,1
1506112805,22073335,1.18391,0.33019,0
1506112805,22073334,1.18391,63.55477,1
1506112801,22073326,1.18390,63.77657,1
1506112765,22073294,1.18393,328.22843,1
1506112765,22073293,1.18394,63.80192,1
1506112738,22073264,1.18387,45.99000,1
1506112715,22073200,1.18383,19.87078,1
1506112714,22073198,1.18384,66.80922,1
1506112699,22073177,1.18381,890.00000,1
1506112565,22073051,1.18369,8.35195,1
1506112546,22073036,1.18363,472.32770,1
1506112545,22073035,1.18363,180.54608,0
1506112545,22073033,1.18364,109.54785,1
1506112545,22073032,1.18364,73.03190,1
1506112525,22072996,1.18356,37.99478,1
1506112525,22072995,1.18356,73.56228,1
1506112519,22072961,1.18905,88.19929,0
1506112518,22072952,1.18906,242.61560,1
1506112517,22072949,1.18906,242.61560,1
1506112517,22072947,1.18906,57.30808,1
1506112517,22072945,1.18906,185.30752,1
1506112517,22072942,1.18906,170.01219,1
1506112516,22072936,1.18906,72.60341,1
1506112516,22072933,1.18906,242.61560,1
1506112516,22072927,1.18906,242.61560,1
1506112516,22072924,1.18906,242.61560,1
1506112515,22072920,1.18906,242.61560,1
1506112515,22072915,1.18906,242.61560,1
1506112515,22072913,1.18906,242.61560,1
1506112515,22072911,1.18906,242.61560,1
1506112515,22072906,1.18907,242.61560,1
1506112514,22072902,1.18907,0.00351,1
1506112514,22072898,1.18908,112.17128,1
1506112513,22072895,1.18907,434.28899,1
1506112512,22072892,1.18907,100.35000,1
1506112512,22072890,1.18907,191.06379,1
1506112511,22072888,1.18907,91.18000,1
1506112511,22072885,1.18907,111.27369,1
1506112510,22072884,1.18907,141.12502,1
1506112510,22072883,1.18907,42.02839,1
1506112510,22072881,1.18907,242.61182,1
1506112509,22072877,1.18907,101.04366,1
1506112508,22072871,1.18907,148.95863,1
1506112508,22072869,1.18907,534.64250,1
1506112508,22072866,1.18907,385.68387,1
1506112507,22072861,1.18907,138.16236,0
1506112507,22072859,1.18907,10.79627,0
1506112507,22072857,1.18907,127.36609,0
1506112506,22072854,1.18905,104.36561,0
1506112506,22072852,1.18902,340.00000,0
1506112505,22072848,1.18905,223.53194,0
1506112505,22072846,1.18903,68.49495,0
1506112504,22072844,1.18896,37.08924,0
1506112503,22072840,1.18904,670.00000,0
1506112502,22072839,1.18738,96.38108,0
1506112502,22072838,1.18738,120.21255,0
1506112491,22072824,1.18907,68.78980,1
1506112491,22072823,1.18907,52.04630,1
1506112490,22072821,1.18907,16.74350,1
1506112490,22072819,1.18907,68.78980,1
1506112490,22072817,1.18907,68.78980,1
1506112490,22072816,1.18907,68.78980,1
1506112490,22072812,1.18907,0.58276,1
1506112490,22072810,1.18908,120.00538,1
1506112489,22072804,1.18907,136.70194,1
1506112489,22072803,1.18907,137.28470,1
1506112489,22072801,1.18907,69.07769,1
1506112488,22072800,1.18907,68.20701,1
1506112488,22072799,1.18907,68.49493,1
1506112487,22072795,1.18572,68.78977,0
1506112484,22072786,1.18565,119.61173,1
1506112480,22072778,1.18574,44.76605,1
1506112479,22072776,1.18574,6.95179,1
1506112432,22072727,1.18578,30.62989,1
1506111830,22072054,1.18509,175.20507,1
1506111830,22072053,1.18510,80.31667,1
1506111830,22072051,1.18510,13.08278,1
1506111589,22071780,1.18902,5.73531,0
1506111570,22071737,1.18902,248.97251,0
1506111567,22071725,1.18901,130.00000,0
1506111565,22071715,1.18901,0.22065,0
1506111564,22071709,1.18901,139.77935,0
1506111411,22071543,1.18441,12.26206,1
1506111411,22071541,1.18442,56.73794,1
1506111195,22071382,1.18541,59.94201,1
1506110570,22071024,1.18827,63.48610,1
1506110570,22071023,1.18827,63.48610,1
1506110570,22071022,1.18827,63.48610,1
1506110569,22071021,1.18827,63.48610,1
1506110569,22071020,1.18827,63.48610,1
1506110569,22071019,1.18827,63.48610,1
1506110569,22071018,1.18827,63.48610,1
1506110569,22071017,1.18827,63.48610,1
1506110569,22071016,1.18827,63.48610,1
1506110569,22071015,1.18827,63.48610,1
1506110568,22071013,1.18827,62.87633,1
1506110562,22071009,1.18827,0.60977,1
1506110562,22071008,1.18827,63.48606,1
1506110562,22071007,1.18828,63.01542,1
1506110560,22071005,1.18612,0.00004,0
1506110560,22071004,1.18612,63.48610,0
1506110555,22071001,1.18612,63.22656,0
1506110553,22070999,1.18612,63.22656,1
1506110518,22070951,1.18904,89.26261,0
1506110506,22070893,1.18904,1143.33328,0
1506110504,22070881,1.18904,63.64379,0
1506110504,22070876,1.18904,366.87036,0
1506110503,22070870,1.18902,147.99954,0
1506110262,22070690,1.18904,342.91000,0
1506110261,22070688,1.18903,2299.77000,0
1506110256,22070686,1.18903,389.16562,0
1506109551,22070220,1.18902,266.13903,0
1506109475,22070174,1.18899,846.62281,0
1506109468,22070160,1.18902,846.60857,0
1506107586,22069149,1.18351,357.68030,0
1506107585,22069144,1.18350,24.15717,1
1506107585,22069142,1.18350,293.66535,1
1506107585,22069137,1.18351,52.74954,1
1506107584,22069133,1.18351,39.56215,1
1506107582,22069124,1.18352,32.67188,0
1506107582,22069123,1.18357,26.37516,1
1506107582,22069120,1.18357,253.63040,1
1506107581,22069118,1.18357,26.36960,1
1506107437,22069014,1.18367,30.37623,0
1506107437,22069013,1.18367,20.25082,0
1506107385,22068965,1.18786,99.73999,1
1506107370,22068960,1.18786,128.17097,1
1506107370,22068959,1.18786,232.76410,1
1506107370,22068958,1.18786,232.76410,1
1506107370,22068957,1.18786,232.76410,1
1506107370,22068956,1.18786,232.76410,1
1506107370,22068955,1.18786,232.76410,1
1506107370,22068954,1.18786,0.00097,1
1506107369,22068953,1.18787,19.83755,1
1506107367,22068949,1.18786,232.76313,1
1506107362,22068942,1.18352,232.76407,0
1506107360,22068941,1.18486,19.11532,1
1506107355,22068927,1.18891,545.28623,0
1506106935,22068505,1.18395,284.77694,1
1506106933,22068497,1.18394,270.58092,1
1506106742,22068363,1.18373,18.43319,1
1506106742,22068362,1.18373,27.64978,1
1506106740,22068361,1.18372,474.41118,0
1506106575,22068305,1.18839,25.46807,1
1506106574,22068302,1.18839,0.00003,0
1506106574,22068301,1.18839,25.46810,0
1506106563,22068289,1.18840,0.00445,1
1506106563,22068287,1.18840,30.03815,1
1506106563,22068286,1.18840,30.04260,1
1506106562,22068285,1.18840,0.00004,1
1506106561,22068279,1.18840,30.04256,0
1506106558,22068276,1.18840,0.00743,1
1506106556,22068273,1.18840,118.35237,1
1506106556,22068272,1.18840,0.00005,1
1506106556,22068271,1.18840,118.35975,0
1506106547,22068261,1.18373,208.43436,1
1506106525,22068246,1.18840,0.95193,1
1506106525,22068244,1.18840,118.36307,1
1506106522,22068241,1.18364,119.31496,0
1506106522,22068239,1.18364,20.33055,1
1506106387,22068203,1.18399,388.19999,1
1506106296,22068168,1.18830,25.46810,1
1506106296,22068167,1.18830,0.00315,1
1506106296,22068165,1.18830,25.46495,1
1506106295,22068164,1.18830,25.46810,1
1506106295,22068163,1.18830,25.46810,1
1506106295,22068162,1.18830,25.46810,1
1506106295,22068161,1.18830,25.46810,1
1506106295,22068160,1.18844,25.46810,1
1506106295,22068159,1.18844,25.46810,1
1506106295,22068157,1.18844,25.46810,1
1506106295,22068156,1.18844,25.46810,1
1506106295,22068155,1.18844,0.00315,1
1506106293,22068150,1.18844,25.46495,1
1506106291,22068149,1.18483,25.46810,0
1506106288,22068146,1.18382,12.73406,1
1506106288,22068145,1.18485,25.46813,1
1506105679,22067745,1.18399,50.00000,1
1506105323,22067406,1.18398,103.00636,0
1506105322,22067405,1.18398,45.88788,1
1506105322,22067404,1.18398,30.59192,1
1506105322,22067403,1.18398,61.18384,1
1506105172,22067313,1.18854,239.84422,0
1506105168,22067310,1.18854,363.61696,1
1506105168,22067308,1.18855,43.65331,1
1506105164,22067298,1.18854,821.19754,1
1506105164,22067297,1.18854,39.62246,1
1506105164,22067295,1.18854,287.44217,1
1506105163,22067293,1.18854,857.74985,1
1506105162,22067291,1.18848,0.00002,0
1506105162,22067290,1.18848,823.04929,0
1506105161,22067289,1.18848,327.39446,0
1506105161,22067288,1.18847,34.37075,0
1506104947,22067126,1.18848,41.59370,1
1506104946,22067125,1.18848,41.59370,1
1506104946,22067124,1.18848,41.59370,1
1506104946,22067123,1.18848,41.59370,1
1506104946,22067122,1.18848,41.59370,1
1506104946,22067121,1.18848,99.30440,1
1506104946,22067120,1.18848,99.30440,1
1506104946,22067118,1.18848,99.30440,1
1506104945,22067117,1.18849,49.37542,1
1506104945,22067115,1.18848,99.30440,1
1506104945,22067113,1.18848,99.30440,1
1506104945,22067111,1.18848,99.30440,1
1506104944,22067109,1.18848,99.30440,1
1506104944,22067108,1.18848,99.30440,1
1506104944,22067106,1.18848,99.30440,1
1506104944,22067104,1.18848,99.30440,1
1506104944,22067103,1.18848,57.71073,1
1506104942,22067102,1.18698,41.59367,0
1506104941,22067100,1.18698,8.14688,0
1506104941,22067099,1.18697,41.59365,0
1506104941,22067098,1.18697,49.56387,0
1506104937,22067094,1.18698,49.56387,1
1506103583,22066498,1.18902,323.22713,0
1506103582,22066495,1.18902,24.44741,0
1506103501,22066444,1.18902,4041.12658,0
1506103501,22066443,1.18899,48.87342,0
1506103501,22066442,1.18898,910.00000,0
1506103476,22066424,1.18904,1993.97996,0
1506103475,22066423,1.18902,1108.32795,0
1506103475,22066422,1.18895,117.69209,0
1506103475,22066421,1.18892,1780.00000,0
1506103439,22066390,1.18350,23.72593,1
1506103439,22066389,1.18353,26.27407,1
1506103246,22066275,1.18349,281.75463,1
1506103242,22066266,1.18349,2236.41686,1
1506103242,22066263,1.18350,6.76075,1
1506103242,22066262,1.18370,6.76075,1
1506103241,22066260,1.18404,4000.00000,1
1506103241,22066259,1.18405,5.30721,1
1506103241,22066258,1.18405,7.07627,1
1506103241,22066257,1.18406,121.56283,0
1506103240,22066256,1.18410,6.75619,1
1506103240,22066255,1.18450,6.75619,1
1506103239,22066254,1.18490,6.75162,1
1506103239,22066253,1.18498,0.54699,1
1506103238,22066252,1.18505,0.07434,1
1506103229,22066247,1.18505,14.79442,1
1506102392,22065745,1.18498,108.85030,1
1506102389,22065741,1.18498,890.60271,1
1506102389,22065740,1.18500,2.28788,1
1506102388,22065739,1.18500,107.10941,1
1506102067,22065477,1.18500,50.00000,1
1506101480,22065138,1.18500,840.60271,1
1506101479,22065135,1.18500,2607.65729,1
1506101061,22065019,1.18811,262.96540,0
1506100995,22064988,1.18810,0.00003,0
1506100994,22064987,1.18606,164.43997,0
1506100992,22064983,1.18811,0.00003,1
1506100991,22064978,1.18811,262.20327,1
1506100991,22064977,1.18811,0.00003,1
1506100990,22064975,1.18797,262.20327,0
1506100977,22064964,1.18500,478.17918,1
1506100973,22064959,1.18500,968.50554,1
1506100962,22064953,1.18500,261.25669,1
1506100958,22064942,1.18500,141.70825,1
1506100957,22064939,1.18500,126.83128,1
1506100957,22064937,1.18501,5.92909,1
1506100957,22064936,1.18501,8.89364,1
1506100952,22064927,1.18797,260.98940,1
1506100952,22064926,1.18797,0.00003,1
1506100951,22064924,1.18501,260.98937,0
1506100948,22064921,1.18500,254.98549,1
1506100942,22064910,1.18501,259.78552,1
1506100921,22064877,1.18504,6.07598,1
1506100859,22064812,1.18500,44.94985,1
1506100571,22064581,1.18500,283.21559,1
1506100562,22064571,1.18500,3372.22065,1
1506100550,22064550,1.18500,209.84999,1
1506100547,22064545,1.18500,89.91999,1
1506100543,22064539,1.18500,48.75353,1
1506100515,22064490,1.18500,260.57596,1
1506100493,22064440,1.18500,279.84482,1
1506100493,22064438,1.18501,5.46979,1
1506100489,22064435,1.18500,271.43313,1
1506100489,22064433,1.18501,8.41169,1
1506100489,22064432,1.18507,5.46979,1
1506100427,22064401,1.18501,66.23738,1
1506100427,22064399,1.18528,5.61012,1
1506100296,22064364,1.18501,338.75603,0
1506100295,22064360,1.18501,1084.29779,1
1506100295,22064359,1.18502,8.50316,1
1506100295,22064357,1.18517,5.66296,1
1506100215,22064306,1.18501,482.87177,0
1506100214,22064304,1.18501,880.99014,1
1506100212,22064303,1.18501,1.46313,1
1506100212,22064302,1.18501,8.38263,1
1506100212,22064301,1.18524,5.58842,1
1506100205,22064295,1.18523,111.51000,1
1506100042,22064195,1.18500,63.80071,1
1506100042,22064194,1.18501,5.68495,1
1506100039,22064192,1.18501,9.28194,1
1506100039,22064190,1.18504,6.15240,1
1506100015,22064175,1.18501,34.64179,1
1506100015,22064173,1.18502,9.14612,1
1506100013,22064172,1.18519,6.21209,1
1506099929,22064153,1.18501,221.24317,1
1506099929,22064152,1.18853,6.17560,1
1506099929,22064151,1.18853,6.17560,1
1506099925,22064147,1.18501,927.77033,1
1506099925,22064146,1.18502,9.50233,1
1506099925,22064145,1.18555,6.20663,1
1506099907,22064132,1.18550,78.55276,1
1506099827,22064084,1.18553,73.36930,0
1506099827,22064083,1.18553,6.63070,1
1506099814,22064071,1.18550,1095.06885,1
1506099814,22064070,1.18577,6.82909,1
1506099786,22064056,1.18572,521.08163,1
1506099738,22064015,1.18550,84.83050,1
1506099738,22064014,1.18559,7.70950,1
1506099735,22064012,1.18550,448.83824,1
1506099734,22064010,1.18550,69.14226,1
1506099734,22064009,1.18558,7.70950,1
1506099538,22063939,1.18550,423.56739,1
1506099538,22063938,1.18551,13.05022,1
1506099538,22063937,1.18556,7.61239,1
1506099160,22063774,1.18551,4.18795,1
1506099159,22063773,1.18565,9.47205,1
1506098973,22063700,1.18501,7.31246,1
1506098973,22063699,1.18502,17.23368,1
1506098973,22063698,1.18503,120.00000,1
1506098973,22063697,1.18528,11.60386,1
1506098894,22063671,1.18991,5000.00000,0
1506098810,22063630,1.18500,1003.80005,1
1506098810,22063629,1.18500,846.76999,1
1506098741,22063566,1.18500,97.75000,1
1506098733,22063557,1.18500,541.37743,1
1506098733,22063556,1.18500,169.74999,1
1506098733,22063555,1.18500,135.64258,1
1506098711,22063535,1.18500,50.07595,1
1506098710,22063534,1.18500,2013.68405,1
1506098700,22063519,1.18500,50.08000,1
1506098699,22063517,1.18500,48.78996,1
1506098696,22063512,1.18500,281.28166,1
1506098694,22063504,1.18500,417.27726,1
1506098677,22063485,1.18500,51.97000,1
1506098674,22063482,1.18500,202.51851,1
1506098660,22063470,1.18500,67.41999,1
1506098639,22063432,1.18500,876.99150,1
1506098637,22063427,1.18500,269.93847,1
1506098612,22063387,1.18500,935.49087,1
1506098519,22063291,1.18500,1630.94515,1
1506098519,22063285,1.18500,2207.13081,1
1506098420,22063215,1.18500,15.14557,1
1506098419,22063213,1.18500,52.77000,1
1506098418,22063212,1.18500,731.27431,1
1506098418,22063209,1.18500,194.95569,1
1506098417,22063208,1.18500,176.73000,1
1506098368,22063161,1.18500,225.50419,1
1506098368,22063160,1.18500,371.68581,1
1506098331,22063134,1.18500,139.53000,1
1506098303,22063122,1.18500,203.74000,1
1506098300,22063120,1.18500,188.59418,1
1506098299,22063119,1.18500,15.09582,1
1506098297,22063118,1.18500,188.59417,1
1506098292,22063116,1.18500,1212.30999,1
1506098236,22063093,1.18514,96.87995,0
1506098236,22063092,1.18514,26.74576,0
1506098236,22063091,1.18514,447.79359,0
1506098225,22063088,1.18500,419.40584,1
1506098224,22063086,1.18500,806.81357,1
1506098223,22063084,1.18500,301.59491,1
1506098223,22063083,1.18501,26.74576,1
1506098219,22063080,1.18500,780.07356,1
1506098219,22063078,1.18514,26.74576,1
1506098155,22063034,1.18500,16.71152,1
1506098154,22063031,1.18511,22.52847,1
1506098099,22062989,1.18500,442.45191,1
1506098099,22062987,1.18504,18.96582,1
1506098050,22062951,1.18500,1335.71532,1
1506098050,22062949,1.18501,19.02967,1
1506098044,22062942,1.18500,279.70114,1
1506098040,22062924,1.18501,238.80000,1
1506098029,22062918,1.18502,19.10115,1
1506097771,22062648,1.18500,1237.67998,1
1506097771,22062647,1.18501,37.89110,1
1506097771,22062646,1.18501,28.41833,1
1506097771,22062645,1.18502,18.94555,1
1506097764,22062637,1.18500,1037.98000,1
1506097764,22062635,1.18500,245.31994,1
1506097763,22062634,1.18928,0.00006,1
1506097763,22062633,1.18928,250.83244,1
1506097759,22062623,1.18501,5.15503,1
1506097757,22062613,1.18519,19.15962,1
1506097547,22062525,1.18501,12.20253,1
1506097547,22062524,1.18501,447.79747,1
1506097330,22062421,1.18500,63.28780,1
1506097330,22062420,1.18501,6.71220,1
1506097319,22062409,1.18929,0.00307,1
1506097318,22062406,1.18929,96.87693,1
1506097318,22062405,1.18929,96.88000,1
1506097318,22062404,1.18929,96.88000,1
1506097317,22062403,1.18929,96.88000,1
1506097032,22062249,1.18500,774.69111,1
1506097032,22062247,1.18501,9.36502,1
1506097032,22062246,1.18501,620.89580,1
1506097031,22062245,1.18502,530.00000,1
1506097031,22062244,1.18502,7.02377,1
1506097031,22062243,1.18503,370.00000,1
1506096690,22062001,1.18997,555.27465,0
1506096578,22061904,1.18998,28.97250,0
1506096577,22061903,1.18960,28.97250,0
1506096577,22061902,1.18960,28.97250,0
1506096523,22061883,1.18999,97.06115,0
1506096522,22061882,1.18999,50.73418,0
1506096522,22061881,1.18988,51.88297,0
1506096441,22061777,1.18948,12.00340,0
1506096440,22061776,1.18948,43.43310,0
1506095923,22061263,1.18503,89.94000,1
1506095920,22061249,1.18503,98.53642,1
1506095903,22061120,1.18504,107.31999,1
1506095901,22061103,1.18995,62.92120,0
1506095893,22061094,1.18954,75.75250,0
1506095893,22061093,1.18954,75.75250,0
1506095893,22061092,1.18954,75.75250,0
1506095893,22061091,1.18954,75.75250,0
1506095892,22061086,1.18998,75.75250,0
1506095892,22061085,1.18998,75.75250,0
1506095892,22061084,1.18998,75.75250,0
1506095845,22061033,1.18980,71.56940,0
1506095828,22061009,1.18989,259.25230,0
1506095670,22060799,1.18500,49.63420,1
1506095670,22060797,1.18500,156.77688,1
1506095668,22060791,1.18504,59.58000,0
1506095667,22060789,1.18504,49.89000,0
1506095659,22060765,1.18500,563.36575,1
1506095659,22060764,1.18500,421.16681,1
1506095659,22060763,1.18500,73.54743,1
1506095614,22060731,1.18500,107.98000,1
1506095589,22060710,1.18500,367.65841,1
1506095587,22060707,1.18504,326.08000,0
1506095546,22060620,1.18500,48.99782,1
1506095546,22060609,1.18500,132.53218,1
1506095531,22060588,1.18500,2895.67100,1
1506095530,22060585,1.18500,553.69900,1
1506095529,22060581,1.18500,2596.67000,1
1506095526,22060574,1.18500,427.69679,1
1506095525,22060568,1.18500,5606.33476,1
1506095525,22060565,1.18500,553.69524,1
1506095524,22060563,1.18500,268.74000,1
1506095523,22060559,1.18500,12.65894,1
1506095523,22060557,1.18501,10.12715,0
1506095522,22060556,1.18501,5.06358,0
1506095521,22060553,1.18500,277.61460,1
1506095521,22060552,1.18501,5.06358,1
1506095520,22060549,1.18501,7.59536,1
1506095514,22060542,1.18500,93.34000,1
1506095513,22060539,1.18500,124.03000,1
1506095513,22060538,1.18500,752.79081,1
1506095512,22060536,1.18500,608.86671,1
1506095511,22060532,1.18500,136.07000,1
1506095493,22060488,1.18500,50.73418,1
1506095493,22060485,1.18501,7.34752,1
1506095479,22060462,1.18501,7.49766,1
1506095479,22060461,1.18501,19.61297,1
1506095479,22060460,1.18501,490.56528,1
1506095461,22060437,1.18501,1363.16580,1
1506095461,22060436,1.18501,26.37753,1
1506095461,22060435,1.18502,96.15493,1
1506095460,22060434,1.18502,20.30323,0
1506095460,22060432,1.18502,577.31873,0
1506095460,22060430,1.18501,28.60712,1
1506095458,22060427,1.18501,648.53040,1
1506095458,22060425,1.18501,81.93637,1
1506095458,22060424,1.18501,79.85587,1
1506095457,22060423,1.18501,53.95736,1
1506095455,22060419,1.18501,50.80200,1
1506095395,22060307,1.18501,758.01093,1
1506095362,22060236,1.18501,703.26000,1
1506095362,22060235,1.18501,155.67677,1
1506095361,22060232,1.18501,155.42000,1
1506095350,22060210,1.18501,53.96000,1
1506095273,22060128,1.18501,21.64000,1
1506095273,22060127,1.18501,872.01482,1
1506095273,22060126,1.18501,458.60518,1
1506095216,22060062,1.18501,549.31288,1
1506095137,22059945,1.18501,458.82347,1
1506095137,22059943,1.18502,11.39418,1
1506095136,22059942,1.18502,17.22128,1
1506095120,22059920,1.18502,28.46981,1
1506095120,22059919,1.18502,23.09178,1
1506095111,22059903,1.18502,340.71069,1
1506095111,22059902,1.18502,707.95998,1
1506095111,22059901,1.18502,770.03361,1
1506095110,22059900,1.18503,80.00000,1
1506095110,22059898,1.18503,17.31884,1
1506095013,22059803,1.18501,333.22732,1
1506095013,22059800,1.18501,884.93778,1
1506095013,22059799,1.18505,23.26650,1
1506095009,22059791,1.18505,120.06000,1
1506094996,22059769,1.18504,41.32288,1
1506094995,22059768,1.18523,11.67712,1
1506094952,22059698,1.18504,101.35456,1
1506094951,22059697,1.18511,310.00000,1
1506094951,22059696,1.18512,15.47544,1
1506094942,22059688,1.18510,332.09000,1
1506094927,22059666,1.18998,2656.12117,0
1506094927,22059665,1.18997,1760.00000,0
1506094927,22059664,1.18973,161.51496,0
1506094927,22059663,1.18973,260.84867,0
1506094927,22059662,1.18973,161.51520,0
1506094915,22059634,1.18501,93.34388,1
1506094901,22059613,1.18501,453.29000,1
1506094898,22059607,1.18501,60.00000,1
1506094889,22059587,1.18501,175.15250,1
1506094889,22059586,1.18501,310.46750,1
1506094888,22059582,1.18501,999.58686,1
1506094882,22059572,1.18501,707.96000,1
1506094876,22059561,1.18501,5.14812,1
1506094876,22059560,1.18501,315.68999,1
1506094873,22059549,1.18501,35.40590,1
1506094866,22059535,1.18501,644.43254,1
1506094866,22059534,1.18501,1952.47746,1
1506094862,22059512,1.18501,23.56594,1
1506094843,22059436,1.18501,393.59000,1
1506094842,22059425,1.18501,419.00086,1
1506094842,22059419,1.18501,67.78914,1
1506094841,22059414,1.18501,368.20000,1
1506094832,22059385,1.18501,353.12000,1
1506094830,22059375,1.18501,175.98000,1
1506094830,22059373,1.18501,156.65002,1
1506094829,22059371,1.18501,724.09998,1
1506094827,22059366,1.18501,199.42999,1
1506094827,22059365,1.18501,1244.52001,1
1506094825,22059357,1.18501,69.43000,1
1506094825,22059355,1.18501,997.35000,1
1506094824,22059354,1.18501,129.99754,1
1506094824,22059351,1.18501,69.44246,1
1506094824,22059346,1.18501,69.44000,1
1506094823,22059343,1.18501,201.28000,1
1506094817,22059315,1.18501,195.45398,1
1506094816,22059309,1.18501,396.71457,1
1506094813,22059298,1.18501,198.76522,1
1506094812,22059295,1.18501,811.56000,1
1506094811,22059291,1.18501,264.42685,1
1506094811,22059288,1.18501,179.83481,1
1506094806,22059254,1.18501,183.14614,1
1506094806,22059253,1.18501,1186.49742,1
1506094806,22059252,1.18501,313.56999,1
1506094806,22059251,1.18501,487.50644,1
1506094805,22059249,1.18501,173.94001,1
1506094803,22059227,1.18501,474.27000,1
1506094802,22059222,1.18501,202.78000,1
1506094801,22059218,1.18501,487.38000,1
1506094794,22059136,1.18501,192.26000,1
1506094791,22059124,1.18501,183.15000,1
1506094788,22059110,1.18501,199.20978,1
1506094787,22059108,1.18501,271.44050,1
1506094786,22059104,1.18501,199.15481,1
1506094784,22059092,1.18501,196.33305,1
1506094781,22059082,1.18501,108.04950,1
1506094767,22059045,1.18501,20.50667,1
1506094765,22059038,1.18501,53.99999,1
1506094751,22059007,1.18501,1176.74000,1
1506094746,22058990,1.18501,729.81000,1
1506094745,22058988,1.18501,84.45000,1
1506094739,22058974,1.18501,38.41081,1
1506094738,22058972,1.18501,41.02919,1
1506094738,22058970,1.18501,41.03000,1
1506094738,22058969,1.18501,187.95243,1
1506094732,22058955,1.18501,147.45000,1
1506094729,22058948,1.18501,41.04000,1
1506094727,22058940,1.18501,180.83494,1
1506094727,22058938,1.18501,1124.50000,1
1506094715,22058908,1.18501,421.46480,1
1506094701,22058886,1.18501,49.82000,1
1506094687,22058854,1.18501,209.53999,1
1506094626,22058800,1.18501,745.74999,1
1506094622,22058791,1.18501,269.87000,1
1506094617,22058775,1.18501,269.87000,1
1506094616,22058772,1.18501,603.10428,1
1506094615,22058769,1.18501,29.53613,1
1506094615,22058768,1.18501,87.19017,1
1506094615,22058767,1.18502,122.87982,1
1506094577,22058695,1.18502,1115.84999,1
1506094511,22058630,1.18501,1017.11386,1
1506094511,22058629,1.18501,29.53614,1
1506094476,22058593,1.18501,108.12000,1
1506094475,22058591,1.18957,1236.61400,0
1506094471,22058585,1.18501,44.74739,1
1506094471,22058584,1.18501,20.11261,1
1506094456,22058569,1.18501,152.86738,1
1506094455,22058568,1.18501,60.03262,1
1506094436,22058552,1.18501,99.92934,1
1506094430,22058547,1.18501,320.81000,1
1506094426,22058544,1.18501,182.34446,1
1506094397,22058510,1.18501,3636.78000,1
1506094395,22058506,1.18501,182.34000,1
1506094393,22058499,1.18501,182.35000,1
1506094391,22058494,1.18501,182.18000,1
1506094381,22058472,1.18501,239.82998,1
1506094381,22058469,1.18501,196.30264,1
1506094380,22058468,1.18501,493.38847,1
1506094380,22058467,1.18502,17.52505,1
1506094380,22058465,1.18502,13.32385,1
1506094300,22058342,1.18501,261.81526,1
1506094289,22058325,1.18501,183.00000,1
1506094289,22058324,1.18501,36.26357,1
1506094288,22058320,1.18501,203.56643,1
1506094277,22058302,1.18501,86.40000,1
1506094277,22058300,1.18501,232.56622,1
1506094277,22058298,1.18501,190.00378,1
1506094270,22058289,1.18502,61.97000,1
1506094257,22058264,1.18501,4028.98265,1
1506094257,22058263,1.18502,220.00000,1
1506094253,22058256,1.18501,281.52506,1
1506094251,22058249,1.18502,440.00000,1
1506094248,22058239,1.18964,512.94910,0
1506094245,22058230,1.18502,360.00000,1
1506094243,22058227,1.18501,161.19000,1
1506094243,22058225,1.18502,47.01187,0
1506094235,22058200,1.18501,203.57000,1
1506094234,22058187,1.18501,1934.38806,1
1506094234,22058181,1.18501,108.16787,1
1506094233,22058174,1.18501,61.72407,1
1506094232,22058168,1.18501,202.93081,1
1506094232,22058165,1.18501,161.50919,1
1506094211,22058095,1.18501,53.52885,1
1506094190,22058039,1.18501,109.62840,1
1506094181,22058011,1.18501,341.77760,1
1506094177,22057988,1.18501,135.81811,1
1506094177,22057987,1.18502,9.16330,1
1506094177,22057986,1.18502,36.11982,1
1506094177,22057985,1.18502,10.89795,1
1506094177,22057983,1.18505,6.10886,1
1506094171,22057969,1.18502,1193.60011,1
1506094171,22057968,1.18502,61.73727,1
1506094171,22057967,1.18502,233.23916,1
1506094171,22057966,1.18503,8.17346,1
1506094169,22057963,1.18503,199.40123,1
1506094169,22057962,1.18503,156.94784,1
1506094169,22057961,1.18506,6.12312,1
1506094150,22057896,1.18600,61.64690,0
1506094150,22057895,1.18600,61.64690,0
1506094150,22057894,1.18600,61.64690,0
1506094150,22057892,1.18600,61.64690,0
1506094149,22057890,1.18600,61.64690,0
1506094149,22057889,1.18600,49.35344,0
1506094149,22057888,1.18600,12.29346,0
1506094149,22057887,1.18600,61.64690,0
1506094149,22057886,1.18600,61.64690,0
1506094149,22057885,1.18600,61.64690,0
1506094149,22057882,1.18600,19.85751,0
1506094149,22057881,1.18600,41.78939,0
1506094149,22057880,1.18600,28.00023,0
1506094148,22057879,1.18600,33.64667,0
1506094148,22057877,1.18600,61.64690,0
1506094148,22057876,1.18600,53.23681,0
1506094147,22057875,1.18600,8.41009,0
1506094147,22057873,1.18600,61.64690,0
1506094147,22057872,1.18600,61.64690,0
1506094147,22057871,1.18600,61.64690,0
1506094147,22057870,1.18600,61.64690,0
1506094146,22057869,1.18600,38.61108,0
1506094146,22057868,1.18600,23.03582,0
1506094146,22057867,1.18600,61.64690,0
1506094145,22057865,1.18501,76.75000,1
1506094144,22057856,1.18501,278.21361,1
1506094143,22057849,1.18501,17.72840,1
1506094130,22057826,1.18502,217.09000,1
1506094129,22057823,1.18549,615.35165,1
1506094128,22057822,1.18549,218.31479,1
1506094128,22057820,1.18549,59.01948,1
1506094034,22057642,1.18550,450.30193,1
1506094032,22057639,1.18550,393.62000,1
1506094028,22057634,1.18550,499.34000,1
1506094026,22057632,1.18549,450.18000,1
1506094024,22057625,1.18550,82.38422,1
1506094019,22057610,1.18549,171.23567,1
1506093995,22057570,1.18549,2485.89841,1
1506093995,22057568,1.18550,1040.00000,1
1506093995,22057567,1.18600,710.48081,1
1506093990,22057552,1.18600,397.81168,1
1506093990,22057549,1.18600,461.06000,1
1506093989,22057547,1.18600,338.06913,1
1506093989,22057546,1.18600,488.79427,1
1506093989,22057544,1.18600,161.71660,1
1506093985,22057535,1.18600,378.19971,1
1506093981,22057531,1.18600,426.10000,1
1506093979,22057528,1.18600,488.79000,1
1506093978,22057521,1.18600,383.31044,1
1506093977,22057518,1.18600,281.94453,1
1506093976,22057516,1.18600,426.10000,1
1506093975,22057515,1.18600,281.19481,1
1506093971,22057506,1.18600,424.48000,1
1506093969,22057502,1.18600,424.48000,1
1506093963,22057484,1.18600,261.54841,1
1506093959,22057477,1.18600,261.52779,1
1506093958,22057475,1.18600,261.50474,1
1506093956,22057470,1.18600,259.69216,1
1506093954,22057463,1.18600,5.61122,1
1506093947,22057454,1.18600,281.73633,1
1506093945,22057447,1.18600,283.89555,1
1506093944,22057443,1.18600,1339.07123,1
1506093943,22057442,1.18600,346.58997,1
1506093935,22057426,1.18600,223.15999,1
1506093935,22057425,1.18600,70.45002,1
1506093729,22057302,1.18600,53.72000,1
1506093727,22057301,1.18600,1353.28607,1
1506093727,22057300,1.18600,132.04392,1
1506093711,22057262,1.18600,80.00000,1
1506093707,22057254,1.18600,137.63000,1
1506093595,22057104,1.18600,1794.23336,1
1506093550,22057000,1.18600,1631.75882,1
1506093550,22056998,1.18600,301.85117,1
1506093549,22056997,1.18600,1087.59290,1
1506093545,22056991,1.18600,1130.06187,1
1506093538,22056982,1.18600,1129.60974,1
1506093529,22056976,1.18600,2.12148,1
1506093529,22056975,1.18601,450.00000,1
1506093166,22056746,1.19000,665.38336,0
1506093008,22056633,1.19000,562.73390,0
1506092990,22056618,1.19000,3651.23716,0
1506092990,22056617,1.19000,38.26061,0
1506092990,22056615,1.19000,1310.50223,0
1506092976,22056607,1.18600,79.86621,1
1506092976,22056606,1.18600,11.76907,1
1506092974,22056604,1.18600,680.39163,1
1506092974,22056602,1.18601,32.50837,1
1506092809,22056472,1.18600,50.06000,1
1506092765,22056433,1.19000,940.75560,0
1506092765,22056432,1.18999,128.94870,0
1506092758,22056425,1.18600,267.88999,1
1506092758,22056423,1.18600,55.14867,1
1506092758,22056420,1.18600,332.08264,1
1506092557,22056285,1.18600,100.00000,1
1506092549,22056281,1.18600,132.09000,1
1506092466,22056243,1.18600,420.11153,1
1506092466,22056242,1.18600,849.96979,1
1506092466,22056240,1.18600,55.14868,1
1506092439,22056230,1.18600,332.09000,1
1506092437,22056225,1.18600,282.91679,1
1506092436,22056223,1.18600,355.84955,1
1506092273,22056115,1.18600,109.41000,1
1506092248,22056074,1.19000,692.16070,0
1506092247,22056070,1.18600,18.97999,1
1506092243,22056062,1.18600,55.08000,1
1506092242,22056059,1.18600,88.81000,1
1506092233,22056040,1.18600,143.95868,1
1506092231,22056036,1.18600,1942.50000,1
1506092214,22056005,1.18601,255.97605,1
1506092213,22055996,1.18601,13.13665,1
1506092194,22055961,1.18601,13.06760,1
1506092139,22055908,1.19000,1647.21122,0
1506092139,22055907,1.18999,91.62578,0
1506091945,22055798,1.19000,2148.25480,0
1506091900,22055750,1.18600,38.26061,1
1506091900,22055749,1.18604,8.74614,1
1506091758,22055627,1.18600,37.85398,1
1506091758,22055626,1.18600,43.81210,1
1506091758,22055625,1.18600,43.81210,1
1506091758,22055624,1.18600,43.81210,1
1506091758,22055623,1.18600,43.81210,1
1506091757,22055622,1.18600,43.81210,1
1506091757,22055621,1.18600,43.81210,1
1506091757,22055620,1.18600,43.81210,1
1506091757,22055619,1.18600,43.81210,1
1506091757,22055618,1.18600,43.81210,1
1506091757,22055617,1.18600,43.81210,1
1506091757,22055616,1.18600,43.81210,1
1506091757,22055615,1.18600,43.81210,1
1506091757,22055614,1.18600,43.81210,1
1506091757,22055613,1.18603,5.95812,1
1506091743,22055597,1.19000,43.81210,0
1506091743,22055596,1.19000,43.81210,0
1506091743,22055595,1.19000,43.81210,0
1506091743,22055594,1.19000,43.81210,0
1506091742,22055593,1.19000,43.81210,0
1506091741,22055592,1.19000,43.81210,0
1506091741,22055591,1.19000,43.81210,0
1506091741,22055590,1.19000,43.81210,0
1506091741,22055589,1.19000,43.81210,0
1506091741,22055588,1.19000,43.81210,0
1506091741,22055587,1.19000,43.81210,0
1506091740,22055586,1.19000,43.81210,0
1506091740,22055585,1.19000,43.81210,0
1506091740,22055584,1.19000,43.81210,0
1506091739,22055583,1.18999,43.81210,0
1506091739,22055582,1.18999,43.81210,0
1506091739,22055581,1.18999,43.81210,0
1506091739,22055580,1.18999,43.81210,0
1506091739,22055579,1.18999,43.81210,0
1506091739,22055578,1.18999,43.81210,0
1506091738,22055577,1.18999,43.81210,0
1506091738,22055576,1.18999,43.81210,0
1506091738,22055575,1.18999,43.81210,0
1506091738,22055574,1.18999,43.81210,0
1506091737,22055573,1.18999,43.81210,0
1506091737,22055572,1.18999,31.43630,0
1506091737,22055571,1.18900,12.37580,0
1506091737,22055570,1.18900,43.81210,0
1506091737,22055569,1.18900,43.81210,0
1506091646,22055516,1.18550,159.99396,1
1506091644,22055515,1.18600,0.00604,1
1506091575,22055480,1.18600,364.32547,1
1506091574,22055473,1.19000,18.19150,0
1506091573,22055471,1.19000,18.19150,0
1506091510,22055444,1.18600,372.97999,1
1506091493,22055439,1.19000,737.31150,0
1506091493,22055438,1.18999,1380.00000,0
1506091345,22055391,1.18550,1046.76491,1
1506091340,22055384,1.18550,462.26060,1
1506091340,22055382,1.18551,13.68235,1
1506091340,22055381,1.18551,24.24125,1
1506091340,22055380,1.18551,30.33176,1
1506091333,22055366,1.18551,1.98990,1
1506091333,22055364,1.18552,440.00000,1
1506091333,22055363,1.18560,9.73346,1
1506091333,22055362,1.18566,13.73873,1
1506090732,22055063,1.18561,41.17999,1
1506090732,22055061,1.18600,13.76947,1
1506090630,22055000,1.18600,427.36931,1
1506090630,22054998,1.18600,370.27999,1
1506090619,22054976,1.18600,88.05450,1
1506090547,22054934,1.18600,1001.06240,1
1506090541,22054921,1.18600,982.82583,1
1506090540,22054917,1.18601,19.65970,1
1506090540,22054916,1.18601,20.87563,1
1506090533,22054909,1.19000,2883.36150,0
1506090532,22054908,1.18999,1230.00000,0
1506090532,22054907,1.18949,252.19415,0
1506090532,22054906,1.18949,16.07940,0
1506090532,22054905,1.18949,39.61014,0
1506090532,22054904,1.18949,50.34945,0
1506090532,22054903,1.18949,318.73912,0
1506090532,22054902,1.18949,209.66624,0
1506090510,22054874,1.18550,3291.89619,1
1506090503,22054862,1.18550,55.06999,1
1506090502,22054861,1.18550,196.22841,1
1506090502,22054860,1.18550,87.50702,1
1506090502,22054859,1.18550,1066.56264,1
1506090500,22054852,1.18550,304.10330,1
1506090493,22054833,1.18550,135.95108,1
1506090489,22054828,1.18550,524.07906,1
1506090489,22054827,1.18551,21.06511,1
1506090484,22054815,1.18561,15.80785,1
1506090483,22054812,1.18550,456.08677,1
1506090483,22054811,1.18560,21.15323,1
1506090443,22054776,1.18550,1196.29879,1
1506090443,22054775,1.18551,15.94114,1
1506090437,22054770,1.18565,16.10771,1
1506090395,22054741,1.18550,1697.87141,1
1506090372,22054717,1.18550,59.40591,1
1506090372,22054716,1.18552,16.07940,1
1506090363,22054708,1.18550,75.42812,1
1506090362,22054707,1.18553,16.07940,1
1506090348,22054692,1.18572,18.61525,0
1506090348,22054691,1.18550,557.12474,1
1506090348,22054690,1.18572,18.61525,1
1506090317,22054631,1.18550,820.38266,1
1506090316,22054630,1.18565,18.68694,1
1506090245,22054575,1.18550,687.99947,1
1506090245,22054573,1.18557,18.64052,1
1506090220,22054550,1.18550,0.99098,1
1506090220,22054548,1.18551,190.00000,1
1506090216,22054542,1.18611,18.85533,1
1506090214,22054538,1.18551,370.00000,1
1506090214,22054537,1.18600,11.72006,1
1506090214,22054536,1.18610,18.91482,1
1506090152,22054488,1.18550,2974.31602,1
1506090152,22054487,1.18551,19.46918,1
1506090152,22054485,1.18551,10.00817,1
1506090151,22054483,1.18551,39.03924,1
1506090151,22054482,1.18552,19.46319,1
1506090143,22054475,1.18605,773.13773,1
1506090134,22054457,1.18605,724.43292,1
1506090134,22054456,1.18605,112.17313,1
1506090134,22054455,1.18606,19.51962,1
1506090134,22054454,1.18606,29.27943,1
1506090133,22054453,1.18605,228.70000,1
1506090133,22054452,1.18605,23.59742,1
1506090132,22054449,1.18605,1102.64000,1
1506090131,22054443,1.18605,924.62488,1
1506090130,22054439,1.18605,923.26631,1
1506090129,22054437,1.18605,699.61198,1
1506090128,22054435,1.18605,201.81857,1
1506090128,22054433,1.18605,208.53379,1
1506090128,22054432,1.18605,14.44198,1
1506090127,22054429,1.18605,178.17106,1
1506090127,22054426,1.18605,218.86796,1
1506090127,22054422,1.18605,505.11170,1
1506090127,22054420,1.18605,31.14732,1
1506090126,22054419,1.18605,43.57622,1
1506090126,22054417,1.18605,524.88462,1
1506090125,22054412,1.18605,316.98454,1
1506090124,22054411,1.18605,219.27180,1
1506090124,22054408,1.18606,39.61366,1
1506090114,22054399,1.18605,60.00000,1
1506090113,22054397,1.18605,233.43830,1
1506090113,22054396,1.18606,19.80468,1
1506090113,22054395,1.18606,29.70702,1
1506090110,22054390,1.18605,217.99563,1
1506090110,22054389,1.18605,377.25649,1
1506090110,22054386,1.18605,221.74788,1
1506090108,22054382,1.18605,173.47155,1
1506090108,22054381,1.18605,369.99267,1
1506090108,22054379,1.18605,33.76981,1
1506090107,22054378,1.18605,60.91020,1
1506090107,22054376,1.18605,60.91020,1
1506090107,22054375,1.18605,4.75244,1
1506090107,22054374,1.18605,61.40617,1
1506090107,22054372,1.18605,333.81696,1
1506090105,22054360,1.18605,804.19445,1
1506090104,22054359,1.18605,151.20621,1
1506090104,22054358,1.18606,21.70425,1
1506090104,22054357,1.18606,18.66440,1
1506090104,22054354,1.18606,31.68691,1
1506090104,22054353,1.18609,20.18433,1
1506090089,22054335,1.18605,449.99410,1
1506090089,22054334,1.18605,70.52582,1
1506090089,22054332,1.18605,9.39651,1
1506090089,22054329,1.18605,221.73767,1
1506090087,22054326,1.18605,79.94439,1
1506090087,22054324,1.18605,221.73561,1
1506090084,22054320,1.18606,21.25339,0
1506090083,22054319,1.18605,492.41000,1
1506090082,22054317,1.18605,429.59438,1
1506090082,22054314,1.18606,149.99957,1
1506090082,22054311,1.18606,340.00043,1
1506090082,22054309,1.18611,22.20059,1
1506090081,22054307,1.18611,230.00000,1
1506090067,22054273,1.18607,410.43455,1
1506090060,22054259,1.18605,780.00086,1
1506090059,22054258,1.18605,616.51702,1
1506090058,22054251,1.18615,22.05116,1
1506090058,22054247,1.18616,548.29042,1
1506090057,22054243,1.18616,231.70958,1
1506090031,22054221,1.18605,15.50882,1
1506090030,22054219,1.18632,24.74559,0
1506090029,22054218,1.18632,24.74559,1
1506089986,22054140,1.19050,1464.38131,0
1506089986,22054139,1.19049,1957.57249,0
1506089986,22054137,1.19048,440.00000,0
1506089950,22054093,1.19049,2042.42751,0
1506089950,22054092,1.19048,990.00000,0
1506089950,22054091,1.19000,1497.57249,0
1506089950,22054090,1.18999,470.00000,0
1506089918,22054023,1.18605,71.24489,1
1506089917,22054021,1.18605,127.84453,1
1506089909,22054007,1.18605,116.48751,1
1506089896,22053976,1.18605,116.48751,1
1506089887,22053951,1.18605,598.29902,1
1506089887,22053948,1.18606,0.13275,1
1506089884,22053938,1.18606,26.41802,1
1506089795,22053844,1.18605,467.20903,1
1506089795,22053843,1.18606,26.73305,1
1506089795,22053842,1.18606,393.26695,1
1506089795,22053840,1.18606,7.55255,1
1506089794,22053838,1.18606,5.66441,1
1506089794,22053837,1.18607,3.02320,1
1506089794,22053835,1.18607,306.97680,1
1506089793,22053834,1.18610,3.02177,1
1506089792,22053831,1.18610,23.70875,1
1506089790,22053826,1.18609,23.70816,1
1506089781,22053817,1.18622,23.69713,1
1506089588,22053574,1.19050,587.99695,0
1506089588,22053573,1.19025,4412.00305,0
1506089587,22053572,1.19025,587.99695,0
1506089587,22053570,1.19000,897.14328,0
1506089587,22053569,1.19000,43.81547,0
1506089587,22053568,1.19000,335.32314,0
1506089587,22053567,1.19000,478.85308,0
1506089586,22053566,1.19000,2656.86808,0
1506089582,22053555,1.19000,575.03392,0
1506089582,22053553,1.19000,4424.96608,0
1506089185,22053060,1.19000,916.59270,0
1506089184,22053059,1.19000,916.59270,0
1506089150,22053035,1.18999,435.99986,0
1506089150,22053034,1.18606,1044.25424,0
1506089147,22053032,1.18605,897.14328,1
1506089123,22053016,1.18606,6.39936,0
1506089122,22053015,1.18606,11.94130,1
1506089122,22053014,1.18606,8.95597,1
1506089122,22053013,1.18612,6.35444,1
1506089114,22053011,1.19000,730.70573,0
1506089114,22053010,1.18999,662.38999,0
1506089114,22053009,1.18999,17.52508,0
1506089056,22052982,1.19000,1176.23840,0
1506088914,22052889,1.18605,43.81547,1
1506088914,22052888,1.18606,9.24830,1
1506088914,22052887,1.18606,6.93623,1
1506088913,22052886,1.19000,60.91020,0
1506088913,22052884,1.19000,60.91020,0
1506088913,22052883,1.19000,4.75244,0
1506088913,22052881,1.18999,56.15776,0
1506088912,22052879,1.18999,60.91020,0
1506088912,22052878,1.18999,60.91020,0
1506088912,22052877,1.18999,60.91020,0
1506088912,22052876,1.18999,60.91020,0
1506088912,22052875,1.18999,60.91020,0
1506088912,22052874,1.18999,60.91020,0
1506088911,22052873,1.18999,60.91020,0
1506088911,22052872,1.18999,60.91020,0
1506088911,22052871,1.18999,60.91020,0
1506088910,22052870,1.18999,60.91020,0
1506088902,22052865,1.18999,1088.92430,0
1506088809,22052774,1.18605,29.08815,1
1506088809,22052765,1.18605,306.23499,1
1506088705,22052641,1.18605,381.83356,1
1506088687,22052629,1.19000,35.63750,0
1506088687,22052628,1.19000,35.63750,0
1506088686,22052627,1.19000,35.63750,0
1506088686,22052625,1.19000,10.91681,0
1506088686,22052623,1.18998,24.72069,0
1506088686,22052622,1.18998,35.63750,0
1506088686,22052621,1.18998,35.63750,0
1506088547,22052550,1.18998,32.44430,0
1506088379,22052498,1.18605,97.01952,1
1506088202,22052438,1.18605,38.30362,1
1506088129,22052412,1.18605,1183.66999,1
1506088122,22052409,1.18605,41.58999,1
1506088042,22052314,1.19000,1722.59350,0
1506088042,22052312,1.19000,7383.11632,0
1506088042,22052311,1.19000,31.58329,1
1506088040,22052308,1.18968,34.85302,1
1506088040,22052307,1.18968,890.00000,0
1506087995,22052286,1.18505,153.26780,1
1506087995,22052284,1.18506,200.68097,1
1506087993,22052280,1.18505,38.36126,1
1506087992,22052278,1.18506,301.04708,1
1506087991,22052275,1.18506,56.71443,1
1506087972,22052254,1.18506,315.95573,0
1506087970,22052253,1.18505,63.80000,1
1506087969,22052252,1.18506,252.45000,1
1506087965,22052246,1.18506,282.86478,1
1506087908,22052201,1.18507,31.56001,1
1506087908,22052199,1.18507,128.43999,1
1506087835,22052093,1.18510,38.30901,1
1506087769,22052062,1.18506,398.71000,1
1506087702,22052024,1.18551,0.50530,0
1506087701,22052023,1.18551,100.55458,0
1506087695,22052016,1.18551,49.27679,0
1506087695,22052015,1.18551,28.39974,0
1506087635,22051996,1.18551,518.95971,0
1506087635,22051995,1.18551,144.87920,0
1506087635,22051994,1.18551,108.57000,0
1506087634,22051992,1.18551,94.20999,0
1506087634,22051991,1.18551,433.41899,0
1506087571,22051940,1.18510,108.46255,1
1506087570,22051939,1.18510,108.54258,1
1506087570,22051938,1.18510,40.72742,1
1506087502,22051895,1.18510,279.50063,1
1506087502,22051893,1.18510,108.53937,1
1506087501,22051892,1.18510,43.47000,1
1506087492,22051883,1.18510,108.54000,1
1506087487,22051879,1.18510,78.83000,1
1506087487,22051877,1.18510,84.01000,1
1506087425,22051843,1.18551,176.71100,0
1506087425,22051842,1.18551,151.28488,0
1506087425,22051841,1.18551,15.59002,0
1506087425,22051840,1.18550,100.32000,0
1506087377,22051805,1.18510,484.73846,1
1506087311,22051700,1.18550,218.64834,1
1506087311,22051699,1.18550,48.89999,1
1506087299,22051687,1.18551,48.90000,0
1506087258,22051645,1.18605,79.75780,0
1506087257,22051644,1.18605,79.75780,0
1506087257,22051643,1.18605,42.55504,0
1506087257,22051642,1.18605,37.20276,0
1506087257,22051641,1.18605,79.75780,0
1506087257,22051639,1.18605,79.75780,0
1506087256,22051638,1.18605,79.75780,0
1506087256,22051637,1.18605,79.75780,0
1506087256,22051635,1.18605,79.75780,0
1506087255,22051634,1.18605,79.75780,0
1506087255,22051633,1.18605,79.75780,0
1506087234,22051607,1.18550,574.80000,1
1506087218,22051588,1.18550,108.75365,1
1506087207,22051564,1.18550,108.94000,1
1506087203,22051556,1.18550,85.24000,1
1506087200,22051549,1.18550,1970.15772,1
1506087200,22051546,1.18550,258.51000,1
1506087197,22051541,1.18550,281.60348,1
1506087196,22051538,1.18550,212.45000,1
1506087194,22051532,1.18550,18.05552,1
1506087192,22051528,1.18550,105.11000,1
1506087185,22051512,1.18550,227.82000,1
1506087101,22051417,1.18550,199.67999,1
1506087101,22051416,1.18550,18.32280,1
1506087094,22051401,1.18550,281.97233,1
1506087093,22051397,1.18550,268.77458,1
1506087080,22051372,1.18550,299.99747,1
1506087080,22051370,1.18550,199.68000,1
1506087078,22051365,1.18550,824.18000,1
1506087075,22051352,1.18550,1017.55442,1
1506087075,22051350,1.18551,300.00000,1
1506087075,22051348,1.18605,103.27811,1
1506087051,22051300,1.18605,181.07159,1
1506087051,22051299,1.18605,83.51377,1
1506087051,22051298,1.18605,227.17120,1
1506087048,22051290,1.18605,41.89671,1
1506087046,22051285,1.18605,354.99028,1
1506087046,22051284,1.18605,214.08145,1
1506087039,22051268,1.18605,372.30827,1
1506087024,22051258,1.18605,346.42735,1
1506086771,22051065,1.18605,237.58999,1
1506086610,22051001,1.18605,80.00000,1
1506086591,22050992,1.19000,139.21375,0
1506086590,22050965,1.19000,16.80743,0
1506086586,22050962,1.18995,34.15622,1
1506086586,22050961,1.18995,49.64378,1
1506086550,22050939,1.19000,452.65357,0
1506086550,22050937,1.19000,276.47000,0
1506086550,22050936,1.19000,113.23643,0
1506086546,22050928,1.19000,394.12528,0
1506086546,22050927,1.18999,292.10472,0
1506086544,22050921,1.19000,753.35278,0
1506086544,22050920,1.19000,89.02722,0
1506086542,22050912,1.18995,13.45760,1
1506086540,22050905,1.18995,15.64008,1
1506086524,22050868,1.18551,521.48404,1
1506086524,22050867,1.18605,0.00124,1
1506086491,22050859,1.18605,21.33006,1
1506086491,22050858,1.18605,70.31340,1
1506086491,22050856,1.18605,70.31340,1
1506086490,22050855,1.18605,30.06020,1
1506086490,22050854,1.18605,18.03040,1
1506086490,22050853,1.18605,49.64649,1
1506086490,22050852,1.18605,389.93605,1
1506086465,22050840,1.18605,38.51000,1
1506086463,22050836,1.18605,67.44446,1
1506086463,22050835,1.18605,50.22554,1
1506086447,22050822,1.18605,272.59668,1
1506086442,22050819,1.18605,50.31000,1
1506086369,22050764,1.18605,888.09818,1
1506086369,22050763,1.18605,695.37184,1
1506086362,22050756,1.18605,735.45916,1
1506086362,22050755,1.18605,28.58082,1
1506086357,22050750,1.18605,564.12402,1
1506086356,22050745,1.18605,276.47000,1
1506086340,22050731,1.19000,70.31340,0
1506086340,22050729,1.19000,70.31340,0
1506086294,22050705,1.19000,30.06020,0
1506086294,22050704,1.19000,18.03040,0
1506086294,22050703,1.18999,12.02980,0
1506086294,22050702,1.18999,30.06020,0
1506086255,22050692,1.18605,467.92000,1
1506086252,22050690,1.18605,93.73616,1
1506086252,22050689,1.18605,53.82598,1
1506086252,22050688,1.18605,430.98786,1
1506086240,22050676,1.18605,488.21000,1
1506086234,22050670,1.18605,225.38020,1
1506086234,22050669,1.18605,348.68980,1
1506086208,22050654,1.19000,1806.76740,0
1506086176,22050632,1.19000,1430.83100,0
1506086176,22050631,1.19000,1430.83100,0
1506086176,22050630,1.19000,53.82598,0
1506086176,22050629,1.19000,1144.57806,0
1506086176,22050628,1.18999,220.73000,0
1506086175,22050627,1.18999,11.69696,0
1506086145,22050609,1.19000,348.68980,0
1506086145,22050608,1.18999,450.00000,0
1506086054,22050542,1.18550,22.90163,1
1506086054,22050541,1.18551,6.35935,1
1506086054,22050540,1.18551,9.53902,1
1506086043,22050536,1.18550,2647.94808,1
1506086042,22050535,1.18551,11.69696,1
1506085577,22050212,1.18551,83.46121,1
1506085577,22050211,1.18557,11.69696,1
1506085552,22050200,1.18551,4.57099,1
1506085552,22050198,1.18551,15.36789,1
1506085552,22050197,1.18555,11.81225,1
1506085522,22050177,1.18552,12.79817,0
1506085521,22050175,1.18551,6.39265,1
1506085521,22050174,1.18551,29.01405,1
1506085521,22050173,1.18559,12.80216,1
1506085519,22050171,1.18997,28.72248,0
1506085476,22050131,1.18552,136.01458,1
1506085476,22050129,1.18552,47.32945,1
1506085475,22050128,1.18552,236.65597,1
1506085421,22050087,1.18552,422.67000,0
1506085418,22050083,1.18552,47.33000,1
1506085403,22050046,1.18552,285.38729,1
1506085402,22050045,1.18552,53.31999,1
1506085402,22050043,1.18552,153.25542,1
1506085091,22049672,1.18606,1342.09766,1
1506085091,22049670,1.18620,6.89790,1
1506084970,22049570,1.19000,2027.23600,0
1506084899,22049492,1.18998,137.53000,1
1506084873,22049480,1.19000,1339.10887,0
1506084855,22049464,1.19000,84.46000,0
1506084844,22049442,1.19000,55.92727,0
1506084844,22049441,1.19000,2616.03390,0
1506084840,22049434,1.19000,2383.96610,0
1506084840,22049433,1.19000,291.66896,0
1506084840,22049432,1.19000,3542.02930,0
1506084836,22049426,1.19000,1001.25760,0
1506084831,22049414,1.19000,165.04414,0
1506084830,22049413,1.19000,2507.86203,0
1506084827,22049399,1.19000,2492.13797,0
1506084827,22049397,1.19000,179.69971,0
1506084826,22049394,1.19000,258.78461,0
1506084824,22049388,1.19000,258.54372,0
1506084823,22049385,1.19000,785.36073,0
1506084822,22049383,1.19000,2572.94123,0
1506084822,22049378,1.19000,944.67000,0
1506084822,22049375,1.19000,311.71496,0
1506084820,22049369,1.19000,259.03632,0
1506084816,22049360,1.18999,488.21489,1
1506084816,22049359,1.19000,613.30038,0
1506084815,22049358,1.18999,260.00000,0
1506084783,22049330,1.18999,175.68000,0
1506084778,22049325,1.18998,164.31000,0
1506084775,22049321,1.18998,1375.64665,1
1506084673,22049225,1.18998,931.23000,0
1506084273,22048863,1.18514,50.00000,1
1506084263,22048858,1.18536,10.38705,1
1506084257,22048854,1.18535,100.00000,1
1506084211,22048837,1.18518,89.47123,1
1506084211,22048836,1.18657,0.09876,1
1506084210,22048835,1.18656,10.32342,0
1506083827,22048586,1.18998,813.19489,0
1506083816,22048566,1.18998,9.81208,0
1506083686,22048477,1.18514,85.95737,1
1506083686,22048476,1.18536,14.04263,1
1506083631,22048463,1.18518,640.45512,1
1506083631,22048462,1.18519,20.79293,1
1506083630,22048460,1.18571,13.86195,1
1506083442,22048283,1.18517,8.25601,0
1506083441,22048282,1.18517,20.84639,1
1506083441,22048281,1.18517,13.89760,1
1506083117,22047978,1.18522,299.86510,1
1506082834,22047722,1.18605,509.35000,0
1506082827,22047706,1.18610,0.12636,1
1506082826,22047697,1.18610,25.14540,1
1506082624,22047370,1.19000,701.73000,0
1506082623,22047365,1.18999,310.06788,1
1506082622,22047362,1.19000,210.38654,0
1506082622,22047357,1.18998,121.48774,0
1506082622,22047356,1.18998,28.51226,0
1506082620,22047344,1.18999,185.82459,0
1506082386,22046998,1.18820,32.99526,0
1506082385,22046997,1.18996,537.72640,1
1506082385,22046996,1.18996,537.72640,1
1506082384,22046994,1.18996,208.56968,1
1506082383,22046990,1.18996,329.15672,1
1506082383,22046989,1.18996,537.72640,1
1506082383,22046988,1.18996,213.79282,1
1506082382,22046986,1.18996,23.93358,0
1506082381,22046985,1.18993,300.00000,0
1506082377,22046979,1.18994,23.93000,0
1506082377,22046977,1.18994,23.93000,0
1506082377,22046976,1.18994,23.93000,0
1506082377,22046975,1.18994,23.93000,0
1506082377,22046974,1.18994,23.93000,0
1506082373,22046965,1.18996,0.11970,1
1506082372,22046962,1.18996,23.82062,1
1506082354,22046936,1.18994,300.00000,1
1506082305,22046908,1.18978,9.76669,1
1506082267,22046882,1.18978,66.35521,1
1506082267,22046881,1.18978,76.12190,1
1506082267,22046880,1.18979,9.76112,1
1506082264,22046876,1.18978,76.12190,1
1506082264,22046875,1.18978,76.12190,1
1506082264,22046874,1.18978,0.00001,1
1506082262,22046871,1.18513,76.12189,0
1506082153,22046803,1.18513,74.69000,0
1506082142,22046780,1.18513,231.12000,0
1506082130,22046775,1.18513,37.95550,0
1506082129,22046774,1.18513,37.95550,0
1506082129,22046773,1.18513,37.95550,0
1506082129,22046772,1.18513,37.95550,0
1506082128,22046770,1.18513,37.95550,0
1506082128,22046769,1.18513,37.95550,0
1506082128,22046768,1.18513,37.95550,0
1506082128,22046767,1.18513,37.95550,0
1506082123,22046761,1.18513,231.96000,0
1506082118,22046709,1.18513,197.13477,0
1506082117,22046705,1.18513,391.75540,0
1506082116,22046704,1.18513,62.89424,0
1506082106,22046690,1.18513,66.13767,0
1506082106,22046688,1.18513,62.39000,0
1506082086,22046643,1.18990,517.28000,0
1506082085,22046639,1.18990,62.72000,0
1506082061,22046615,1.18512,144.57999,1
1506082060,22046604,1.18511,156.70000,1
1506082060,22046603,1.18989,1812.06140,0
1506081972,22046535,1.18999,27.15210,0
1506081972,22046533,1.18999,27.15210,0
1506081972,22046532,1.18999,27.15210,0
1506081972,22046531,1.18999,27.15210,0
1506081946,22046501,1.19000,2903.83180,0
1506081946,22046500,1.18997,990.00000,0
1506081852,22046417,1.18970,1368.01425,0
1506081830,22046375,1.18502,111.59000,1
1506081789,22046333,1.18606,117.51461,0
1506081690,22046220,1.18503,100.00000,1
1506081681,22046204,1.18503,100.00000,1
1506081572,22045971,1.18995,8.88750,0
1506081572,22045970,1.18995,8.88750,0
1506081572,22045969,1.18995,8.88750,0
1506081571,22045968,1.18995,8.88750,0
1506081571,22045967,1.18995,8.88750,0
1506081571,22045966,1.18994,8.88750,0
1506081570,22045965,1.18994,8.88750,0
1506081517,22045908,1.18990,114.10150,1
1506081472,22045822,1.18502,527.35000,1
1506081443,22045774,1.18501,338.00924,1
1506081443,22045773,1.18502,9.39076,1
1506081427,22045751,1.18607,2139.87546,0
1506081427,22045750,1.18607,661.03184,0
1506081427,22045749,1.18607,125.51998,0
1506081427,22045748,1.18607,94.84344,0
1506081427,22045747,1.18606,830.82789,0
1506081427,22045746,1.18606,375.21995,0
1506081427,22045745,1.18606,12.41144,0
1506081427,22045744,1.18599,760.27000,0
1506081273,22045482,1.18501,58.28790,1
1506081273,22045478,1.18502,6.34191,1
1506081273,22045476,1.18530,6.75162,1
1506081273,22045474,1.18570,6.74707,1
1506081272,22045472,1.18599,1295.81963,1
1506081265,22045436,1.18599,440.51056,1
1506081263,22045423,1.18599,188.03000,1
1506081256,22045400,1.18602,470.59210,0
1506081256,22045399,1.18602,84.73828,0
1506081245,22045386,1.18599,600.90000,1
1506081241,22045364,1.18599,1434.61980,1
1506081241,22045362,1.18599,40.12001,1
1506081236,22045326,1.18602,1078.86848,1
1506081236,22045315,1.18602,113.26410,1
1506081234,22045305,1.18602,240.35360,1
1506081230,22045290,1.18606,15.67374,0
1506081207,22045267,1.18602,1145.30363,1
1506081037,22045153,1.18606,545.21150,0
1506081037,22045152,1.18606,239.02716,0
1506081021,22045129,1.18606,294.35357,0
1506081015,22045124,1.18606,127.64840,0
1506081015,22045123,1.18606,166.70517,0
1506081010,22045118,1.18602,4257.83690,1
1506081009,22045117,1.18603,218.16491,1
1506081006,22045113,1.18603,26.83996,1
1506081006,22045112,1.18603,597.32599,1
1506081006,22045110,1.18603,348.37999,1
1506081005,22045107,1.18603,395.53282,1
1506081005,22045101,1.18603,254.58991,1
1506080941,22045048,1.18603,230.98000,1
1506080933,22045035,1.18603,548.18137,1
1506080923,22045025,1.18603,67.27047,1
1506080913,22045011,1.18603,348.38000,1
1506080911,22045006,1.18603,230.92999,1
1506080911,22045005,1.18603,348.12999,1
1506080910,22045004,1.18603,2366.94003,1
1506080910,22045003,1.18603,27.13999,1
1506080900,22044982,1.18603,348.13035,1
1506080894,22044943,1.18603,348.13000,1
1506080892,22044924,1.18603,1329.15000,1
1506080889,22044894,1.18603,0.16255,1
1506080889,22044890,1.18604,104.01315,1
1506080886,22044871,1.18604,441.63997,1
1506080884,22044862,1.18604,41.08596,1
1506080884,22044859,1.18604,41.09007,1
1506080882,22044854,1.18604,348.14999,1
1506080882,22044850,1.18604,375.25717,1
1506080872,22044780,1.18604,1510.49251,1
1506080870,22044775,1.18604,375.26000,1
1506080868,22044757,1.18604,40.12000,1
1506080867,22044750,1.18604,768.90001,1
1506080863,22044739,1.18604,454.74999,1
1506080854,22044694,1.18604,454.75036,1
1506080844,22044671,1.18604,277.90480,1
1506080762,22044543,1.18604,74.42180,1
1506080762,22044539,1.18604,510.37858,1
1506080761,22044537,1.18604,174.10037,1
1506080761,22044533,1.18604,246.57685,1
1506080760,22044532,1.18604,786.76059,1
1506080760,22044531,1.18605,40.97759,1
1506080758,22044527,1.18605,0.11248,1
1506080758,22044526,1.18606,94.84754,1
1506080755,22044511,1.18606,283.40941,1
1506080755,22044508,1.18606,274.99564,1
1506080755,22044506,1.18606,41.09007,1
1506080754,22044504,1.18606,408.38999,1
1506080751,22044487,1.18606,1333.64000,1
1506080744,22044448,1.18606,125.52000,1
1506080739,22044430,1.18606,765.75000,1
1506080734,22044416,1.18606,363.42815,1
1506080734,22044415,1.18607,166.70517,1
1506080722,22044382,1.18607,38.17179,1
1506080719,22044370,1.18607,50.00000,1
1506080719,22044367,1.18607,573.29669,1
1506080719,22044366,1.18607,89.81331,1
1506080683,22044192,1.18607,115.08689,1
1506080682,22044189,1.18607,458.21311,1
1506080668,22044130,1.18607,38.31000,1
1506080646,22044080,1.18607,957.50000,1
1506080643,22044072,1.18607,382.29159,1
1506080643,22044070,1.18607,192.35841,1
1506080640,22044056,1.18607,191.14000,1
1506080640,22044055,1.18607,650.05300,1
1506080635,22044045,1.18606,573.44486,1
1506080633,22044037,1.18606,821.37498,1
1506080628,22044029,1.18606,574.79386,1
1506080621,22044012,1.18606,574.79386,1
1506080617,22043997,1.18606,574.79386,1
1506080613,22043991,1.18606,574.79386,1
1506080610,22043986,1.18606,307.02172,1
1506080609,22043984,1.18606,267.77827,1
1506080592,22043967,1.18606,574.79386,1
1506080587,22043962,1.18606,574.79386,1
1506080582,22043954,1.18606,38.32016,1
1506080546,22043854,1.18606,495.85861,1
1506080544,22043848,1.18606,576.29463,1
1506080540,22043836,1.18606,576.29463,1
1506080534,22043812,1.18606,576.29463,1
1506080530,22043789,1.18606,308.58996,1
1506080529,22043774,1.18606,267.71003,1
1506080519,22043749,1.18606,577.79999,1
1506080512,22043738,1.18606,104.26999,1
1506080339,22043595,1.18605,495.87286,1
1506080333,22043590,1.18605,2163.12972,1
1506080307,22043577,1.18605,489.67582,1
1506080282,22043563,1.18605,246.74999,1
1506080270,22043549,1.18605,246.06999,1
1506080249,22043539,1.18605,245.38999,1
1506080179,22043481,1.18605,367.33696,1
1506080044,22043389,1.18605,244.70999,1
1506080024,22043378,1.18605,103.48036,1
1506080024,22043377,1.18605,141.04963,1
1506080012,22043373,1.18605,97.24999,1
1506079522,22043123,1.18605,357.60576,1
1506079495,22043100,1.18605,100.00000,1
1506079450,22043079,1.18605,537.27999,1
1506079435,22043074,1.18605,127.35999,1
1506079296,22042965,1.18605,41.47466,1
1506079174,22042838,1.18999,850.57000,0
1506079053,22042724,1.18605,281.54318,1
1506079052,22042722,1.18605,42.90713,1
1506079049,22042717,1.18605,285.23016,1
1506079048,22042714,1.18605,386.22318,1
1506078524,22042256,1.18605,5000.00000,1
1506078244,22042097,1.18605,85.34000,1
1506078151,22041931,1.18605,60.00000,1
1506078138,22041921,1.18605,479.36000,1
1506078134,22041919,1.18605,476.65782,1
1506078122,22041902,1.18605,358.05071,1
1506078118,22041888,1.18605,358.05071,1
1506078112,22041880,1.18605,357.90267,1
1506078078,22041830,1.18605,801.92911,1
1506078078,22041829,1.18605,287.92767,1
1506078078,22041828,1.18605,778.80645,1
1506078076,22041826,1.18605,287.92918,1
1506078076,22041824,1.18605,123.10112,1
1506078076,22041823,1.18606,5.47807,1
1506078075,22041820,1.18605,1868.67220,1
1506078073,22041814,1.18605,485.61780,1
1506078073,22041810,1.18605,2273.22856,1
1506078072,22041808,1.18608,0.01359,1
1506078072,22041806,1.18608,5.81592,1
1506078061,22041799,1.18605,18.90086,1
1506078061,22041797,1.18633,5.84515,1
1506078020,22041763,1.18605,44.31168,1
1506078020,22041761,1.18624,5.86831,1
1506077855,22041564,1.18605,199.76393,1
1506077840,22041541,1.18606,5.65334,0
1506077839,22041537,1.18606,210.00000,0
1506077839,22041536,1.18605,801.72179,1
1506077838,22041532,1.18605,1246.13822,1
1506077838,22041531,1.18606,410.00000,1
1506077838,22041530,1.18610,5.65334,1
1506077822,22041489,1.18605,283.50248,1
1506077819,22041477,1.18606,402.49269,1
1506077819,22041475,1.18606,5.76988,1
1506077818,22041469,1.18607,130.00000,1
1506077818,22041468,1.18621,5.69925,1
1506077817,22041461,1.18620,5.69925,1
1506077769,22041408,1.19027,5.57213,1
1506077768,22041407,1.19047,0.14007,1
1506077768,22041404,1.19047,5.57213,1
1506077671,22041318,1.19075,83.14000,0
1506077666,22041304,1.19075,100.31977,0
1506077665,22041298,1.19075,2157.65107,0
1506077665,22041297,1.19075,230.39634,0
1506077664,22041295,1.19075,156.21000,0
1506077663,22041292,1.19075,524.25000,0
1506077663,22041290,1.19075,4.23787,0
1506077663,22041289,1.19075,228.86095,0
1506077660,22041276,1.19075,401.86510,0
1506077655,22041264,1.19075,169.98000,0
1506077626,22041236,1.19075,729.48000,0
1506077620,22041228,1.19075,46.54000,0
1506077619,22041227,1.19075,53.41000,0
1506077618,22041226,1.19075,74.65000,0
1506077617,22041224,1.19075,177.61242,0
1506077613,22041219,1.19075,491.88000,0
1506077610,22041212,1.19075,60.27000,0
1506077608,22041209,1.19075,99.37000,0
1506077608,22041208,1.19075,98.15000,0
1506077605,22041204,1.19075,128.16000,0
1506077600,22041191,1.19075,358.95065,0
1506077596,22041185,1.19075,358.80084,0
1506077590,22041177,1.19075,146.14000,0
1506077590,22041176,1.19075,145.86000,0
1506077584,22041157,1.19075,99.11049,0
1506077580,22041149,1.19075,159.31024,0
1506077575,22041145,1.19075,629.04000,0
1506077573,22041134,1.19075,342.55931,0
1506077573,22041133,1.19050,16.01455,0
1506077563,22041128,1.19050,267.71000,0
1506077537,22041105,1.19050,151.31456,0
1506077490,22041055,1.19050,358.33237,0
1506077486,22041052,1.19050,608.27000,0
1506077457,22040990,1.19050,358.33738,0
1506077409,22040950,1.19050,358.11800,0
1506077359,22040889,1.19050,358.01888,0
1506077355,22040882,1.19050,357.86905,0
1506077350,22040875,1.19050,357.72916,0
1506077348,22040872,1.19050,357.54665,0
1506077342,22040860,1.19050,357.39581,0
1506077323,22040835,1.19050,517.03000,0
1506077321,22040831,1.19050,576.31359,0
1506077321,22040830,1.19050,2310.01641,0
1506077321,22040826,1.19050,549.50427,0
1506077305,22040799,1.19050,357.24911,0
1506077299,22040786,1.19050,356.99440,0
1506077294,22040775,1.19050,356.83003,0
1506077291,22040769,1.19050,356.44989,0
1506077286,22040759,1.19050,356.31019,0
1506077281,22040753,1.19050,356.64570,0
1506077275,22040744,1.19025,356.49911,0
1506077274,22040742,1.19025,4643.50089,0
1506077274,22040741,1.19025,2829.43911,0
1506077272,22040736,1.19025,2170.56089,0
1506077272,22040734,1.19022,39.51911,0
1506077270,22040729,1.19000,50.00000,0
1506077270,22040728,1.19000,1084.38195,0
1506077270,22040727,1.19000,1512.94606,0
1506077270,22040726,1.19000,39.51000,0
1506077269,22040724,1.19000,510.13000,0
1506077266,22040713,1.19000,361.92937,0
1506077265,22040711,1.19000,1698.26889,0
1506077262,22040704,1.19000,566.69000,0
1506077262,22040702,1.19000,310.52568,0
1506077262,22040701,1.19000,50.76573,0
1506077257,22040692,1.19000,361.47415,0
1506077252,22040686,1.19000,361.46864,0
1506077248,22040677,1.19000,360.85234,0
1506077244,22040670,1.19000,360.74367,0
1506077236,22040658,1.19000,360.80121,0
1506077235,22040657,1.19000,3143.89426,0
1506077235,22040656,1.19000,601.46574,0
1506077232,22040647,1.19000,360.58326,0
1506077227,22040638,1.19000,360.28560,0
1506077223,22040628,1.19000,359.53139,0
1506077219,22040626,1.19000,359.88142,0
1506077215,22040623,1.19000,360.18080,0
1506077213,22040622,1.19000,1698.16000,0
1506077209,22040614,1.19000,359.50339,0
1506077206,22040608,1.19000,540.40840,0
1506077206,22040607,1.19000,3203.65160,0
1506077206,22040603,1.19000,359.72375,0
1506077202,22040596,1.19000,359.58881,0
1506077201,22040595,1.18605,50.00000,1
1506077198,22040589,1.19000,359.60260,0
1506077195,22040583,1.19000,359.30431,0
1506077190,22040567,1.19000,358.12893,0
1506076806,22040302,1.18603,1140.80000,1
1506076806,22040300,1.18603,78.10000,1
1506076774,22040276,1.18603,83.25000,1
1506076519,22040013,1.18603,76.25994,1
1506076519,22040011,1.18603,154.94006,1
1506076510,22039998,1.18603,230.96000,1
1506076488,22039964,1.18603,155.55000,1
1506076487,22039960,1.18603,1137.79000,1
1506076481,22039950,1.18603,115.14289,1
1506076478,22039941,1.18603,1030.24997,1
1506076478,22039940,1.18603,125.72003,1
1506076476,22039936,1.18603,424.29323,1
1506076476,22039934,1.18603,115.62000,1
1506076474,22039927,1.18603,146.45012,1
1506076458,22039901,1.18603,78.04000,1
1506076456,22039892,1.18603,78.03999,1
1506076456,22039890,1.18603,989.75001,1
1506076444,22039869,1.18603,78.04000,1
1506076442,22039864,1.18603,480.47000,1
1506076441,22039862,1.18603,346.68000,1
1506076438,22039856,1.18603,264.77000,1
1506076437,22039851,1.18603,177.30939,1
1506076437,22039850,1.18603,489.56061,1
1506076436,22039848,1.18603,476.92999,1
1506076436,22039847,1.18603,516.83001,1
1506076427,22039821,1.18603,302.50000,1
1506076406,22039784,1.18603,551.42059,1
1506076406,22039782,1.18603,694.13941,1
1506076353,22039732,1.18603,587.08157,1
1506076353,22039731,1.18603,192.34843,1
1506076338,22039709,1.18603,282.26000,1
1506076322,22039693,1.18603,2173.78500,1
1506076319,22039689,1.18603,606.16747,1
1506076272,22039616,1.18603,955.46000,1
1506076269,22039602,1.18603,37.76463,1
1506076221,22039581,1.18603,27.39000,1
1506076217,22039578,1.18603,24.51000,1
1506076168,22039529,1.18962,98.27000,1
1506076168,22039528,1.18962,16.26990,1
1506076168,22039527,1.18962,0.00004,1
1506076166,22039525,1.18605,114.53986,0
1506076164,22039523,1.18603,46.52358,1
1506076163,22039522,1.18604,30.16761,1
1506076163,22039521,1.18604,13.06869,1
1506076163,22039520,1.18605,790.32000,1
1506076163,22039518,1.18605,114.54025,1
1506076150,22039511,1.18999,80.85919,0
1506076150,22039510,1.18999,1772.27235,0
1506076121,22039492,1.18605,399.37946,1
1506076121,22039491,1.18605,59.12141,1
1506076039,22039456,1.18605,1618.30125,1
1506076039,22039455,1.18605,1272.89000,1
1506076038,22039454,1.18605,2008.80875,1
1506075936,22039420,1.18605,213.29000,1
1506075931,22039412,1.18605,317.85000,1
1506075792,22039268,1.18605,1187.16125,1
1506075792,22039267,1.18605,517.13372,1
1506075791,22039266,1.18605,559.94880,1
1506075791,22039264,1.18605,42.19442,1
1506075784,22039256,1.18605,717.23000,1
1506075781,22039250,1.18605,38.77119,1
1506075779,22039247,1.18605,446.17231,1
1506075779,22039246,1.18605,270.46534,1
1506075775,22039237,1.18605,35.96110,1
1506075774,22039235,1.18605,227.21742,1
1506075773,22039232,1.18605,328.01572,1
1506075734,22039210,1.18605,50.00000,1
1506075725,22039206,1.18605,144.04000,1
1506075713,22039192,1.18605,97.13000,1
1506075495,22039066,1.19000,790.32000,0
1506075490,22039063,1.19000,2191.34237,0
1506075490,22039062,1.19000,1272.89000,0
1506075488,22039058,1.18605,1486.90998,1
1506075488,22039057,1.19000,3727.11000,0
1506075487,22039050,1.19000,517.13372,0
1506075486,22039045,1.19000,559.94880,0
1506075478,22039022,1.18605,38.81000,1
1506075424,22038978,1.19000,1778.01178,0
1506075419,22038962,1.19000,2144.90570,0
1506075419,22038960,1.18999,0.12345,0
1506075414,22038958,1.18999,50.16654,0
1506075414,22038956,1.18999,75.78224,0
1506075344,22038907,1.18603,270.61000,1
1506075274,22038850,1.18603,99.28999,1
1506075273,22038849,1.18603,134.08314,1
1506075273,22038848,1.18603,647.09688,1
1506075272,22038845,1.18603,150.58000,1
1506075269,22038836,1.18603,5.23090,1
1506075258,22038821,1.18603,2261.99999,1
1506075249,22038805,1.18603,159.75000,1
1506075249,22038802,1.18603,172.01768,1
1506075249,22038800,1.18603,311.93232,1
1506075231,22038777,1.18603,79.86000,1
1506075207,22038742,1.18603,349.82001,1
1506075207,22038741,1.18603,213.93999,1
1506075207,22038739,1.18603,213.94000,1
1506075205,22038733,1.18603,251.72184,1
1506075205,22038732,1.18603,525.86816,1
1506075198,22038722,1.18603,37.70949,1
1506075198,22038721,1.18603,525.87051,1
1506075197,22038717,1.18603,525.86718,1
1506075197,22038715,1.18603,22.73282,1
1506075193,22038705,1.18603,525.86271,1
1506075193,22038704,1.18603,217.53729,1
1506075190,22038701,1.18603,525.86362,1
1506075190,22038700,1.18603,422.80638,1
1506075188,22038693,1.18603,525.86453,1
1506075188,22038692,1.18603,422.80547,1
1506075188,22038689,1.18603,365.49786,1
1506075185,22038683,1.18603,517.16137,1
1506075183,22038679,1.18603,906.70864,1
1506075174,22038670,1.18603,714.13743,1
1506075174,22038669,1.18603,116.78457,1
1506075174,22038668,1.18603,141.48576,1
1506075158,22038657,1.18603,116.79000,1
1506074927,22038458,1.18603,50.29000,1
1506074919,22038443,1.18603,75.79000,1
1506074890,22038410,1.18603,154.19999,1
1506074858,22038382,1.18603,38.97099,1
1506074723,22038290,1.18603,103.35780,1
1506074723,22038289,1.18603,200.47219,1
1506074663,22038259,1.18603,16.58999,1
1506074610,22038224,1.18603,95.75143,1
1506074576,22038195,1.18603,360.13999,1
1506074574,22038194,1.18603,67.58153,1
1506074568,22038190,1.18610,67.58153,0
1506074567,22038187,1.18603,761.84000,1
1506074567,22038186,1.18603,219.58000,1
1506074565,22038181,1.18604,760.15232,0
1506074564,22038179,1.18604,467.87077,0
1506074564,22038177,1.18604,16.97559,0
1506074555,22038161,1.18604,663.90364,0
1506074530,22038130,1.18603,1792.86002,1
1506074519,22038117,1.18603,963.76998,1
1506074504,22038089,1.18603,1919.86113,1
1506074504,22038088,1.18603,133.72311,1
1506074502,22038086,1.18603,1191.39576,1
1506074501,22038083,1.18604,6.14275,1
1506074485,22038055,1.18604,2052.99000,1
1506074482,22038035,1.18604,1213.01001,1
1506074482,22038033,1.18604,713.26999,1
1506074469,22037998,1.18604,457.18137,1
1506074469,22037997,1.18604,32.37176,1
1506074469,22037996,1.18604,191.32687,1
1506074467,22037991,1.18604,38.96000,1
1506074465,22037987,1.18604,60.00000,1
1506074464,22037981,1.18604,205.29407,1
1506074462,22037972,1.18604,199.51812,1
1506074462,22037968,1.18604,57.42000,1
1506074459,22037958,1.18604,206.12032,1
1506074456,22037941,1.18604,199.63568,1
1506074456,22037935,1.18604,489.00260,1
1506074456,22037934,1.18604,120.24886,1
1506074455,22037933,1.18604,83.29854,1
1506074452,22037916,1.18604,1176.42000,1
1506074449,22037901,1.18604,255.49234,1
1506074448,22037893,1.18604,194.15476,1
1506074448,22037891,1.18604,9.73250,1
1506074448,22037888,1.18604,197.53202,1
1506074436,22037833,1.18610,139.73811,0
1506074420,22037774,1.18604,34.92579,1
1506074420,22037773,1.18604,71.59137,1
1506074406,22037739,1.18604,2016.44485,1
1506074406,22037736,1.18604,783.73999,1
1506074406,22037734,1.18604,1163.37001,1
1506074405,22037730,1.18604,318.05449,1
1506074396,22037696,1.18604,571.57138,1
1506074396,22037695,1.18604,212.16862,1
1506074389,22037663,1.18604,113.29828,1
1506074380,22037650,1.18604,85.04418,1
1506074380,22037649,1.18604,5.73475,1
1506074380,22037648,1.18604,192.98107,1
1506074377,22037643,1.18604,157.86304,1
1506074377,22037641,1.18604,1135.85696,1
1506074377,22037640,1.18604,117.44967,1
1506074376,22037637,1.18604,241.21033,1
1506074371,22037631,1.18604,390.46445,1
1506074371,22037630,1.18604,49.46555,1
1506074310,22037578,1.18604,84.75000,1
1506074280,22037559,1.18604,718.15244,1
1506074280,22037557,1.18604,331.76790,1
1506074280,22037556,1.18604,154.20135,1
1506074280,22037555,1.18604,234.21148,1
1506074280,22037554,1.18604,99.72683,1
1506074271,22037545,1.18604,99.73000,1
1506074257,22037531,1.18604,117.63000,1
1506074193,22037474,1.18604,117.42000,1
1506074175,22037462,1.18604,331.77000,1
1506074166,22037449,1.18604,708.61260,1
1506074166,22037448,1.18604,828.59740,1
1506074157,22037432,1.18604,654.82763,1
1506074157,22037431,1.18604,145.51237,1
1506074132,22037393,1.18604,390.37157,1
1506074128,22037384,1.18604,1049.92000,1
1506074121,22037367,1.18604,199.51855,1
1506074120,22037363,1.18604,200.23139,1
1506074120,22037362,1.18604,201.04329,1
1506074118,22037358,1.18604,397.42445,1
1506074116,22037351,1.18604,786.95380,1
1506074115,22037348,1.18604,199.40352,1
1506074115,22037345,1.18604,194.95583,1
1506074114,22037342,1.18604,195.01814,1
1506074110,22037318,1.18604,198.73571,1
1506074105,22037300,1.18604,213.59552,1
1506074103,22037291,1.18604,786.95380,1
1506074100,22037270,1.18604,468.56000,1
1506074099,22037268,1.18604,723.34949,1
1506074098,22037260,1.18604,206.50353,1
1506074094,22037242,1.18604,17.00108,1
1506074094,22037236,1.18604,255.01625,1
1506074093,22037232,1.18604,199.99115,1
1506074031,22037144,1.18604,39.27069,1
1506074025,22037127,1.18604,35.77474,1
1506073876,22037061,1.18610,9.07460,0
1506073711,22037012,1.18604,771.09368,1
1506073711,22037011,1.18605,131.75257,1
1506073613,22036962,1.18605,531.36000,1
1506073610,22036951,1.18605,329.07157,1
1506073597,22036926,1.18610,215.26379,1
1506073581,22036881,1.18610,47.72877,1
1506073578,22036860,1.18610,571.20817,1
1506073578,22036853,1.18610,79.94267,1
1506073206,22036615,1.19000,85.43220,0
1506073132,22036596,1.18604,902.31742,1
1506073011,22036518,1.18604,599.54666,1
1506073011,22036517,1.18605,290.19080,1
1506072919,22036442,1.18605,49.30999,1
1506072917,22036437,1.18605,49.42999,1
1506072894,22036421,1.18605,51.26303,1
1506072893,22036418,1.18605,14.38230,1
1506072893,22036417,1.18605,1045.06714,1
1506072868,22036387,1.18605,294.75149,1
1506072868,22036385,1.18605,692.44714,1
1506072866,22036382,1.18605,68.63097,1
1506072866,22036381,1.18605,294.75169,1
1506072866,22036379,1.18605,1059.15434,1
1506072857,22036373,1.18605,416.66304,1
1506072857,22036371,1.18605,753.80695,1
1506072834,22036322,1.18605,323.97999,1
1506072832,22036319,1.18605,1578.73180,1
1506072831,22036317,1.18605,177.86363,1
1506072752,22036268,1.18605,395.04856,1
1506072582,22036066,1.19024,206.67676,1
1506072580,22036064,1.19024,39.37059,1
1506072579,22036060,1.19024,393.09720,1
1506072577,22036055,1.19024,733.01183,1
1506072576,22036049,1.19024,199.33036,1
1506072575,22036047,1.19024,431.56843,1
1506072574,22036044,1.19024,38.95113,1
1506072574,22036042,1.19024,157.99370,0
1506072300,22035953,1.19025,2100.89674,0
1506072288,22035943,1.19024,468.66252,0
1506072288,22035942,1.19000,21.42657,0
1506072250,22035923,1.19000,132.19000,0
1506072240,22035914,1.19000,292.04000,0
1506072110,22035837,1.19000,2658.65428,0
1506072107,22035834,1.19000,887.01609,0
1506072107,22035833,1.19000,1770.56907,0
1506072101,22035827,1.19000,2656.51874,0
1506072030,22035778,1.19000,572.91219,0
1506071958,22035754,1.18604,1182.87250,1
1506071954,22035751,1.18604,790.68000,1
1506071933,22035739,1.18604,829.42000,1
1506071900,22035721,1.18604,150.99000,1
1506071885,22035705,1.18604,1004.93000,1
1506071883,22035703,1.18604,389.82748,1
1506071877,22035686,1.18604,198.78116,1
1506071838,22035661,1.18604,39.82999,1
1506071800,22035633,1.18604,291.81760,1
1506071797,22035629,1.18604,291.81760,1
1506071695,22035503,1.18604,293.02554,1
1506071691,22035493,1.18604,1464.75667,1
1506071549,22035360,1.18604,239.72211,1
1506071529,22035356,1.18605,44.46100,0
1506071523,22035353,1.18605,950.10859,1
1506071523,22035351,1.18605,286.32857,1
1506071521,22035350,1.18605,287.12477,1
1506071521,22035349,1.18605,595.25260,1
1506071520,22035347,1.18605,594.94963,1
1506071151,22035119,1.18605,79.76899,1
1506071064,22035075,1.18750,872.07033,1
1506070889,22034948,1.19019,0.00002,1
1506070889,22034946,1.19020,5.30030,1
1506070882,22034938,1.19000,2784.25868,0
1506070621,22034707,1.18750,22.27771,1
1506070506,22034572,1.18750,43.34999,1
1506070393,22034541,1.18750,43.67158,1
1506070016,22034377,1.18750,2674.86721,1
1506069882,22034121,1.19000,364.36240,0
1506069821,22034106,1.19000,13.63500,0
1506069768,22034068,1.19000,29.32060,0
1506069768,22034067,1.19000,29.32060,0
1506069768,22034066,1.19000,29.32060,0
1506069767,22034065,1.19000,29.32060,0
1506069767,22034064,1.19000,19.77827,0
1506069767,22034063,1.18999,9.54233,0
1506069767,22034062,1.18999,29.32060,0
1506069766,22034061,1.18999,29.32060,0
1506069766,22034060,1.18999,29.32060,0
1506069766,22034059,1.18999,29.32060,0
1506069766,22034058,1.18999,29.32060,0
1506069766,22034057,1.18999,29.32060,0
1506069765,22034056,1.18999,29.32060,0
1506069701,22033955,1.18999,31.38770,0
1506069681,22033937,1.18750,60.00000,1
1506069666,22033925,1.18750,500.23000,1
1506069654,22033918,1.18750,8.88231,1
1506069609,22033896,1.18999,334.03630,0
1506069556,22033873,1.18750,373.13685,1
1506069521,22033850,1.19000,30.21700,0
1506069465,22033828,1.18750,124.32563,1
1506069464,22033820,1.18750,277.18839,1
1506069452,22033810,1.19000,117.59490,0
1506069292,22033754,1.19000,957.73000,0
1506069288,22033750,1.19000,595.14135,0
1506069285,22033740,1.18997,329.75352,0
1506069127,22033639,1.18600,476.25633,1
1506069126,22033638,1.18600,207.95953,1
1506069111,22033627,1.18600,150.03429,1
1506069111,22033626,1.18600,209.95728,1
1506069084,22033606,1.18600,458.93147,1
1506069080,22033599,1.18600,419.87999,1
1506069079,22033594,1.18600,20.31068,1
1506068572,22033241,1.18600,50.00000,1
1506068343,22032981,1.18600,173.29999,1
1506068342,22032976,1.18600,198.52841,1
1506067993,22032681,1.18600,362.60999,1
1506067411,22032413,1.18600,60.00000,1
1506067403,22032410,1.18996,449.42674,0
1506067332,22032384,1.18600,55.10431,1
1506067214,22032347,1.18600,125.90000,1
1506067202,22032332,1.18600,186.88568,1
1506067090,22032266,1.18600,199.03000,1
1506067086,22032255,1.18600,488.02776,1
1506066699,22032003,1.18600,526.37836,1
1506066696,22032000,1.18600,200.22241,1
1506066694,22031999,1.18600,430.77437,1
1506066692,22031992,1.18600,187.05055,1
1506066537,22031903,1.18600,790.73999,1
1506066394,22031839,1.18600,58.61000,1
1506066323,22031779,1.18600,549.18433,1
1506066311,22031772,1.18600,864.31566,1
1506066308,22031765,1.18600,390.42319,1
1506066254,22031688,1.18600,47.29240,1
1506066254,22031686,1.18601,5.56759,1
1506066136,22031614,1.18600,452.51265,1
1506066129,22031605,1.18600,353.79427,1
1506066122,22031585,1.18600,50.00000,1
