date,tid,price,amount,type
1506124827,22081617,40.44,3.00000000,0
1506124821,22081608,40.59,3.00000000,0
1506124810,22081602,40.43,9.00000000,0
1506124730,22081566,40.49,3.00000000,0
1506124723,22081561,40.51,3.00000000,0
1506124716,22081556,40.51,3.00000000,0
1506124711,22081548,40.52,3.00000000,0
1506124700,22081544,40.51,3.00000000,0
1506124680,22081540,40.36,13.49985176,1
1506124680,22081538,40.36,20.55007412,1
1506124677,22081532,40.36,20.55007412,1
1506124662,22081527,40.49,14.99999284,1
1506124654,22081525,40.60,3.00000000,0
1506124652,22081522,40.49,14.99999284,1
1506124605,22081466,40.49,4.19389129,1
1506124602,22081462,40.48,10.80610871,0
1506124597,22081452,40.47,1.87393800,0
1506124596,22081450,40.47,15.00000000,0
1506124594,22081446,40.48,26.55000000,1
1506124575,22081436,40.59,14.99996157,1
1506124572,22081432,40.60,14.99999976,1
1506124394,22081362,40.67,0.00001023,0
1506124393,22081361,40.67,3.57910000,0
1506124314,22081343,40.64,15.67859400,1
1506124314,22081340,40.65,15.00000000,1
1506124303,22081333,40.64,11.91580000,1
1506124300,22081330,40.64,1.54626000,1
1506124291,22081318,40.61,6.95440000,0
1506124287,22081317,40.66,6.95440000,1
1506124261,22081313,40.62,1.55256000,1
1506124260,22081311,40.62,0.58402742,1
1506124255,22081310,40.63,0.58402742,1
1506124250,22081306,40.60,0.58402742,0
1506124223,22081304,40.57,19.55900296,0
1506124222,22081303,40.57,1.93200000,0
1506124222,22081302,40.56,19.55900000,0
1506124222,22081301,40.56,21.49100000,0
1506123642,22081118,40.67,3.58161571,1
1506123630,22081112,40.68,11.41849053,1
1506123624,22081102,40.68,11.41829376,1
1506123623,22081100,40.68,3.58150947,1
1506123620,22081096,40.67,5.41838429,1
1506123620,22081094,40.72,3.58151220,1
1506123609,22081085,40.73,14.99995949,1
1506123595,22081074,40.73,11.63000500,1
1506123594,22081072,40.73,3.36999500,1
1506123589,22081069,40.73,14.99997920,1
1506123589,22081065,40.75,0.00002080,1
1506123583,22081057,40.75,2.08973375,1
1506123572,22081044,40.73,19.97458336,1
1506123571,22081042,40.77,14.99998872,1
1506123568,22081040,40.76,7.37989230,0
1506123567,22081039,40.75,7.38970000,1
1506123567,22081038,40.75,7.38970000,1
1506123567,22081037,40.75,2.23461812,1
1506123560,22081033,40.75,5.15508188,1
1506123560,22081031,40.75,7.38970000,1
1506123560,22081030,40.75,0.00000640,1
1506123559,22081028,40.76,7.38000000,1
1506123559,22081026,40.76,0.23074179,1
1506123559,22081023,40.76,14.76925821,1
1506123559,22081022,40.76,7.38970000,1
1506123559,22081021,40.76,0.01000941,1
1506123556,22081018,40.76,7.37969059,1
1506123556,22081017,40.76,0.00020171,1
1506123554,22081012,40.76,7.38949829,1
1506123554,22081011,40.76,7.38970000,1
1506123550,22081005,40.73,7.38969360,0
1506123531,22080988,40.78,1.73716626,0
1506123531,22080985,40.78,0.00121687,1
1506123529,22080981,40.79,22.13640893,0
1506123526,22080976,40.78,0.86858313,1
1506123526,22080975,40.78,0.86980000,1
1506123524,22080972,40.80,15.00000000,0
1506123522,22080969,40.80,17.69368419,0
1506123521,22080968,40.79,1.73838313,1
1506123519,22080963,40.79,1.73957553,1
1506123511,22080947,40.78,14.13000000,1
1506123511,22080946,40.78,0.87000000,1
1506123509,22080938,40.77,26.30348984,1
1506123506,22080929,40.78,1.46000000,1
1506123505,22080928,40.79,13.54011034,1
1506123500,22080910,40.79,1.45988966,1
1506123498,22080904,40.78,1.76000000,1
1506123498,22080900,40.77,20.86651016,1
1506123497,22080898,40.78,3.22000000,1
1506123497,22080895,40.78,3.22000000,1
1506123497,22080893,40.78,19.86324113,1
1506123496,22080889,40.78,17.15670492,0
1506123496,22080887,40.78,12.98005395,0
1506123495,22080884,40.77,2.10000000,0
1506123495,22080883,40.76,0.73000000,0
1506123495,22080881,40.76,50.00000000,0
1506123485,22080869,40.75,14.99985056,1
1506123478,22080857,40.73,14.99991481,1
1506123475,22080852,40.73,12.99993813,0
1506123404,22080817,40.73,11.89656274,1
1506123402,22080814,40.73,2.38271462,1
1506123402,22080812,40.73,14.27930000,1
1506123401,22080810,40.73,14.27930000,1
1506123401,22080809,40.73,14.27930000,1
1506123401,22080808,40.73,6.31255996,1
1506123399,22080806,40.73,7.96674004,1
1506123399,22080805,40.73,14.27930000,1
1506123399,22080804,40.73,14.27930000,1
1506123399,22080802,40.73,0.00008845,1
1506123399,22080800,40.74,0.00018900,1
1506123397,22080799,40.74,14.99981100,1
1506123394,22080793,40.73,14.27921155,1
1506123394,22080792,40.73,14.27930000,1
1506123394,22080791,40.73,14.27930000,1
1506123394,22080790,40.73,0.00003993,1
1506123392,22080789,40.72,14.27926007,0
1506122955,22080592,40.76,0.00000520,1
1506122951,22080585,40.76,15.85569480,1
1506122951,22080584,40.76,15.85570000,1
1506122951,22080583,40.76,0.00016704,1
1506122949,22080578,40.76,2.85782753,1
1506122948,22080573,40.76,4.23155600,1
1506122947,22080570,40.77,20.57306452,1
1506122946,22080568,40.77,17.15693548,1
1506122946,22080563,40.78,37.72976944,1
1506122944,22080556,40.76,8.76614943,1
1506122944,22080555,40.76,15.85570000,1
1506122943,22080554,40.76,15.85570000,1
1506122943,22080553,40.76,14.36356956,1
1506122942,22080550,40.76,1.49213044,1
1506122942,22080549,40.76,15.85570000,1
1506122942,22080548,40.76,15.85570000,1
1506122942,22080547,40.76,15.85570000,1
1506122941,22080546,40.76,5.73660200,1
1506122940,22080544,40.76,10.11909800,1
1506122940,22080542,40.76,12.65135100,1
1506122930,22080519,40.76,3.20434900,1
1506122930,22080515,40.76,15.85565100,1
1506122929,22080511,40.75,0.00004900,0
1506122929,22080510,40.75,14.42995100,0
1506122929,22080509,40.73,1.42574900,0
1506122928,22080508,40.71,15.85570000,0
1506122928,22080507,40.71,15.85570000,0
1506122890,22080495,40.73,14.99990961,1
1506122890,22080494,40.73,0.00013091,1
1506122887,22080490,40.74,14.99989176,1
1506122886,22080486,40.73,29.63107734,1
1506122884,22080481,40.73,20.36879175,1
1506122852,22080469,40.77,41.00995070,1
1506122849,22080465,40.76,50.76993427,1
1506122848,22080462,40.76,41.02000000,1
1506122566,22080382,40.87,42.72480132,1
1506122565,22080381,40.87,6.30000000,1
1506122564,22080380,40.87,48.65100000,0
1506122541,22080373,40.56,15.00000000,1
1506122527,22080365,40.67,33.81124039,0
1506122526,22080363,40.67,50.00000000,0
1506122426,22080343,40.60,13.85788177,0
1506122195,22080301,40.36,23.43000000,1
1506122195,22080300,40.36,23.43000000,1
1506122193,22080292,40.36,23.43000000,0
1506121642,22080223,40.29,2.68099000,1
1506121405,22080172,40.52,10.03023000,0
1506121201,22080128,40.29,15.02000000,1
1506121201,22080127,40.29,0.20000000,1
1506121192,22080125,40.30,27.86801179,0
1506121065,22080104,40.31,5.10000000,1
1506120941,22080027,40.31,17.12000000,0
1506120871,22080004,40.14,16.00000000,0
1506120869,22080000,40.29,9.00000000,1
1506120829,22079976,40.35,1.23888000,0
1506120501,22079818,40.41,12.99977061,1
1506120499,22079816,40.29,6.89000000,0
1506120498,22079815,40.35,1.00000000,0
1506120498,22079814,40.35,32.11000000,0
1506120401,22079799,40.29,17.13430371,0
1506120170,22079753,40.59,5.00023000,0
1506120109,22079722,40.60,6.14211823,0
1506119999,22079660,40.52,2.51233907,1
1506119931,22079642,40.54,31.01788350,1
1506119930,22079641,40.54,18.98211650,1
1506119930,22079640,40.54,50.00000000,1
1506119928,22079639,40.36,7.71166761,1
1506119928,22079638,40.36,0.20000000,0
1506119928,22079637,40.40,83.81124039,1
1506119927,22079636,40.41,26.29278200,1
1506119927,22079635,40.50,4.27000000,1
1506119925,22079633,40.51,19.71431000,1
1506119667,22079522,40.70,11.20260000,0
1506119578,22079504,40.72,0.95400000,1
1506119432,22079463,40.85,24.21221875,1
1506119365,22079431,40.95,0.00000273,1
1506119343,22079416,40.96,30.54000000,1
1506119336,22079406,40.95,56.74272651,1
1506119310,22079369,40.95,49.88988479,1
1506119310,22079367,40.96,18.23001729,1
1506119309,22079364,40.96,20.99998271,1
1506119309,22079362,40.97,18.23001853,1
1506119302,22079352,40.97,12.57998147,1
1506119274,22079333,40.97,10.13703663,1
1506119119,22079280,40.96,0.93110208,0
1506119117,22079279,40.95,1.35193725,0
1506119007,22079219,40.95,2.07166450,0
1506118881,22079164,40.85,3.92308965,1
1506118864,22079152,40.85,1.36469160,1
1506118761,22079100,40.95,0.00020756,1
1506118761,22079099,40.95,3.80379439,1
1506118760,22079098,40.95,8.19599805,0
1506118482,22078995,40.87,2.01000000,0
1506118481,22078994,40.87,27.99000000,1
1506118424,22078966,40.87,4.24659130,1
1506118416,22078965,40.87,1.00000000,0
1506118400,22078961,40.88,2.10467000,1
1506118193,22078776,40.90,6.32551956,1
1506118180,22078739,40.96,0.00065231,1
1506118175,22078724,40.96,0.93175439,1
1506118124,22078637,40.97,21.49093300,1
1506117989,22078407,41.09,4.87515000,0
1506117989,22078405,40.90,4.00000000,0
1506117960,22078386,41.08,2.91455696,0
1506117953,22078382,40.91,11.00000000,1
1506117904,22078327,40.98,18.11000000,0
1506117904,22078326,40.97,1.89000000,0
1506117878,22078308,40.98,11.49753500,0
1506117878,22078307,40.97,1.33000000,0
1506117826,22078269,40.94,6.09110894,1
1506117749,22078193,41.16,0.84748202,1
1506117749,22078192,41.16,102.83712468,1
1506117749,22078191,41.16,50.00000000,1
1506117749,22078190,41.16,50.00000000,1
1506117748,22078188,41.14,0.22749335,0
1506117748,22078187,41.14,0.22749335,0
1506117748,22078186,41.14,0.22749335,0
1506117748,22078185,41.14,4.11240190,0
1506117747,22078182,41.13,2.89000000,1
1506117747,22078180,41.13,1.00000000,1
1506117747,22078176,41.09,0.13000000,0
1506117747,22078174,41.09,6.90039868,1
1506117746,22078169,41.00,1.00000000,0
1506117746,22078168,40.99,0.13000000,0
1506117746,22078167,40.97,0.33000000,1
1506117745,22078166,40.89,0.13000000,0
1506117745,22078165,40.89,20.59190000,1
1506117745,22078164,40.88,0.93667756,0
1506117744,22078163,40.79,0.13000000,0
1506117744,22078162,40.79,5.00000000,1
1506117744,22078161,40.78,9.40929604,0
1506117744,22078160,40.77,6.90123000,1
1506117742,22078158,40.77,2.45000000,0
1506117742,22078157,40.77,18.10334806,0
1506117739,22078156,40.69,13.22970000,1
1506117738,22078155,40.77,2.44665194,0
1506117736,22078152,40.69,0.13000000,0
1506117728,22078135,40.67,0.01433200,1
1506117728,22078134,40.68,20.40586800,1
1506117722,22078124,40.66,0.13000000,0
1506117680,22078095,40.60,13.31510000,1
1506117680,22078094,40.60,0.13000000,1
1506117677,22078092,40.59,0.13000000,0
1506117628,22078062,40.44,1.40436254,0
1506117579,22078011,40.45,6.00000000,1
1506117534,22077977,40.48,48.97782818,0
1506117434,22077804,40.26,0.00004000,0
1506117433,22077799,40.26,7.91940000,0
1506117406,22077694,40.30,9.00000000,1
1506117372,22077612,40.45,1.00000000,0
1506117286,22077538,40.55,0.66016949,0
1506117256,22077504,40.27,1.00000000,1
1506117252,22077485,40.30,1.00000000,1
1506117198,22077452,40.28,2.23435949,1
1506117108,22077425,40.20,0.00000050,0
1506117025,22077390,40.20,1.22307200,0
1506117024,22077389,40.17,9.61638039,0
1506117021,22077384,40.16,3.14000000,0
1506117021,22077383,40.16,17.41000000,0
1506117018,22077382,40.15,21.43643100,1
1506117018,22077381,40.15,0.37000000,1
1506117012,22077378,40.16,3.14000000,0
1506117000,22077376,40.15,3.14641115,1
1506116982,22077373,40.10,0.44398761,0
1506116970,22077368,40.10,0.36416287,0
1506116964,22077367,40.10,0.19184952,0
1506116954,22077363,40.04,2.00000000,1
1506116920,22077341,40.06,0.12998100,0
1506116920,22077340,40.05,2.79000000,0
1506116900,22077329,40.05,21.49093302,0
1506116897,22077325,40.05,0.21654135,0
1506116781,22077221,39.90,5.97000000,0
1506116757,22077191,39.96,0.24949950,0
1506116734,22077146,40.00,5.00000000,1
1506116719,22077132,40.00,2.23604000,1
1506116514,22077028,40.00,0.23615729,0
1506116514,22077027,40.00,6.00000000,0
1506116492,22077018,39.90,8.00000000,0
1506116445,22076993,39.92,11.82462977,1
1506116408,22076987,40.12,49.73105683,1
1506116372,22076971,40.16,5.00023000,0
1506116348,22076963,39.94,17.34000000,1
1506116315,22076954,40.07,7.14699000,1
1506116273,22076943,39.99,0.20000000,0
1506116268,22076940,39.98,18.57000000,0
1506116261,22076939,39.71,13.00000000,0
1506116261,22076938,39.71,39.30000000,0
1506116258,22076936,39.70,56.75191112,1
1506116257,22076935,39.87,21.49092787,1
1506116257,22076934,40.00,10.02456295,1
1506116257,22076933,40.00,20.00000000,1
1506116257,22076932,40.00,1.00000000,1
1506116256,22076930,40.05,0.38022276,1
1506116256,22076929,40.10,4.32000000,1
1506116256,22076928,40.11,21.59000000,1
1506116254,22076927,40.12,63.44237530,1
1506116213,22076907,40.19,0.98100000,0
1506116207,22076905,40.20,9.00000000,0
1506116205,22076900,40.20,0.00021955,1
1506116204,22076899,40.21,2.43992092,1
1506116194,22076892,40.20,1.00228672,1
1506116194,22076891,40.22,0.00006179,1
1506116190,22076885,40.24,0.18938148,0
1506116184,22076874,40.22,1.70437146,1
1506116150,22076850,40.23,2.44214460,0
1506116134,22076843,40.27,0.13000000,1
1506116129,22076840,40.25,0.00011111,1
1506116095,22076818,40.25,5.93673789,1
1506116094,22076817,40.25,3.06315100,1
1506116032,22076761,40.30,2.06316781,0
1506115965,22076705,40.30,0.20000000,0
1506115946,22076704,40.20,0.39431530,0
1506115898,22076676,40.20,0.60568470,0
1506115825,22076636,40.20,13.82420000,0
1506115803,22076619,40.20,0.50000000,0
1506115797,22076614,40.20,1.44900000,0
1506115793,22076610,40.20,1.85747490,0
1506115778,22076597,40.35,1.22000000,1
1506115743,22076569,40.55,0.01356354,0
1506115743,22076568,40.49,0.13000000,0
1506115743,22076566,40.39,0.13000000,0
1506115634,22076510,40.30,10.00000000,0
1506115567,22076479,40.36,0.20000000,0
1506115543,22076447,40.38,0.90000000,0
1506115352,22076359,40.42,4.38062400,1
1506115276,22076328,40.56,4.39915949,1
1506115275,22076327,40.49,0.13000000,0
1506115257,22076292,40.23,2.15098419,1
1506115255,22076288,40.54,26.12000000,0
1506115239,22076244,40.56,61.19420000,0
1506115237,22076243,40.45,12.85999978,1
1506115237,22076242,40.45,7.68140422,1
1506115229,22076224,40.45,12.86859578,1
1506115229,22076223,40.56,0.00007172,1
1506115185,22076149,40.56,3.74075201,1
1506115185,22076148,40.71,0.00007172,1
1506115160,22076120,40.71,11.76992828,1
1506115145,22076095,40.71,0.13000000,1
1506115141,22076090,40.30,1.64182315,1
1506115141,22076088,40.30,44.25695800,0
1506115141,22076086,40.30,135.36600000,0
1506115140,22076085,40.34,29.48841900,1
1506115140,22076084,40.38,21.72381373,0
1506115140,22076083,40.40,1.00000000,1
1506115139,22076082,40.41,1.00000000,1
1506115139,22076081,40.56,0.93915693,1
1506115139,22076080,40.56,22.12847900,0
1506115137,22076076,40.69,33.07115369,1
1506115126,22076046,40.69,13.50580400,1
1506115123,22076019,40.69,4.88425732,1
1506115121,22076007,40.69,0.13000000,1
1506115110,22075946,40.69,4.98467285,1
1506115109,22075931,40.69,7.00379349,1
1506115104,22075900,40.70,0.20000000,1
1506115100,22075864,40.70,7.60012595,1
1506115088,22075816,40.78,22.11462500,1
1506115048,22075756,40.90,1.00000000,0
1506115034,22075743,40.90,9.77329706,0
1506115034,22075742,40.89,0.13000000,0
1506114960,22075696,40.79,0.13000000,0
1506114907,22075680,40.69,0.13000000,0
1506114816,22075647,40.76,0.00635000,1
1506114811,22075646,40.80,2.31485294,1
1506114811,22075645,40.79,0.13000000,0
1506114792,22075636,40.79,0.21440926,1
1506114791,22075635,40.79,0.13000000,0
1506114776,22075620,40.70,9.07300000,0
1506114774,22075618,40.70,0.92700000,0
1506114769,22075615,40.76,0.20000000,1
1506114735,22075601,40.72,1.00000000,1
1506114731,22075599,40.88,4.75023000,0
1506114721,22075591,40.85,0.90000000,1
1506114676,22075512,40.67,2.07132397,1
1506114676,22075506,41.09,2.07132397,1
1506114673,22075499,41.13,13.21760272,1
1506114669,22075475,41.11,4.64869438,0
1506114666,22075466,41.08,15.83380502,0
1506114666,22075464,41.07,26.75498500,1
1506114665,22075459,41.08,1.55135245,0
1506114663,22075450,41.08,2.39945000,1
1506114663,22075449,41.08,13.36355700,1
1506114662,22075444,41.08,0.06175999,1
1506114662,22075442,41.08,2.40855000,1
1506114658,22075428,41.08,2.44968501,1
1506114657,22075423,41.08,2.17419676,1
1506114653,22075408,41.13,3.61347400,1
1506114649,22075386,41.13,2.62726000,1
1506114649,22075383,41.13,31.01777800,1
1506114647,22075367,41.13,9.71640800,1
1506114643,22075347,41.14,6.24073400,1
1506114642,22075345,41.13,1.17508000,1
1506114640,22075333,41.13,17.00000000,1
1506114638,22075327,41.14,1.51054700,0
1506114607,22075291,41.36,19.74000000,0
1506114607,22075290,41.29,0.13000000,0
1506114607,22075289,41.19,0.13000000,0
1506114584,22075277,41.17,1.75320390,0
1506114577,22075267,41.17,0.46199566,0
1506114573,22075263,41.29,0.24098419,0
1506114573,22075262,41.28,0.61000000,0
1506114572,22075260,41.18,1.30000000,0
1506114567,22075255,41.18,9.00000000,0
1506114563,22075251,41.17,3.05000000,0
1506114562,22075250,41.57,44.56074091,0
1506114561,22075248,41.50,0.52000000,0
1506114561,22075247,41.49,0.13000000,0
1506114560,22075243,41.39,0.13000000,0
1506114560,22075242,41.29,0.13000000,0
1506114560,22075240,41.21,3.74595436,0
1506114559,22075239,41.19,0.13000000,0
1506114559,22075238,41.18,0.98000000,0
1506114557,22075237,41.09,0.13000000,0
1506114557,22075236,41.09,46.15413441,0
1506114557,22075235,41.09,0.82800000,0
1506114556,22075234,41.02,0.13000000,1
1506114551,22075223,41.09,3.63592114,0
1506114551,22075219,41.08,4.92000000,0
1506114549,22075206,41.00,0.11300000,0
1506114523,22075179,41.00,1.01700000,0
1506114498,22075122,41.00,18.87000000,0
1506114498,22075121,41.00,1.00000000,0
1506114497,22075120,40.99,0.13000000,0
1506114488,22075092,40.99,0.46895706,0
1506114482,22075079,40.98,7.21000000,1
1506114469,22075050,40.97,6.44997160,1
1506114469,22075049,40.97,0.00002840,1
1506114465,22075045,40.98,3.15940053,1
1506114462,22075040,40.96,10.40077160,0
1506114459,22075038,40.92,13.42794730,0
1506114459,22075037,40.92,50.00000000,0
1506114458,22075035,40.92,50.00000000,0
1506114457,22075034,40.92,50.00000000,0
1506114457,22075033,40.92,50.00000000,0
1506114457,22075032,40.92,50.00000000,0
1506114456,22075030,40.92,50.00000000,0
1506114456,22075029,40.92,50.00000000,0
1506114456,22075028,40.91,7.67000000,1
1506114450,22075025,40.92,20.91055718,0
1506114449,22075024,40.92,1.83944282,0
1506114445,22075018,40.90,25.56136429,0
1506114443,22075017,40.89,8.82000000,1
1506114434,22075012,40.90,50.00000000,0
1506114434,22075008,40.90,50.00000000,0
1506114430,22075002,40.89,10.47000000,0
1506114401,22074984,40.90,4.30627700,0
1506114397,22074979,40.90,12.99312600,0
1506114382,22074962,40.90,8.61494700,0
1506114355,22074955,40.92,38.16055718,0
1506114353,22074953,40.84,1.22955000,0
1506114350,22074952,40.91,5.91604537,1
1506114350,22074951,40.89,0.13000000,0
1506114349,22074950,40.89,0.78300000,0
1506114349,22074949,40.86,16.93000000,0
1506114348,22074948,40.79,0.13000000,0
1506114340,22074938,40.76,1.80000000,0
1506114326,22074919,40.76,2.70000000,1
1506114244,22074869,40.72,6.00000000,1
1506114231,22074850,40.69,9.00000000,1
1506114228,22074841,40.72,30.34747100,1
1506114214,22074821,40.68,1.80000000,0
1506114205,22074801,40.69,0.13000000,0
1506114186,22074788,40.63,2.10227000,1
1506114172,22074783,40.61,1.00000000,1
1506114165,22074782,40.59,0.13000000,0
1506114146,22074769,40.58,5.00000000,1
1506114132,22074745,40.53,2.72989659,0
1506114131,22074744,40.53,50.00000000,0
1506114131,22074743,40.53,50.00000000,0
1506114131,22074742,40.53,50.00000000,0
1506114130,22074741,40.53,50.00000000,0
1506114130,22074740,40.53,50.00000000,0
1506114130,22074739,40.53,50.00000000,0
1506114129,22074738,40.53,50.00000000,0
1506114129,22074737,40.53,27.37260000,0
1506114128,22074735,40.53,13.25260000,0
1506114127,22074733,40.53,0.00000516,0
1506114127,22074732,40.52,14.12000000,0
1506114127,22074731,40.51,13.25259484,0
1506114124,22074726,40.51,9.87410516,0
1506114123,22074725,40.51,2.40030000,0
1506114117,22074721,40.51,4.47300000,0
1506114110,22074719,40.50,4.50320554,0
1506114103,22074715,40.50,1.49400000,0
1506114102,22074714,40.50,10.19243828,0
1506114102,22074713,40.49,0.13000000,0
1506114034,22074667,40.39,0.13000000,0
1506114026,22074664,40.38,5.94000000,1
1506114024,22074662,40.38,1.00000000,0
1506113973,22074631,40.38,5.50561700,0
1506113951,22074615,40.33,7.45103473,0
1506113924,22074580,40.33,4.44667611,0
1506113924,22074579,40.35,25.12322100,1
1506113919,22074571,40.33,8.00000000,1
1506113891,22074554,40.32,28.30055635,1
1506113891,22074553,40.32,37.43383298,1
1506113891,22074552,40.32,2.59765625,0
1506113891,22074551,40.29,0.00001077,0
1506113891,22074550,40.29,40.03150000,0
1506113887,22074543,40.31,0.07838502,1
1506113871,22074534,40.29,0.13000000,0
1506113861,22074533,40.29,0.13000000,0
1506113846,22074528,40.24,1.03368455,0
1506113846,22074527,40.20,0.00000040,0
1506113831,22074513,40.19,0.13000000,0
1506113817,22074507,40.16,0.21077331,1
1506113815,22074506,40.20,3.89999960,0
1506113815,22074505,40.19,0.13000000,0
1506113815,22074504,40.19,0.02275940,0
1506113768,22074486,40.16,1.54171664,1
1506113758,22074466,40.16,2.35358541,1
1506113716,22074423,40.19,0.10724060,0
1506113715,22074422,40.13,0.13000000,0
1506113715,22074421,40.09,0.13000000,0
1506113714,22074420,40.07,0.13000000,0
1506113518,22074362,39.99,0.13000000,0
1506113449,22074334,40.14,1.34603886,1
1506113449,22074331,40.09,0.13000000,0
1506113449,22074328,40.07,5.86000000,0
1506113448,22074324,39.99,0.13000000,0
1506113288,22074139,39.99,1.01851364,1
1506113284,22074133,39.99,1.00000000,1
1506113283,22074131,40.00,1.00000000,0
1506113281,22074127,39.99,1.96535900,0
1506113281,22074125,39.99,0.13000000,0
1506113256,22074107,39.98,15.12000000,1
1506113217,22074065,39.94,2.00000000,1
1506113213,22074053,39.94,1.15897672,1
1506113184,22073992,39.91,0.24000000,0
1506113183,22073991,39.91,0.22000000,1
1506113183,22073990,39.91,0.22000000,1
1506113183,22073989,39.91,0.22000000,1
1506113183,22073988,39.91,0.22000000,1
1506113183,22073987,39.91,0.22000000,1
1506113183,22073985,39.92,0.22000000,1
1506113182,22073984,39.92,0.22000000,1
1506113182,22073983,39.93,0.22000000,1
1506113181,22073982,39.93,0.22000000,1
1506113179,22073981,39.99,6.64489825,0
1506113179,22073980,39.99,0.13000000,0
1506113179,22073979,39.95,3.31980175,0
1506113177,22073976,39.90,0.13000000,1
1506113176,22073975,39.90,0.13000000,1
1506113176,22073973,39.90,0.13000000,1
1506113176,22073971,39.91,0.13000000,1
1506113176,22073970,39.91,0.13000000,1
1506113176,22073969,39.91,0.13000000,1
1506113173,22073967,39.89,0.13000000,0
1506113121,22073894,39.89,0.13000000,0
1506113059,22073799,39.82,6.30000000,1
1506113059,22073798,39.83,6.30000000,1
1506113059,22073797,39.84,25.78677200,1
1506113046,22073783,39.79,0.13000000,0
1506113027,22073774,39.75,4.00000000,1
1506113025,22073771,39.66,1.14942000,0
1506113024,22073769,39.73,0.13000000,1
1506113024,22073768,39.73,0.13000000,1
1506113024,22073767,39.73,0.13000000,1
1506113024,22073766,39.73,0.13000000,1
1506113024,22073765,39.73,0.13000000,1
1506113024,22073764,39.73,0.13000000,1
1506113024,22073763,39.73,0.13000000,1
1506113024,22073762,39.73,0.13000000,1
1506113020,22073754,39.74,8.00000000,1
1506113000,22073728,39.69,0.13000000,0
1506112971,22073674,39.59,0.13000000,0
1506112914,22073589,39.49,0.13000000,0
1506112891,22073540,39.40,11.10490000,1
1506112597,22073085,39.52,0.51831992,0
1506112516,22072930,39.59,2.46044714,1
1506112515,22072910,39.60,26.00000000,0
1506112514,22072905,39.59,2.56710700,1
1506112509,22072874,39.69,4.82464853,1
1506112508,22072865,39.69,0.13000000,0
1506112503,22072842,39.59,0.94184186,1
1506112492,22072828,39.60,3.48894848,0
1506112491,22072827,39.59,3.50363000,1
1506112405,22072706,39.59,15.73995800,1
1506112402,22072701,39.59,64.62919600,1
1506112400,22072697,39.59,7.24423000,1
1506112399,22072694,39.59,2.78359000,1
1506112396,22072692,39.59,0.13000000,0
1506112324,22072610,39.51,0.52439889,0
1506112320,22072609,39.51,0.37560111,0
1506112298,22072562,39.50,0.52000000,0
1506112297,22072560,39.49,0.13000000,0
1506112288,22072555,39.48,3.00000000,1
1506112284,22072554,39.47,1.00000000,0
1506112181,22072432,39.39,0.13000000,0
1506112079,22072301,39.34,11.00000000,1
1506112045,22072272,39.30,49.15400556,0
1506112044,22072270,39.30,0.13000000,0
1506112044,22072268,39.30,0.13000000,0
1506112044,22072267,39.30,0.13000000,0
1506112043,22072265,39.30,0.13000000,0
1506112043,22072263,39.30,1.47429000,0
1506112042,22072262,39.30,0.13000000,0
1506112042,22072261,39.30,0.13000000,0
1506112042,22072258,39.29,0.13000000,0
1506111960,22072170,39.20,2.50000000,0
1506111950,22072165,39.19,0.13000000,0
1506111896,22072119,39.19,0.13000000,0
1506111839,22072079,39.15,12.53380000,1
1506111839,22072078,39.15,12.53380000,1
1506111837,22072077,39.09,5.71252000,0
1506111837,22072076,39.09,4.45139000,0
1506111837,22072075,39.08,8.08237565,0
1506111836,22072074,39.14,2.14535648,1
1506111836,22072073,39.14,28.31567300,1
1506111836,22072072,39.16,1.49400000,1
1506111835,22072071,39.16,1.49400000,1
1506111835,22072070,39.16,1.49400000,1
1506111835,22072069,39.16,1.49400000,1
1506111835,22072068,39.16,1.49400000,1
1506111835,22072067,39.16,1.49400000,1
1506111835,22072066,39.16,1.49400000,1
1506111835,22072065,39.16,0.04938000,1
1506111835,22072064,39.17,27.02905400,1
1506111834,22072063,39.18,46.61826087,1
1506111834,22072062,39.18,6.52173913,0
1506111833,22072061,39.17,1.25523000,1
1506111831,22072056,39.16,1.44462000,1
1506111831,22072055,39.17,0.33400000,1
1506111830,22072052,39.18,0.33400000,1
1506111825,22072034,39.17,1.16000000,1
1506111824,22072033,39.15,1.49400000,0
1506111785,22072022,39.12,1.81509000,1
1506111778,22072016,39.12,0.18010000,1
1506111763,22072010,39.09,0.13000000,0
1506111729,22071980,39.05,0.98116074,0
1506111727,22071975,39.03,0.13000000,1
1506111726,22071973,39.03,4.75000000,1
1506111724,22071971,39.00,39.72605731,0
1506111724,22071970,39.00,50.00000000,0
1506111724,22071969,39.00,50.00000000,0
1506111723,22071968,39.00,50.00000000,0
1506111723,22071967,39.00,50.00000000,0
1506111723,22071966,39.00,50.00000000,0
1506111723,22071965,39.00,50.00000000,0
1506111723,22071964,39.00,50.00000000,0
1506111723,22071962,39.00,49.87000000,0
1506111722,22071961,38.99,0.13000000,0
1506111721,22071954,39.00,37.69742897,0
1506111721,22071953,39.00,1.74982456,0
1506111721,22071952,39.00,10.55274647,0
1506111721,22071949,39.00,50.00000000,0
1506111721,22071948,39.00,50.00000000,0
1506111721,22071947,39.00,50.00000000,0
1506111721,22071946,39.00,50.00000000,0
1506111721,22071945,39.00,50.00000000,0
1506111720,22071944,39.00,50.00000000,0
1506111720,22071943,39.00,50.00000000,0
1506111719,22071940,39.00,50.00000000,0
1506111719,22071939,39.00,50.00000000,0
1506111718,22071938,39.00,50.00000000,0
1506111718,22071937,39.00,50.00000000,0
1506111718,22071936,39.00,50.00000000,0
1506111718,22071935,39.00,50.00000000,0
1506111718,22071934,39.00,50.00000000,0
1506111718,22071933,39.00,50.00000000,0
1506111718,22071932,39.00,50.00000000,0
1506111718,22071930,39.00,50.00000000,0
1506111717,22071923,39.00,5.77000000,0
1506111716,22071921,39.00,5.77000000,0
1506111716,22071917,39.00,5.77000000,0
1506111716,22071915,39.00,5.77000000,0
1506111716,22071913,39.00,5.77000000,0
1506111716,22071912,39.00,5.77000000,0
1506111716,22071911,39.00,50.00000000,0
1506111715,22071910,39.00,5.77000000,0
1506111714,22071909,39.00,5.64000000,0
1506111714,22071908,38.99,0.13000000,0
1506111714,22071907,38.99,5.64000000,0
1506111706,22071891,39.00,47.64365700,0
1506111699,22071883,38.99,6.70000000,0
1506111699,22071882,38.98,0.13000000,0
1506111435,22071582,39.00,2.03775782,0
1506111435,22071581,38.99,7.96000000,0
1506111435,22071580,38.98,0.00224218,0
1506111376,22071509,38.98,0.12775782,0
1506111234,22071402,38.99,9.00000000,0
1506111234,22071401,38.98,0.13000000,0
1506111167,22071357,38.99,28.79959198,1
1506111158,22071356,39.00,50.00000000,0
1506111158,22071355,39.00,50.00000000,0
1506111158,22071354,39.00,41.33000000,0
1506111158,22071353,38.99,8.67000000,0
1506111153,22071336,38.99,10.29999500,0
1506111140,22071330,39.00,4.25256200,0
1506111140,22071329,38.99,12.23000000,0
1506111126,22071313,39.00,8.82475500,0
1506111117,22071304,38.99,14.54000000,0
1506111112,22071301,38.99,17.27000000,0
1506111111,22071300,38.98,0.13000000,0
1506110855,22071183,38.99,4.35855347,0
1506110853,22071181,38.98,0.13000000,0
1506110550,22070997,38.98,4.87023000,1
1506110548,22070995,38.89,0.13000000,0
1506110436,22070789,38.86,7.70072054,0
1506110423,22070787,38.82,5.00000000,1
1506109633,22070276,38.88,20.00023000,0
1506109577,22070239,38.88,0.15000000,0
1506109253,22070040,38.70,10.85960300,0
1506109033,22069883,38.83,3.85221421,0
1506109025,22069876,38.84,0.43640577,0
1506108840,22069671,38.77,1.81648300,1
1506108824,22069662,38.77,0.54900000,1
1506108792,22069649,38.82,3.00023000,0
1506108696,22069610,38.82,4.99700708,0
1506108611,22069570,38.66,0.21077331,1
1506107969,22069294,38.71,24.00000000,1
1506107568,22069103,38.67,0.21113062,1
1506107550,22069095,38.50,30.01304552,1
1506107550,22069094,38.50,172.95610389,1
1506107550,22069093,38.50,73.98778240,0
1506107549,22069092,38.51,100.00000000,1
1506107549,22069090,38.60,30.00000000,1
1506107548,22069088,38.68,6.63000000,1
1506107548,22069086,38.70,33.15000000,1
1506107548,22069085,38.74,0.98375786,1
1506107546,22069083,38.76,13.21000000,1
1506107435,22069006,38.73,0.89294747,0
1506107435,22069005,38.85,0.00278167,1
1506107433,22068998,38.86,0.00000025,1
1506107385,22068964,38.86,2.56664926,1
1506107371,22068961,38.87,34.25951995,0
1506107366,22068948,38.87,5.98824621,0
1506107356,22068937,39.00,0.72015372,1
1506107356,22068936,38.99,3.42000000,1
1506107356,22068935,38.99,0.13000000,0
1506107356,22068933,38.97,17.08000000,1
1506107355,22068932,38.96,0.23687222,0
1506107355,22068928,38.94,0.13000000,0
1506107353,22068925,38.93,0.53000000,1
1506107353,22068919,38.93,0.18294986,0
1506107139,22068755,38.93,0.56177754,0
1506107137,22068754,38.89,0.13000000,0
1506107074,22068706,38.82,3.97236833,0
1506107027,22068656,38.80,2.00000000,1
1506107008,22068631,38.82,1.79881504,0
1506106992,22068602,38.82,3.97199000,0
1506106724,22068352,38.82,0.25682638,0
1506106352,22068191,38.83,17.81313227,0
1506106350,22068190,38.82,72.18709773,0
1506106277,22068139,38.66,14.00000000,1
1506106058,22067985,38.84,0.87601821,1
1506105577,22067606,38.83,3.85320628,0
1506105277,22067387,38.85,0.53762319,0
1506105275,22067385,38.84,32.24000000,0
1506104878,22067065,38.87,5.94597375,0
1506104876,22067064,38.85,1.76654059,0
1506104641,22067010,38.64,1.00000000,1
1506104124,22066799,38.61,2.00000000,1
1506104109,22066794,38.62,0.74654898,0
1506103707,22066604,38.65,4.83860864,0
1506103701,22066600,38.65,9.00000000,1
1506103606,22066522,38.83,2.21685731,0
1506103606,22066521,38.80,1.22950269,0
1506103587,22066510,38.66,3.08070135,1
1506103582,22066496,38.61,0.00002849,0
1506103581,22066491,38.61,8.99997151,0
1506103574,22066487,38.62,9.00000000,1
1506103566,22066482,38.58,1.89535410,0
1506103510,22066459,38.65,8.32199812,1
1506103504,22066451,38.63,4.50500000,1
1506103504,22066449,38.65,0.26500000,1
1506103492,22066428,38.65,2.38500000,1
1506103414,22066379,38.63,9.00000000,0
1506103259,22066287,38.74,1.25144700,0
1506103259,22066286,38.73,5.57736300,0
1506103244,22066268,38.54,6.82127007,0
1506103242,22066265,38.54,2.17872993,1
1506103073,22066084,38.60,0.21753460,1
1506103069,22066078,38.60,1.95781133,1
1506103063,22066073,38.62,9.00000000,1
1506103058,22066069,38.66,4.45551300,1
1506103054,22066067,38.63,9.00000000,0
1506103041,22066055,38.72,0.20231600,1
1506103036,22066049,38.73,1.82084940,1
1506103033,22066046,38.80,4.23077931,0
1506103033,22066045,38.75,0.76945069,0
1506103028,22066041,38.63,1.71864036,1
1506103028,22066040,38.65,0.23765172,1
1506102971,22065991,38.73,9.00000000,1
1506102966,22065985,38.72,9.00000000,1
1506102963,22065984,38.72,0.64479969,1
1506102948,22065979,38.72,0.98160704,1
1506102940,22065975,38.70,0.64800000,1
1506102933,22065969,38.71,1.09404181,1
1506102927,22065966,38.73,1.30553915,1
1506102925,22065965,38.71,6.28601476,0
1506102911,22065955,38.70,1.30553915,1
1506102872,22065931,38.80,6.22467082,0
1506102851,22065926,38.84,24.52231200,0
1506102581,22065809,38.87,5.00023000,0
1506102496,22065781,38.88,19.80709877,1
1506102496,22065780,38.88,0.37191358,0
1506102480,22065777,38.88,0.12808642,0
1506102435,22065764,38.88,0.50000000,1
1506102378,22065730,38.93,2.56031828,0
1506102285,22065631,38.79,0.20000000,0
1506102282,22065630,38.76,3.19813279,0
1506102282,22065629,38.76,14.02150817,0
1506101760,22065377,38.73,13.23805835,0
1506101712,22065360,38.76,12.50605675,0
1506101668,22065302,38.75,5.00023000,0
1506101481,22065146,38.84,6.72343975,1
1506101481,22065145,38.84,17.74000000,1
1506101480,22065143,38.80,2.98000000,0
1506101480,22065142,38.80,71.40600000,1
1506101480,22065141,38.80,30.70247100,1
1506101480,22065139,38.79,53.41000000,1
1506101480,22065137,38.79,3.55000000,0
1506101479,22065136,38.79,14.92900000,1
1506101479,22065134,38.68,0.24003768,0
1506101479,22065133,38.68,1.99896508,1
1506101478,22065132,38.65,1.99948241,1
1506101154,22065039,38.37,0.24082276,1
1506101152,22065038,38.38,66.56206079,1
1506100850,22064793,38.33,1.30220912,1
1506100843,22064789,38.33,4.92537848,1
1506100837,22064786,38.34,7.42572161,1
1506100034,22064185,38.72,0.80591888,0
1506100034,22064184,38.70,2.19431112,1
1506100006,22064171,38.76,10.00023000,0
1506099909,22064134,38.48,2.04139190,0
1506099785,22064054,38.37,36.33294283,1
1506099785,22064053,38.50,0.52000000,1
1506099785,22064052,38.50,1.00000000,1
1506099732,22064008,38.61,25.12099201,0
1506098795,22063624,38.51,10.00000000,1
1506098740,22063561,38.66,2.52845318,1
1506098739,22063560,38.63,0.00001010,0
1506098730,22063554,38.63,21.92000000,1
1506098708,22063533,38.64,53.41000000,1
1506098675,22063483,38.65,1.34460000,0
1506098637,22063426,38.70,4.94000000,1
1506098637,22063423,38.71,24.69000000,1
1506098519,22063290,39.17,12.43655859,1
1506098519,22063287,39.16,3.90000000,0
1506098518,22063275,39.15,2.79000000,0
1506098518,22063261,39.09,0.13000000,0
1506098518,22063256,39.09,56.72399924,1
1506098518,22063253,38.99,0.13000000,0
1506098517,22063252,38.97,20.57000000,0
1506098517,22063251,38.93,2.06000000,0
1506098517,22063249,38.93,10.28000000,0
1506098516,22063248,38.91,41.91605218,1
1506098516,22063246,38.90,73.98778240,1
1506098516,22063245,38.88,31.08000000,0
1506098514,22063243,38.73,0.00011719,0
1506098418,22063211,38.53,2.99900000,1
1506098367,22063157,38.62,15.46322838,1
1506098300,22063121,38.66,5.27000000,1
1506098297,22063117,38.66,5.27011618,1
1506098223,22063085,38.71,31.67698700,1
1506098220,22063082,38.73,30.00003128,0
1506098172,22063054,38.92,30.00000000,0
1506098070,22062960,38.76,7.00000000,1
1506097546,22062522,38.70,23.45719872,0
1506097478,22062503,38.81,2.21493923,0
1506097453,22062487,38.86,2.51492153,0
1506097394,22062459,38.76,0.50310000,0
1506097320,22062411,38.58,9.92340200,1
1506097319,22062408,38.58,10.07659800,1
1506097300,22062394,38.70,0.13805469,1
1506097300,22062393,38.70,23.62000000,1
1506097132,22062336,38.90,1.00023000,0
1506096762,22062056,38.63,14.00000000,1
1506096706,22062009,38.58,3.04610000,1
1506096673,22061977,38.74,40.00023000,0
1506096628,22061933,38.47,6.93061000,1
1506096450,22061803,38.61,1.78451178,0
1506096441,22061778,38.60,17.34000000,0
1506096367,22061652,38.32,10.00000000,1
1506096361,22061645,38.33,15.33700004,0
1506096342,22061637,38.38,5.05423201,0
1506096270,22061512,38.20,45.00000000,1
1506096268,22061508,38.38,0.13001563,0
1506095887,22061080,38.21,1.00000000,1
1506095727,22060908,38.32,0.20000000,1
1506095684,22060822,38.45,7.07590000,0
1506095592,22060711,38.50,6.00023000,0
1506095545,22060603,38.44,4.72235771,0
1506095490,22060482,38.43,3.22754465,0
1506095490,22060481,38.43,11.83620505,0
1506095429,22060371,38.63,2.00000000,0
1506095362,22060237,38.36,2.28000000,0
1506095359,22060228,38.34,2.23244748,0
1506095358,22060227,38.34,2.35753661,0
1506095358,22060226,38.34,18.21246339,0
1506095208,22060054,38.30,16.00000000,0
1506095006,22059785,38.34,0.13015128,0
1506094962,22059714,38.15,13.15980000,1
1506094961,22059712,38.16,1.11581414,0
1506094960,22059711,38.15,13.15980000,1
1506094958,22059708,38.15,13.15980000,1
1506094957,22059704,38.14,0.00004583,0
1506094957,22059703,38.14,13.15980000,0
1506094957,22059702,38.13,13.15980000,0
1506094945,22059690,38.16,1.19000000,0
1506094915,22059633,38.18,0.18000000,0
1506094899,22059608,38.21,1.00000000,1
1506094897,22059606,38.22,11.85995082,1
1506094889,22059583,38.22,12.70581267,0
1506094874,22059552,38.31,0.06484105,1
1506094873,22059548,38.31,0.93515895,1
1506094842,22059423,38.33,10.26839782,1
1506094841,22059415,38.33,12.70006300,1
1506094840,22059411,38.33,9.60596000,1
1506094837,22059404,38.33,8.83297518,1
1506094837,22059402,38.33,11.55366782,1
1506094837,22059401,38.34,4.59000000,1
1506094836,22059400,38.35,13.78001591,1
1506094836,22059399,38.35,4.59000000,1
1506094828,22059368,38.34,4.58998409,0
1506094827,22059363,38.33,29.85407718,1
1506094827,22059362,38.34,4.59000000,1
1506094826,22059361,38.36,3.22745922,1
1506094826,22059360,38.36,19.73254078,1
1506094826,22059359,38.41,3.22757367,1
1506094824,22059353,38.41,1.80770974,1
1506094823,22059340,38.41,5.19229000,1
1506094822,22059337,38.41,1.80792659,1
1506094817,22059313,38.41,6.96500000,1
1506094816,22059310,38.41,3.30443461,1
1506094814,22059307,38.41,10.37472735,1
1506094812,22059294,38.41,5.32131651,1
1506094812,22059292,38.42,1.59439967,1
1506094811,22059290,38.42,9.83852233,1
1506094810,22059274,38.42,19.07887800,1
1506094809,22059272,38.42,18.92210000,1
1506094807,22059263,38.42,11.58970000,1
1506094807,22059257,38.43,11.51130000,1
1506094806,22059256,38.43,11.51130000,1
1506094806,22059255,38.43,0.71285012,1
1506094804,22059237,38.43,10.79844988,1
1506094803,22059236,38.43,1.88711973,1
1506094803,22059226,38.43,28.62468027,1
1506094802,22059225,38.43,19.71335406,1
1506094802,22059223,38.43,10.79844594,1
1506094802,22059221,38.43,1.54911954,1
1506094800,22059206,38.43,12.68565100,1
1506094792,22059127,38.45,5.00023000,0
1506094790,22059116,38.43,4.76570753,1
1506094786,22059106,38.44,7.09914836,1
1506094786,22059103,38.44,5.16750300,1
1506094784,22059090,38.44,0.37665263,1
1506094782,22059084,38.44,2.82588393,1
1506094749,22059001,38.44,2.90000000,1
1506094749,22058999,38.44,14.50000000,1
1506094746,22058989,38.42,11.51132193,0
1506094745,22058987,38.42,19.00050000,0
1506094743,22058983,38.41,0.00002153,0
1506094743,22058982,38.41,19.00050000,0
1506094738,22058971,38.41,1.00000000,1
1506094737,22058965,38.42,0.20000000,0
1506094732,22058957,38.42,4.89694000,1
1506094729,22058950,38.43,4.87733626,1
1506094728,22058944,38.42,6.58052156,1
1506094727,22058942,38.42,4.72844261,1
1506094652,22058825,38.78,0.25386350,0
1506094479,22058597,38.51,0.12957673,0
1506094426,22058543,38.28,4.76498250,1
1506094406,22058515,38.25,2.23996278,1
1506094395,22058507,38.30,6.42670130,1
1506094394,22058505,38.30,4.76095196,1
1506094393,22058503,38.30,33.35584674,1
1506094393,22058501,38.30,28.74929999,1
1506094393,22058500,38.31,32.85000000,1
1506094391,22058496,38.30,4.76104100,1
1506094389,22058489,38.31,4.75552389,1
1506094301,22058345,38.33,6.89276895,1
1506094289,22058323,38.31,4.77693253,1
1506094285,22058318,38.31,6.26013300,0
1506094275,22058297,38.30,11.03315901,1
1506094259,22058267,38.35,0.91127820,0
1506094250,22058246,38.31,1.00000000,1
1506094250,22058245,38.31,4.80600000,1
1506094249,22058241,38.32,7.33615083,0
1506094244,22058229,38.36,0.01053654,1
1506094240,22058218,38.36,4.20199479,0
1506094212,22058101,38.40,0.46000000,0
1506094211,22058092,38.37,4.20925698,0
1506094191,22058042,38.41,1.00000000,1
1506094188,22058034,38.42,22.53878800,1
1506094176,22057979,38.44,6.37668861,0
1506094165,22057950,38.45,22.79158000,1
1506094145,22057862,38.46,7.27267645,0
1506094144,22057854,38.46,0.00000260,0
1506094143,22057850,38.51,0.46319740,1
1506094143,22057848,38.54,0.46000000,1
1506094130,22057828,38.54,5.63310800,0
1506094126,22057809,38.53,4.14000000,0
1506094115,22057788,38.54,0.20000000,0
1506094081,22057728,38.51,0.53680260,1
1506094076,22057720,38.53,3.00000000,1
1506094025,22057629,38.73,26.00000000,1
1506093984,22057533,38.58,0.88384599,0
1506093974,22057512,38.60,0.17000000,0
1506093782,22057344,38.60,0.20000000,0
1506093753,22057330,38.62,3.00000000,0
1506093726,22057295,38.56,38.51996863,1
1506093685,22057218,38.77,0.20000000,1
1506093656,22057197,38.79,0.17000000,1
1506093512,22056965,38.89,1.00000000,1
1506093501,22056952,38.75,0.50000000,1
1506093497,22056945,38.88,43.57000000,1
1506093497,22056944,38.90,8.71000000,1
1506093472,22056931,38.90,4.07000000,0
1506093472,22056930,38.91,1.93000000,1
1506093167,22056747,38.88,4.20432770,0
1506092974,22056600,38.91,1.47399542,0
1506092973,22056598,38.90,22.27795343,0
1506092833,22056485,38.84,5.13697219,0
1506092808,22056471,38.90,1.28200514,1
1506092755,22056417,38.75,0.97768766,0
1506092752,22056412,38.75,1.20000000,1
1506092653,22056371,38.88,1.00000000,1
1506092548,22056280,38.74,3.40965385,1
1506092525,22056273,38.90,2.43598972,0
1506092511,22056265,38.80,0.00002112,0
1506092464,22056239,38.80,34.15539100,1
1506092412,22056205,38.80,8.84460900,1
1506092244,22056064,38.85,2.90540712,1
1506092241,22056056,38.85,3.70550013,1
1506092237,22056051,38.85,10.33818600,1
1506092234,22056042,38.85,6.61090700,1
1506092231,22056034,38.85,26.43999975,1
1506092230,22056033,38.86,23.56000000,1
1506092200,22055968,38.86,1.91919712,1
1506091764,22055628,38.91,1.02544333,0
1506091680,22055527,38.91,11.87586738,0
1506091678,22055523,38.90,8.66000000,0
1506091575,22055481,39.07,33.83408395,1
1506091575,22055479,38.99,0.13000000,0
1506091575,22055477,38.93,2.72598461,0
1506091574,22055476,38.90,2.23000000,0
1506091574,22055475,38.90,9.38016144,1
1506091574,22055474,38.87,11.16000000,0
1506091573,22055472,38.84,20.57000000,1
1506091572,22055468,38.84,20.57000000,0
1506091395,22055418,38.75,4.50000000,1
1506091372,22055408,38.93,0.31401539,0
1506091371,22055407,38.92,2.75000000,1
1506091371,22055406,38.84,13.77000000,0
1506091369,22055404,38.83,8.08544800,0
1506091161,22055259,38.88,1.00023000,0
1506091138,22055248,38.89,1.24878168,0
1506091103,22055232,38.88,13.00000000,0
1506091079,22055228,38.88,1.20884774,0
1506090936,22055160,38.69,3.19019231,1
1506090917,22055151,38.86,1.39500000,0
1506090791,22055098,38.90,1.25562721,0
1506090726,22055054,38.88,5.13117284,0
1506090631,22055002,38.80,11.02670128,1
1506090629,22054997,38.80,9.54329872,1
1506090539,22054915,38.84,10.06023000,0
1506090510,22054873,38.85,11.23654768,1
1506090510,22054872,38.85,1.82873732,1
1506090504,22054867,38.86,15.30992975,0
1506090488,22054824,38.85,0.50000000,1
1506090487,22054823,38.85,3.49938430,0
1506090481,22054809,38.99,15.26211664,0
1506090480,22054807,38.99,0.13000000,0
1506090366,22054711,38.82,0.50000000,1
1506090343,22054687,38.99,2.17643090,1
1506090302,22054619,39.00,0.14880000,1
1506090286,22054612,39.00,1.35120000,1
1506090285,22054611,39.00,0.50000000,1
1506090252,22054585,39.13,1.06239969,1
1506090252,22054584,39.13,2.91000000,0
1506090252,22054583,39.09,0.13000000,0
1506090250,22054581,39.00,1.00000000,0
1506090245,22054574,38.99,18.12362119,1
1506090237,22054568,38.99,19.91434200,0
1506090237,22054567,38.99,0.13000000,0
1506090227,22054560,38.87,1.26369000,1
1506090227,22054559,38.87,0.73631000,1
1506090167,22054503,38.87,1.76369000,1
1506090153,22054491,38.86,2.19151261,1
1506090144,22054477,38.87,0.70211100,1
1506090133,22054451,38.86,10.25387155,1
1506090133,22054450,38.88,36.33634699,1
1506090132,22054448,38.88,5.88530711,1
1506090132,22054447,38.88,0.71864590,1
1506090131,22054445,38.88,27.65595410,1
1506090130,22054442,38.88,15.28434590,1
1506090130,22054441,38.88,8.49695310,1
1506090128,22054436,38.88,23.75281500,1
1506090128,22054434,39.00,0.60564102,1
1506090127,22054424,38.99,5.66197124,1
1506090126,22054418,38.99,0.13000000,0
1506090126,22054416,38.88,10.69053190,1
1506090126,22054414,38.88,0.00004031,1
1506090126,22054413,38.89,4.12069800,1
1506090124,22054410,38.89,1.83849000,1
1506090123,22054407,38.89,14.81140200,1
1506090121,22054402,38.88,29.43232090,0
1506090121,22054401,38.88,13.50793879,0
1506090110,22054388,38.86,1.49003122,1
1506090110,22054387,38.87,5.79129534,1
1506090109,22054384,38.87,21.01870466,1
1506090106,22054371,38.86,26.80862405,1
1506090106,22054369,38.88,0.13390000,1
1506090106,22054367,38.88,0.13390000,1
1506090106,22054366,38.88,0.13390000,1
1506090106,22054365,38.88,0.13390000,1
1506090106,22054364,38.88,0.13390000,1
1506090106,22054363,38.88,0.13390000,1
1506090106,22054362,38.88,0.13388000,1
1506090105,22054361,38.90,0.53585253,1
1506090104,22054352,38.90,20.47860947,1
1506090103,22054349,38.89,7.76532323,1
1506090091,22054339,38.87,0.00002000,0
1506090091,22054338,38.87,0.13390000,0
1506090088,22054327,38.85,7.76484376,1
1506090085,22054322,38.85,7.76504444,0
1506090084,22054321,38.85,0.00025955,1
1506090082,22054315,38.85,5.96874045,1
1506090082,22054312,38.85,5.96900000,1
1506090082,22054310,38.85,0.73673064,1
1506090082,22054308,38.86,0.00011270,1
1506090081,22054305,38.86,21.66700130,1
1506090067,22054272,38.85,5.23226936,1
1506090066,22054271,38.85,4.98338553,1
1506090066,22054270,38.86,0.34894100,1
1506090065,22054269,38.86,2.22409000,1
1506090062,22054264,38.86,7.76533000,1
1506090062,22054262,38.86,12.32564700,1
1506090058,22054254,38.85,0.98561447,1
1506090058,22054252,38.85,5.96900000,1
1506090058,22054250,38.85,5.96900000,1
1506090058,22054249,38.85,5.96900000,1
1506090058,22054248,38.85,5.96900000,1
1506090058,22054246,38.85,0.00476831,1
1506090058,22054245,38.86,22.66275700,1
1506090056,22054241,38.85,5.96421056,1
1506090054,22054239,38.82,0.00002113,0
1506090054,22054238,38.82,5.96900000,0
1506090020,22054199,38.80,3.00000000,1
1506090019,22054197,38.91,3.00000000,0
1506089970,22054116,38.91,3.00000000,0
1506089963,22054108,38.94,3.00000000,0
1506089955,22054102,38.95,3.00000000,0
1506089952,22054095,38.96,5.12063655,0
1506089928,22054051,38.96,1.76533000,0
1506089928,22054049,38.80,1.23467000,0
1506089922,22054037,38.80,1.42944000,0
1506089922,22054036,38.80,1.57056000,0
1506089915,22054018,38.84,3.00000000,0
1506089914,22054016,38.84,7.35920893,1
1506089913,22054014,38.84,3.29261300,1
1506089912,22054012,38.84,3.00000000,0
1506089912,22054010,38.84,17.06000000,0
1506089907,22054003,38.83,3.00000000,0
1506089901,22053990,38.84,3.00000000,0
1506089894,22053967,38.83,3.00000000,0
1506089759,22053786,38.69,24.58637401,1
1506089759,22053785,38.66,6.12217135,0
1506089758,22053784,38.66,15.10700000,0
1506089758,22053783,38.66,172.36900000,0
1506089758,22053782,38.65,4.59000000,0
1506089688,22053714,38.42,5.77561699,1
1506089688,22053713,38.47,3.01200000,1
1506089686,22053711,38.51,1.00000000,1
1506089665,22053690,38.52,23.61661900,1
1506089657,22053683,38.52,23.61691900,1
1506089563,22053477,38.57,7.56941233,1
1506089510,22053382,38.47,1.98800000,1
1506089509,22053381,38.50,80.95181818,1
1506089507,22053375,38.48,9.73000000,0
1506089490,22053336,38.49,2.00000000,0
1506089331,22053171,38.48,0.25935551,1
1506089324,22053163,38.22,8.62778938,0
1506089324,22053162,38.22,6.15000000,0
1506089324,22053161,38.31,1.00000000,1
1506089324,22053159,38.33,0.00409955,1
1506089323,22053158,38.36,0.20000000,1
1506089323,22053157,38.41,1.00000000,1
1506089321,22053156,38.42,8.01811107,1
1506089306,22053146,38.57,7.75862069,0
1506089208,22053071,38.93,0.24377087,1
1506089207,22053070,38.87,1.39000000,0
1506089207,22053069,38.87,6.94000000,0
1506089207,22053068,38.53,2.87000000,0
1506089205,22053066,38.46,3.60586624,0
1506089099,22053002,38.44,1.30000000,0
1506089071,22052995,38.37,17.71996534,1
1506089043,22052973,38.40,2.59765625,1
1506088962,22052917,38.43,1.71007029,1
1506088961,22052916,38.43,2.18350243,0
1506088781,22052678,38.33,0.81581017,1
1506088709,22052645,38.49,0.04150115,1
1506088709,22052644,38.49,8.25872885,1
1506088697,22052636,38.46,0.75195008,0
1506088558,22052553,38.33,4.00000000,1
1506088514,22052542,38.45,4.00023000,0
1506088377,22052495,38.40,2.52657345,0
1506088370,22052490,38.41,1.00000000,1
1506088365,22052488,38.40,0.25989583,0
1506088304,22052462,38.33,0.50000000,1
1506088243,22052454,38.34,3.11898920,0
1506088212,22052447,38.41,0.25982817,0
1506088207,22052444,38.38,2.59927045,0
1506088203,22052440,38.31,1.00000000,1
1506088183,22052432,38.46,0.25949038,0
1506088129,22052415,38.23,15.96984489,1
1506088129,22052414,38.23,15.00000000,1
1506088129,22052413,38.31,0.00006589,1
1506088123,22052411,38.31,0.99993411,1
1506088122,22052410,38.31,0.08568297,1
1506088081,22052353,38.40,0.25989583,0
1506088040,22052309,38.31,0.91431703,1
1506088002,22052291,38.49,0.25928813,0
1506087996,22052289,38.33,4.00000000,1
1506087994,22052281,38.41,0.00500000,1
1506087992,22052277,38.41,0.99500000,1
1506087989,22052264,38.51,1.47286038,0
1506087989,22052263,38.51,7.52713962,0
1506087961,22052242,38.56,0.25881743,0
1506087944,22052234,38.34,9.31804123,1
1506087908,22052195,38.32,7.52703246,1
1506087864,22052112,38.53,0.25901895,0
1506087846,22052099,38.32,0.70489870,0
1506087837,22052096,38.32,7.04898702,0
1506087836,22052095,38.31,1.00000000,1
1506087830,22052092,38.34,24.78189610,0
1506087811,22052081,38.37,0.26009904,0
1506087794,22052073,38.31,0.50000000,1
1506087793,22052070,38.48,0.25935551,1
1506087781,22052063,38.33,0.26037047,0
1506087738,22052046,38.31,0.50000000,1
1506087699,22052017,38.32,12.47319754,1
1506087677,22052007,38.52,20.00023000,0
1506087636,22051999,38.55,0.25862516,0
1506087583,22051954,38.45,0.25955787,0
1506087580,22051951,38.23,16.15693800,1
1506087578,22051948,38.31,16.02000000,0
1506087578,22051947,38.31,1.00000000,1
1506087575,22051944,38.45,0.25955787,0
1506087541,22051906,38.38,0.20000000,0
1506087533,22051905,38.38,0.20000000,0
1506087406,22051831,38.49,11.82462977,0
1506087403,22051828,38.49,0.25928813,0
1506087376,22051803,38.41,2.42872162,0
1506087363,22051782,38.41,1.96475000,0
1506087320,22051722,38.41,10.27700000,0
1506087315,22051706,38.38,2.03212890,0
1506087315,22051705,38.38,23.65773900,0
1506087313,22051702,38.38,0.80009796,0
1506087311,22051698,38.37,2.80001252,0
1506087310,22051697,38.37,12.19993800,0
1506087309,22051694,38.32,21.88693167,0
1506087308,22051693,38.32,20.42567800,0
1506087282,22051673,38.32,0.20000000,0
1506087282,22051672,38.31,1.00000000,1
1506087266,22051658,38.32,8.43937083,1
1506087234,22051606,38.32,14.99988127,1
1506087195,22051533,38.36,4.71086748,0
1506087189,22051521,38.36,9.00000000,0
1506087165,22051475,38.34,0.20000000,0
1506087135,22051450,38.33,1.18607184,0
1506087083,22051377,38.38,1.02727580,1
1506087083,22051376,38.39,15.00000000,0
1506087077,22051363,38.35,6.69743955,1
1506087077,22051362,38.36,14.79356411,1
1506087075,22051354,38.36,5.20542206,1
1506087075,22051349,38.36,15.86101383,1
1506087075,22051346,38.36,5.62998983,1
1506087074,22051344,38.36,3.37001017,1
1506087074,22051342,38.37,26.49000000,1
1506087073,22051340,38.38,15.00000000,1
1506087050,22051295,38.37,14.99997655,1
1506087042,22051276,38.37,14.83099767,0
1506087039,22051267,38.36,9.70563791,1
1506087023,22051257,38.34,14.99999974,1
1506086949,22051183,38.41,0.12965374,0
1506086904,22051152,38.35,0.20000000,1
1506086872,22051131,38.40,0.20000000,0
1506086863,22051127,38.33,0.20000000,0
1506086862,22051125,38.37,0.20000000,0
1506086802,22051090,38.34,0.20000000,1
1506086772,22051067,38.32,0.20000000,1
1506086762,22051063,38.41,1.00000000,1
1506086742,22051057,38.55,0.25888457,0
1506086739,22051052,38.33,0.15000000,1
1506086598,22050997,38.32,13.00000000,1
1506086566,22050949,38.46,0.20000000,0
1506086542,22050914,38.41,1.00000000,1
1506086487,22050851,38.51,8.21945774,0
1506086486,22050850,38.51,16.86904493,0
1506086464,22050839,38.51,1.00000000,1
1506086437,22050817,38.53,0.17000000,0
1506086361,22050754,38.56,68.04917085,0
1506086354,22050740,38.52,7.17731049,0
1506086255,22050691,38.56,17.96640000,1
1506086250,22050686,38.57,12.13165386,0
1506086250,22050685,38.57,14.99999975,0
1506086237,22050671,38.57,12.65776100,0
1506086230,22050668,38.51,1.00000000,1
1506086230,22050667,38.52,15.00000000,1
1506086051,22050539,38.56,1.00621000,0
1506085853,22050425,38.78,18.33818038,0
1506085853,22050423,38.78,80.00000000,1
1506085853,22050422,38.78,60.00000000,1
1506085852,22050421,38.72,3.04000000,0
1506085852,22050420,38.68,9.22296494,0
1506085852,22050419,38.68,3.14000000,1
1506085851,22050418,38.58,15.70000000,1
1506085850,22050416,38.58,28.60000000,0
1506085850,22050415,38.58,32.92800000,0
1506085615,22050249,38.51,1.00000000,1
1506085615,22050248,38.51,0.01079000,1
1506085609,22050244,38.57,4.25572481,0
1506085609,22050243,38.57,0.21977719,0
1506085604,22050238,38.57,1.97799466,0
1506085596,22050234,38.59,9.00000000,0
1506085560,22050204,38.63,9.00000000,0
1506085555,22050203,38.63,0.45680691,0
1506085550,22050192,38.56,2.12103960,0
1506085550,22050191,38.54,1.99022254,0
1506085544,22050190,38.51,0.98921000,1
1506085533,22050185,38.54,0.20454491,1
1506085532,22050184,38.56,0.34667673,0
1506085525,22050179,38.55,3.12009049,0
1506085516,22050165,38.55,2.44490611,0
1506085453,22050108,38.61,0.30397829,1
1506085420,22050086,38.66,0.37051133,0
1506085420,22050084,38.60,10.95000000,1
1506085417,22050079,38.66,17.59998259,0
1506085417,22050077,38.65,0.00001741,0
1506085415,22050070,38.65,1.22454792,1
1506085408,22050062,38.67,0.45173551,1
1506085401,22050042,38.68,20.09695700,0
1506085397,22050035,38.68,2.18087161,0
1506085205,22049831,38.94,4.09861325,0
1506085097,22049676,38.60,2.00000000,1
1506085089,22049663,38.94,33.17693888,1
1506085047,22049635,38.93,13.07823000,0
1506085035,22049630,38.76,9.00000000,1
1506084980,22049585,38.63,0.58174665,1
1506084942,22049549,38.60,5.81746651,1
1506084913,22049512,38.74,30.95544559,1
1506084912,22049511,38.74,72.15245322,0
1506084873,22049479,38.60,3.00000000,0
1506084826,22049392,38.50,3.00000000,0
1506084533,22049078,38.44,3.88721615,0
1506084533,22049077,38.44,2.60003671,0
1506084494,22049039,38.44,0.50312000,0
1506084209,22048833,38.43,1.60000000,1
1506084207,22048832,38.42,1.00000000,0
1506084112,22048777,38.42,0.25976054,1
1506084103,22048774,38.46,1.17992720,0
1506084094,22048770,38.20,63.94331611,1
1506084092,22048768,38.21,35.76000000,1
1506084092,22048767,38.21,1.00000000,1
1506083933,22048673,38.35,0.26023468,0
1506083904,22048661,38.17,1.21968000,0
1506083833,22048598,38.27,1.00023000,0
1506083764,22048536,38.26,0.25385429,0
1506083734,22048523,38.14,0.92000000,1
1506083734,22048522,38.19,11.00000000,1
1506083734,22048521,38.19,20.06000000,1
1506083617,22048440,38.26,7.57728869,0
1506083558,22048364,38.21,1.00000000,1
1506083544,22048358,38.39,1.99322740,0
1506083544,22048357,38.36,8.80783217,0
1506083543,22048356,38.26,2.20625154,0
1506083508,22048343,38.30,0.26057441,0
1506083504,22048337,38.20,9.59450000,1
1506083379,22048145,38.45,2.60078023,0
1506083244,22048084,38.44,1.29600000,0
1506083234,22048076,38.38,1.00023000,0
1506083234,22048075,38.41,2.00023000,1
1506083229,22048072,38.28,0.01400000,0
1506083227,22048069,38.31,20.06000000,1
1506082898,22047825,38.45,0.25955787,0
1506082846,22047736,38.40,0.25989583,1
1506082759,22047628,38.07,0.39097222,1
1506082713,22047562,38.47,8.89680270,0
1506082713,22047561,38.40,1.00000000,0
1506082711,22047556,38.25,0.48000000,0
1506082656,22047468,38.38,11.59011263,0
1506082651,22047453,38.20,3.50360863,0
1506082651,22047451,38.20,12.05486200,0
1506082651,22047450,38.12,4.24800000,1
1506082649,22047447,38.11,0.50000000,1
1506082608,22047310,38.01,0.50000000,1
1506082600,22047292,38.18,0.47256900,0
1506082568,22047242,38.01,0.50000000,1
1506082551,22047213,38.02,0.26249342,0
1506082528,22047163,37.92,0.50000000,1
1506082507,22047139,38.04,0.26235542,0
1506082474,22047101,37.96,0.26290832,0
1506082453,22047083,37.70,54.20566119,1
1506082452,22047081,37.71,1.00000000,1
1506082452,22047080,37.79,51.05000000,1
1506082452,22047079,37.81,18.25777066,1
1506082452,22047078,37.81,1.00000000,1
1506082451,22047075,37.91,1.00000000,1
1506082429,22047044,37.93,1.83046781,0
1506082429,22047042,37.93,2.22674284,0
1506082396,22047009,37.94,16.32799944,1
1506082393,22047006,37.94,20.06000000,1
1506082392,22047004,37.94,13.41200056,1
1506082392,22047003,37.96,6.64799944,1
1506082391,22047002,37.96,7.09000000,0
1506082391,22047001,37.96,11.70589849,0
1506082383,22046991,37.96,1.00000000,0
1506082378,22046980,37.96,0.26290832,0
1506082377,22046978,37.96,7.09119319,1
1506082373,22046964,37.96,14.16571339,1
1506082369,22046954,37.96,0.20000000,1
1506082367,22046948,38.08,0.26181723,0
1506082354,22046937,38.01,1.00000000,1
1506082321,22046915,38.09,0.26201103,0
1506082315,22046914,37.96,0.50000000,1
1506082306,22046909,38.01,1.00000000,1
1506082284,22046896,38.11,0.26187352,0
1506082275,22046886,37.96,0.50000000,1
1506082268,22046884,37.96,4.01374800,1
1506082265,22046877,37.95,4.01169460,0
1506082230,22046849,37.95,0.49574000,1
1506082229,22046848,37.98,0.00426000,1
1506082150,22046792,38.00,4.02518100,0
1506082124,22046762,37.95,6.09000000,0
1506082121,22046747,37.95,25.48000000,1
1506082119,22046711,38.00,15.74481877,0
1506082117,22046707,37.95,0.50000000,1
1506082112,22046700,37.99,2.62569097,0
1506082100,22046675,38.00,80.23000000,0
1506082100,22046674,37.99,19.77000000,0
1506082073,22046626,37.94,0.20000000,1
1506082066,22046619,37.97,4.93949200,0
1506082014,22046574,37.98,0.26276988,0
1506081966,22046524,37.75,2.00000000,1
1506081902,22046465,37.72,24.83636000,1
1506081901,22046464,37.74,5.02000000,1
1506081901,22046463,37.77,1.00000000,1
1506081899,22046461,37.81,1.00000000,1
1506081899,22046460,37.81,6.00000000,1
1506081704,22046246,37.84,17.98967695,0
1506081704,22046245,37.84,3.01032305,1
1506081630,22046068,37.84,4.39667695,1
1506081556,22045955,37.99,10.76381000,0
1506081554,22045953,37.90,0.30000000,0
1506081538,22045944,37.94,0.98100000,0
1506081534,22045936,37.84,4.59300000,1
1506081533,22045933,37.94,0.98100000,0
1506081511,22045904,37.91,1.00000000,1
1506081469,22045812,37.95,0.45200000,0
1506081462,22045795,37.95,4.06800000,0
1506081446,22045780,37.90,10.03852200,1
1506081432,22045755,37.90,3.42236420,1
1506081432,22045754,37.90,0.00010580,1
1506081425,22045736,37.90,20.05989420,1
1506081424,22045733,38.04,0.26235542,0
1506081419,22045724,38.01,1.00000000,1
1506081375,22045677,38.04,7.26187500,1
1506081321,22045562,38.02,9.12752000,1
1506081318,22045559,37.91,1.78656948,0
1506081317,22045558,37.91,2.24638000,0
1506081316,22045556,37.91,19.33000000,0
1506081315,22045554,37.92,18.95700000,1
1506081315,22045553,37.93,15.00000000,1
1506081233,22045298,38.22,2.55446866,0
1506081214,22045282,37.85,11.69453282,1
1506081214,22045280,37.86,20.00000000,1
1506081213,22045279,37.91,1.00000000,1
1506081213,22045278,37.94,6.04546718,1
1506081213,22045277,38.00,8.06000000,1
1506081212,22045276,38.01,1.00000000,1
1506081212,22045274,38.11,0.20000000,0
1506081212,22045273,38.11,1.00000000,1
1506081210,22045272,38.12,1.00000000,1
1506081121,22045199,38.26,2.03345531,0
1506081110,22045193,38.23,0.26105153,0
1506080847,22044673,38.28,4.01179000,0
1506080769,22044561,38.12,8.53299503,1
1506080769,22044559,38.13,6.86700497,1
1506080760,22044529,38.13,8.13299503,1
1506080757,22044523,38.12,13.51338116,1
1506080757,22044521,38.12,5.49661884,1
1506080756,22044517,38.12,34.62001995,0
1506080755,22044516,38.12,9.88336121,0
1506080755,22044513,38.12,32.41865900,0
1506080755,22044512,38.12,13.87134100,0
1506080755,22044510,38.11,3.71000000,0
1506080755,22044509,38.11,50.00000000,0
1506080751,22044486,38.04,6.07241200,0
1506080751,22044484,38.04,0.90000000,0
1506080750,22044479,38.04,15.00000000,0
1506080749,22044469,38.05,34.68000000,1
1506080747,22044468,38.12,15.00000000,0
1506080739,22044427,38.16,2.83000000,0
1506080734,22044410,38.10,28.96904386,1
1506080734,22044409,38.10,5.10898083,1
1506080733,22044408,38.11,15.00000000,1
1506080718,22044364,38.11,16.39989478,1
1506080718,22044362,38.11,1.00000000,1
1506080717,22044355,38.21,1.00000000,1
1506080696,22044257,38.25,0.20000000,0
1506080682,22044180,38.22,14.99991340,1
1506080666,22044113,38.31,1.00000000,0
1506080657,22044101,38.34,0.26030256,0
1506080650,22044087,38.30,4.99990000,1
1506080650,22044086,38.30,4.99990000,1
1506080650,22044085,38.30,4.99990000,1
1506080650,22044084,38.30,14.99990000,1
1506080650,22044083,38.30,2.80987882,1
1506080643,22044073,38.31,0.00011276,1
1506080642,22044066,38.31,14.99988724,1
1506080641,22044059,38.30,12.19002118,1
1506080641,22044058,38.30,12.80993444,1
1506080639,22044053,38.30,2.18996556,1
1506080639,22044052,38.30,10.00003444,1
1506080638,22044051,38.23,4.99986556,0
1506080638,22044050,38.23,10.00000000,0
1506080635,22044041,38.39,0.25996353,0
1506080635,22044040,38.23,14.99986556,1
1506080632,22044035,38.22,21.49071115,1
1506080630,22044032,38.31,1.00000000,1
1506080630,22044031,38.32,15.00000000,1
1506080624,22044016,38.32,14.99983978,0
1506080621,22044011,38.32,14.99983978,1
1506080616,22043996,38.32,14.99983978,1
1506080612,22043988,38.32,14.99983978,1
1506080609,22043985,38.32,14.99999974,1
1506080591,22043966,38.32,14.99983978,1
1506080586,22043959,38.32,14.99983978,1
1506080584,22043956,38.41,1.00000000,1
1506080578,22043942,38.45,0.28000000,0
1506080567,22043921,38.45,0.64837451,0
1506080544,22043847,38.42,14.99986023,1
1506080539,22043833,38.42,14.99986023,1
1506080534,22043809,38.54,0.25895174,0
1506080533,22043806,38.42,14.99986023,1
1506080529,22043778,38.42,14.99999974,1
1506080528,22043765,38.51,0.50000000,1
1506080521,22043753,38.51,0.50000000,1
1506080512,22043737,38.52,2.70690525,1
1506080499,22043728,38.60,0.49997642,0
1506080499,22043727,38.60,0.00002358,0
1506080476,22043708,38.53,9.00000000,1
1506080475,22043707,38.55,1.00000000,1
1506080475,22043706,38.56,15.00000000,1
1506080420,22043657,38.60,1.18780000,1
1506080418,22043655,38.60,16.54000000,1
1506080418,22043654,38.61,1.00000000,1
1506080370,22043616,38.74,20.10402685,0
1506080341,22043599,38.76,20.09365325,0
1506080334,22043592,38.72,1.45403248,1
1506080333,22043589,38.72,55.86591700,1
1506080315,22043582,38.72,11.35269132,1
1506080314,22043581,38.72,8.76171984,0
1506080304,22043576,38.72,7.46128016,0
1506080304,22043575,38.72,12.65313100,0
1506080283,22043564,38.61,6.39083114,0
1506080272,22043554,38.61,6.37321912,0
1506080250,22043541,38.61,6.35560710,0
1506080178,22043479,38.72,9.48945906,1
1506080178,22043478,38.72,10.51850207,0
1506080178,22043477,38.72,9.48708677,0
1506080177,22043476,38.71,10.63000000,0
1506080150,22043465,38.72,0.05441116,1
1506080149,22043464,38.72,20.06000000,0
1506080119,22043457,38.73,0.64368706,0
1506080117,22043456,38.73,20.10921766,0
1506080091,22043437,38.81,10.00023000,0
1506080075,22043420,38.82,20.06259659,1
1506080045,22043390,38.60,6.33963705,1
1506080024,22043379,38.58,6.33825791,1
1506080012,22043372,38.57,2.52138943,1
1506080004,22043345,38.57,1.76641793,1
1506080004,22043344,38.58,10.88358207,1
1506080000,22043343,38.55,17.48065125,0
1506079999,22043338,38.55,50.00000000,0
1506079999,22043337,38.55,50.00000000,0
1506079999,22043334,38.55,4.02706200,0
1506079998,22043332,38.54,2.12851000,0
1506079997,22043331,38.54,1.69623200,0
1506079997,22043329,38.54,9.07674800,0
1506079995,22043324,38.54,2.12851000,0
1506079964,22043309,38.54,15.00000000,1
1506079951,22043306,38.55,15.00000000,0
1506079950,22043304,38.55,15.00000000,0
1506079938,22043301,38.69,5.01253133,0
1506079849,22043269,38.60,1.00000000,1
1506079792,22043246,38.66,3.00000000,1
1506079608,22043165,38.78,4.94000000,1
1506079607,22043164,38.76,20.06000000,0
1506079513,22043112,38.80,0.00023000,1
1506079513,22043110,38.80,5.00000000,0
1506079477,22043096,38.57,5.00000000,1
1506079435,22043075,38.67,3.29350893,1
1506079420,22043059,38.63,14.00000000,1
1506079406,22043049,38.60,2.00000000,0
1506079406,22043047,38.61,15.00000000,1
1506079385,22043035,38.66,15.00000000,1
1506079379,22043029,38.67,3.00000000,1
1506079356,22043018,38.64,15.00000000,0
1506079304,22042986,38.90,72.18373951,0
1506079304,22042985,38.90,8.35623549,0
1506079303,22042981,38.76,4.11000000,0
1506079303,22042979,38.76,15.35025500,0
1506079298,22042970,38.76,4.89658100,0
1506079298,22042969,38.75,19.17709100,0
1506079295,22042960,38.76,0.28316400,0
1506079243,22042927,38.86,0.37736489,0
1506079242,22042926,38.86,24.46000000,0
1506079242,22042925,38.80,2.34522765,0
1506079242,22042923,38.77,21.49093302,0
1506079241,22042921,38.63,2.73477000,0
1506079222,22042911,38.41,71.96000000,0
1506079222,22042910,38.47,11.10000000,1
1506079221,22042909,38.53,51.94000000,1
1506079221,22042908,38.53,15.00000000,0
1506079215,22042905,38.63,1.00023000,0
1506079201,22042882,38.63,40.32500000,0
1506079195,22042879,38.62,16.67490000,0
1506079195,22042877,38.53,0.00210000,0
1506079112,22042807,38.59,3.00000000,1
1506079092,22042791,38.51,0.60102071,0
1506079079,22042778,38.50,2.07165109,0
1506079065,22042761,38.51,7.00000000,1
1506079060,22042748,38.51,2.00000000,1
1506079029,22042682,38.44,4.46000000,1
1506079025,22042679,38.65,18.92000000,1
1506079025,22042677,38.65,18.92000000,1
1506079025,22042676,38.65,18.92000000,1
1506079025,22042675,38.65,18.92000000,1
1506079025,22042674,38.65,18.92000000,1
1506079025,22042673,38.65,18.92000000,1
1506079024,22042672,38.65,18.92000000,1
1506079024,22042671,38.65,18.92000000,1
1506079024,22042670,38.65,18.92000000,1
1506079024,22042669,38.65,1.62906500,1
1506079021,22042667,38.65,8.29093500,1
1506079019,22042666,38.72,1.80346074,0
1506079018,22042662,38.65,9.00000000,1
1506079012,22042660,38.65,18.92000000,1
1506079012,22042658,38.65,18.92000000,1
1506079012,22042657,38.65,8.43078100,1
1506079010,22042656,38.65,10.48921900,1
1506079009,22042655,38.65,2.51078100,1
1506078978,22042638,38.65,4.00000000,1
1506078950,22042623,38.73,0.15000000,0
1506078942,22042584,38.65,12.40921900,1
1506078942,22042583,38.66,16.59078100,1
1506078939,22042582,38.73,7.66931100,0
1506078939,22042581,38.66,2.00000000,1
1506078472,22042210,38.25,2.45367000,0
1506078466,22042202,38.25,0.00697000,0
1506078465,22042201,38.25,10.00023000,0
1506078413,22042189,38.43,10.00023000,0
1506078349,22042155,38.15,2.00000000,1
1506078349,22042154,38.17,9.25012531,1
1506078198,22042064,38.15,9.00000000,0
1506078184,22042008,37.82,74.96381100,1
1506078184,22042007,37.82,38.83632400,0
1506078184,22042006,37.82,11.00000000,0
1506078183,22042004,37.83,26.41419800,0
1506078183,22042003,37.83,39.62129700,0
1506078183,22042002,37.90,0.18988000,0
1506078182,22042000,38.07,3.47449000,1
1506078180,22041998,37.99,2.25361000,0
1506078180,22041996,37.99,2.25355000,0
1506078179,22041993,37.83,22.38497100,0
1506078179,22041992,37.83,1.00000000,0
1506078179,22041991,37.83,17.15673600,0
1506078179,22041990,37.83,1.76631700,0
1506078179,22041989,37.83,6.81404700,0
1506078179,22041988,37.83,0.90000000,0
1506078179,22041987,37.83,10.97792900,0
1506078178,22041986,38.00,1.00000000,0
1506078177,22041980,37.82,55.11945802,1
1506078177,22041979,37.83,26.76521300,1
1506078176,22041977,37.90,5.00000000,1
1506078176,22041976,37.90,46.09570047,1
1506078176,22041974,37.91,40.14624700,0
1506078176,22041973,37.98,1.00000000,1
1506078175,22041972,38.00,1.00000000,1
1506078175,22041971,38.00,2.00000000,1
1506078175,22041970,38.00,4.00000000,1
1506078175,22041969,38.00,1.00000000,1
1506078175,22041967,38.00,0.50000000,1
1506078174,22041966,38.00,2.00000000,1
1506078174,22041965,38.00,1.00000000,1
1506078174,22041964,38.00,1.00000000,1
1506078174,22041963,38.00,0.50000000,1
1506078174,22041962,38.00,5.00000000,1
1506078174,22041961,38.00,1.22766699,1
1506078174,22041959,38.01,2.00000000,1
1506078173,22041958,38.02,21.49093302,0
1506078173,22041957,38.03,9.00000000,1
1506078173,22041956,38.08,4.00000000,1
1506078172,22041954,38.10,1.00000000,1
1506078172,22041953,38.11,9.84000000,1
1506078172,22041952,38.16,19.31478150,0
1506078172,22041951,38.14,0.75853850,0
1506078171,22041949,38.14,6.82684644,0
1506078170,22041945,38.14,49.14000000,0
1506078169,22041944,38.15,1.63000000,1
1506078169,22041943,38.31,0.00000043,1
1506078134,22041917,38.39,0.00003748,1
1506078134,22041916,38.38,12.41943252,1
1506078132,22041914,38.38,13.73000000,0
1506078079,22041832,38.31,2.69999100,1
1506077817,22041460,38.58,1.00000000,1
1506077732,22041386,38.64,0.63224638,0
1506077692,22041364,38.63,2.58244887,0
1506077664,22041293,38.56,0.18101660,0
1506077579,22041147,38.54,0.25895174,0
1506077574,22041143,38.45,16.36000000,0
1506077563,22041127,38.43,6.96624088,0
1506077558,22041118,38.44,1.36018000,0
1506077554,22041116,38.45,3.89180754,0
1506077537,22041104,38.31,0.00000857,0
1506077537,22041103,38.31,3.94595143,0
1506077535,22041101,38.31,10.00000000,1
1506077535,22041100,38.33,2.00000000,1
1506077535,22041099,38.34,24.55404000,1
1506077508,22041063,38.32,10.00000000,1
1506077429,22040965,38.33,0.00000037,1
1506077420,22040960,38.33,20.05999963,1
1506077420,22040959,38.34,25.27215600,1
1506077420,22040958,38.38,0.00000037,1
1506077344,22040866,38.38,1.00000000,1
1506077344,22040865,38.38,8.99999963,1
1506077344,22040864,38.38,0.85951837,1
1506077344,22040863,38.39,1.00000000,1
1506077320,22040821,38.40,1.27577600,1
1506077319,22040815,38.40,27.50114300,1
1506077306,22040804,38.40,1.17857957,1
1506077306,22040803,38.41,20.06000000,1
1506077306,22040802,38.41,0.00027743,1
1506077260,22040696,38.50,5.03066413,0
1506077229,22040641,38.45,20.06000000,1
1506077199,22040591,38.46,20.04988700,1
1506077199,22040590,38.51,0.01011300,1
1506077196,22040586,38.54,0.25895174,0
1506077188,22040565,38.51,0.98988700,1
1506077141,22040518,38.58,0.25868326,0
1506077138,22040511,38.59,1.25653666,0
1506077135,22040505,38.60,2.77000000,0
1506077042,22040438,38.57,0.51690000,1
1506076965,22040399,38.60,15.00000000,0
1506076962,22040398,38.51,1.00000000,1
1506076962,22040397,38.53,6.00000000,1
1506076876,22040361,38.57,18.62640000,1
1506076859,22040347,38.78,0.25786488,0
1506076840,22040331,38.56,0.88374100,1
1506076830,22040322,38.76,0.25748194,1
1506076828,22040319,38.62,0.00002281,0
1506076803,22040294,38.54,0.00004559,0
1506076803,22040293,38.54,2.02654400,0
1506076803,22040292,38.54,29.60045600,0
1506076783,22040282,38.52,13.13000000,1
1506076771,22040273,38.54,2.16005231,0
1506076770,22040272,38.52,15.59000000,1
1506076758,22040264,38.52,18.53000000,0
1506076679,22040217,38.53,0.25901895,0
1506076630,22040163,38.52,1.00123000,0
1506076526,22040019,38.52,3.00000000,0
1506076521,22040014,38.52,3.00000000,0
1506076518,22040009,38.47,6.00987497,1
1506076515,22040004,38.53,3.00000000,0
1506076511,22040001,38.42,4.04588652,0
1506076509,22039997,38.43,6.00976789,0
1506076507,22039993,38.53,3.00000000,0
1506076501,22039982,38.53,3.00000000,0
1506076494,22039974,38.52,3.00000000,0
1506076488,22039963,38.53,3.00000000,0
1506076487,22039962,38.41,0.99972257,1
1506076487,22039961,38.42,3.05007072,1
1506076487,22039958,38.52,3.00000000,0
1506076486,22039956,38.42,26.56445628,1
1506076486,22039955,38.43,3.05000000,1
1506076480,22039945,38.53,3.00000000,0
1506076478,22039942,38.42,0.00202570,1
1506076477,22039939,38.42,30.08781930,0
1506076476,22039937,38.51,0.00000346,1
1506076474,22039928,38.53,3.83104340,1
1506076473,22039921,38.54,3.00000000,0
1506076471,22039918,38.51,0.99999654,1
1506076471,22039917,38.51,1.02643346,1
1506076471,22039916,38.52,9.00000000,1
1506076459,22039904,38.57,3.86342000,0
1506076455,22039889,38.53,27.71309326,1
1506076454,22039887,38.53,2.02648637,1
1506076443,22039867,38.53,2.02648637,1
1506076442,22039863,38.54,10.29036115,1
1506076441,22039861,38.54,12.47002310,1
1506076441,22039860,38.54,8.99999975,1
1506076436,22039846,38.53,15.56996860,1
1506076435,22039844,38.54,6.87000000,1
1506076435,22039842,38.55,5.60000000,1
1506076435,22039841,38.56,17.29422832,1
1506076435,22039840,38.56,5.59999975,1
1506076435,22039839,38.56,6.87000493,1
1506076419,22039806,38.55,2.00000000,0
1506076417,22039803,38.61,1.00000000,1
1506076404,22039781,38.62,32.25166000,1
1506076376,22039744,38.71,1.00000000,1
1506076369,22039739,38.72,7.46873400,1
1506076352,22039730,38.72,20.12990677,1
1506076352,22039729,38.87,0.25675328,0
1506076271,22039613,38.62,30.26276127,1
1506076270,22039609,38.71,0.01664049,1
1506076269,22039603,38.71,0.98335951,1
1506076217,22039579,38.80,0.25721649,0
1506076120,22039490,38.67,34.80593300,1
1506076047,22039459,38.81,6.82778123,0
1506076045,22039458,38.75,3.17244877,0
1506075972,22039441,38.70,2.00005123,1
1506075797,22039282,38.38,0.14048163,1
1506075796,22039281,38.41,1.00000000,1
1506075796,22039280,38.51,1.00000000,1
1506075796,22039279,38.52,5.32000000,0
1506075795,22039278,38.52,0.18177137,0
1506075795,22039277,38.60,48.84785500,0
1506075795,22039276,38.61,1.00000000,1
1506075794,22039275,38.63,26.59000000,0
1506075794,22039274,38.64,23.31000000,0
1506075794,22039273,38.65,10.00000000,1
1506075793,22039272,38.71,1.00000000,1
1506075793,22039270,38.72,36.62489200,1
1506075793,22039269,38.72,0.50000000,1
1506075791,22039265,38.79,0.48500000,1
1506075782,22039253,38.73,18.51870540,0
1506075777,22039241,38.81,0.50000000,0
1506075776,22039239,38.81,0.06523167,1
1506075775,22039236,38.81,0.93476833,1
1506075773,22039233,38.84,1.99994877,1
1506075728,22039207,38.85,0.25688546,0
1506075711,22039191,38.85,2.50023000,0
1506075579,22039123,38.72,14.38000000,1
1506075517,22039092,39.02,2.30061506,1
1506075478,22039018,38.81,1.00000000,1
1506075466,22039011,38.90,0.25655527,0
1506075444,22038998,38.88,0.25668724,0
1506075398,22038955,38.69,4.00000000,1
1506075342,22038903,38.90,3.95652000,0
1506075341,22038901,38.90,3.00000000,0
1506075330,22038890,38.68,6.10462172,1
1506075330,22038889,38.71,1.00000000,1
1506075330,22038888,38.81,1.00000000,1
1506075330,22038887,38.81,8.00028808,1
1506075271,22038844,38.88,22.64582791,1
1506075270,22038840,38.89,0.90416692,1
1506075270,22038839,38.89,22.64583308,1
1506075262,22038827,38.88,7.90516000,1
1506075257,22038817,38.88,19.44901209,1
1506075257,22038815,38.88,38.73000000,1
1506075252,22038810,38.88,11.27000000,1
1506075249,22038803,38.88,50.00000000,1
1506075249,22038801,38.88,4.10888977,1
1506075248,22038797,38.88,12.44721600,1
1506075245,22038792,38.88,6.97000000,0
1506075245,22038791,38.88,13.39000000,0
1506075245,22038790,38.88,6.17000000,0
1506075245,22038789,38.88,6.91389423,0
1506075241,22038783,38.88,1.30610577,0
1506075240,22038782,38.88,2.05000000,0
1506075240,22038781,38.88,3.61916923,0
1506075230,22038776,38.88,2.05510000,0
1506075230,22038775,38.88,2.05510000,0
1506075230,22038774,38.88,2.05510000,0
1506075229,22038772,38.88,2.05510000,0
1506075229,22038771,38.88,2.05510000,0
1506075229,22038770,38.88,2.05510000,0
1506075229,22038769,38.88,2.05510000,0
1506075228,22038768,38.88,2.05510000,0
1506075227,22038767,38.88,0.00003077,0
1506075227,22038766,38.86,2.05506923,0
1506075219,22038756,38.88,0.50000000,1
1506075215,22038752,38.88,20.06000000,1
1506075206,22038738,38.88,14.50008102,0
1506075206,22038736,38.88,5.50257176,0
1506075204,22038731,38.88,19.99984980,1
1506075197,22038720,38.88,14.49530993,1
1506075196,22038711,38.88,14.11016796,1
1506075192,22038702,38.88,19.12048534,0
1506075189,22038698,38.88,24.39985032,0
1506075189,22038695,38.88,0.00007484,1
1506075187,22038688,38.88,24.39992516,1
1506075180,22038675,38.88,44.28805100,0
1506075180,22038674,38.88,0.00026748,1
1506075173,22038665,38.88,26.95973252,1
1506075157,22038656,38.93,3.00000000,0
1506075142,22038644,38.94,1.00000000,1
1506075141,22038641,38.93,1.00000000,1
1506075140,22038639,38.91,1.00000000,1
1506075015,22038541,38.97,0.25609443,0
1506074926,22038457,38.90,1.29280180,1
1506074918,22038441,38.99,0.25596307,0
1506074917,22038440,38.99,1.94384615,0
1506074876,22038394,38.91,1.00000000,1
1506074872,22038391,39.00,0.89512821,0
1506074853,22038377,39.01,1.00000000,1
1506074839,22038367,39.08,0.25537359,0
1506074805,22038345,38.83,5.49076523,1
1506074714,22038286,38.89,9.85000000,1
1506074650,22038249,38.91,1.00000000,1
1506074640,22038244,38.92,21.22028192,1
1506074636,22038240,38.92,28.77971808,0
1506074591,22038213,38.92,24.00023000,0
1506074566,22038184,38.92,0.25642343,0
1506074553,22038160,38.81,1.99971192,1
1506074553,22038159,38.81,1.00000000,1
1506074553,22038158,38.86,0.00028808,1
1506074552,22038155,38.91,1.00000000,1
1506074536,22038137,39.00,0.25589744,1
1506074529,22038127,38.89,46.10067267,1
1506074529,22038125,39.00,0.25589744,0
1506074527,22038124,39.00,2.55794872,0
1506074520,22038120,38.87,3.38745336,1
1506074520,22038119,38.91,1.00000000,1
1506074520,22038118,38.92,23.42420564,1
1506074518,22038114,38.92,24.76284636,1
1506074509,22038103,39.00,0.25589744,0
1506074507,22038096,38.92,29.51556700,1
1506074506,22038094,39.00,6.18886964,0
1506074501,22038085,38.86,83.50409399,1
1506074501,22038084,38.87,0.00020221,1
1506074500,22038081,38.87,19.59979779,1
1506074493,22038072,39.04,0.25563525,0
1506074490,22038069,38.86,53.19465652,1
1506074489,22038064,38.86,5.83304400,1
1506074484,22038050,38.86,3.33680471,1
1506074484,22038049,38.87,49.49365000,1
1506074484,22038044,38.86,38.12218364,1
1506074483,22038041,38.91,1.00000000,1
1506074483,22038040,38.92,0.00021536,1
1506074481,22038031,38.92,49.49320864,1
1506074470,22038004,39.18,0.25472179,1
1506074468,22037992,38.92,17.49432760,0
1506074466,22037989,39.01,1.00000000,1
1506074464,22037983,38.96,5.29461369,1
1506074461,22037967,38.95,1.47452414,1
1506074460,22037966,38.95,9.89000000,1
1506074459,22037960,38.95,5.16861737,1
1506074459,22037959,38.95,5.31707919,1
1506074458,22037952,38.95,5.16371577,1
1506074455,22037930,38.94,10.98012511,1
1506074453,22037920,38.93,0.25000000,0
1506074452,22037918,38.92,22.19136332,0
1506074450,22037909,38.92,0.25000000,0
1506074450,22037905,38.92,29.97667343,1
1506074449,22037903,38.92,6.56455142,1
1506074448,22037890,38.92,5.12675515,1
1506074448,22037883,38.92,10.75000000,1
1506074447,22037882,38.93,0.25000000,1
1506074445,22037861,39.09,2.55140665,0
1506074435,22037824,39.01,0.00500000,1
1506074434,22037816,39.01,0.99500000,1
1506074422,22037779,39.18,0.25472180,0
1506074413,22037757,39.04,0.18177137,1
1506074405,22037729,39.02,49.90019953,1
1506074405,22037728,39.07,0.00010775,1
1506074395,22037694,39.07,20.05989225,1
1506074389,22037659,39.11,1.00000000,1
1506074379,22037647,39.06,7.26472069,1
1506074378,22037645,39.21,0.25452691,0
1506074376,22037636,39.06,33.12127266,1
1506074372,22037632,39.07,9.17982340,0
1506074368,22037624,39.11,11.24847400,0
1506074352,22037612,39.11,1.00000000,1
1506074328,22037586,39.16,0.25485189,0
1506074304,22037576,39.19,0.25465680,0
1506074276,22037548,39.12,39.31646192,0
1506074270,22037543,39.21,2.54360020,0
1506074260,22037533,39.21,3.00000000,0
1506074254,22037529,39.21,3.00000000,0
1506074238,22037508,39.17,0.25478683,0
1506074230,22037500,39.08,8.70736683,0
1506074227,22037498,39.09,42.95000000,0
1506074223,22037495,39.11,3.00000000,0
1506074217,22037492,39.11,3.00000000,0
1506074213,22037491,39.11,1.00000000,1
1506074213,22037490,39.12,3.00000000,0
1506074205,22037486,39.12,3.00000000,0
1506074198,22037480,39.13,3.00000000,0
1506074192,22037473,39.14,3.00000000,0
1506074174,22037459,39.12,8.48077454,1
1506074171,22037452,39.12,4.38836383,1
1506074166,22037447,39.12,10.62891696,1
1506074165,22037446,39.12,23.49810000,1
1506074165,22037445,39.12,5.16770000,1
1506074165,22037444,39.13,0.00001694,1
1506074156,22037430,39.13,23.49808306,1
1506074146,22037414,39.19,2.11217788,0
1506074146,22037412,39.19,0.43336945,0
1506074131,22037392,39.14,11.97670000,1
1506074129,22037387,39.21,0.13007000,0
1506074128,22037382,39.15,26.81794228,1
1506074124,22037380,39.21,2.54424891,1
1506074123,22037378,39.21,3.00000000,0
1506074122,22037376,39.12,18.33036171,0
1506074122,22037375,39.09,2.18070261,0
1506074122,22037374,39.06,2.98699000,0
1506074120,22037365,39.11,2.96543896,1
1506074119,22037359,39.12,5.12689973,1
1506074118,22037356,39.12,10.19583195,1
1506074115,22037350,39.14,5.10836280,1
1506074115,22037346,39.14,5.01055466,1
1506074114,22037339,39.12,5.15841149,1
1506074112,22037334,39.12,9.65199831,1
1506074111,22037321,39.13,44.94077690,1
1506074110,22037319,39.13,5.10770134,1
1506074108,22037311,39.11,6.58466104,1
1506074108,22037310,39.12,4.31533896,1
1506074107,22037308,39.09,5.23476104,0
1506074107,22037307,39.09,0.25485189,0
1506074104,22037298,39.13,34.16028240,0
1506074104,22037296,38.86,8.55009323,1
1506074103,22037295,38.91,1.00000000,1
1506074103,22037294,39.00,0.81615483,1
1506074103,22037292,39.13,8.54010000,1
1506074103,22037290,39.13,8.54010000,1
1506074102,22037289,39.13,8.54010000,1
1506074102,22037287,39.13,8.54010000,1
1506074102,22037286,39.13,8.54010000,1
1506074102,22037285,39.13,8.54010000,1
1506074102,22037283,39.13,8.54010000,1
1506074102,22037282,39.13,8.54010000,1
1506074102,22037281,39.13,8.54010000,1
1506074101,22037280,39.13,8.54010000,1
1506074101,22037277,39.13,3.23275194,1
1506074100,22037271,39.13,5.30734177,1
1506074099,22037264,39.01,0.00000629,0
1506074097,22037257,39.01,8.54010000,0
1506074096,22037253,39.00,0.18384517,1
1506074096,22037252,39.00,0.44780000,1
1506074096,22037251,39.00,6.00000000,1
1506074096,22037250,39.00,4.00000000,1
1506074095,22037249,39.00,1.00000000,1
1506074095,22037247,39.00,0.86835483,1
1506074095,22037245,39.01,0.26000000,1
1506074095,22037244,39.01,1.00000000,1
1506074095,22037243,39.03,1.28878298,1
1506074094,22037241,39.11,1.00000000,1
1506074094,22037239,39.20,0.25859073,1
1506074094,22037237,39.21,1.00000000,1
1506074094,22037235,39.23,5.12000000,1
1506074093,22037233,39.23,5.13996743,1
1506074035,22037145,39.31,0.88806919,0
1506074029,22037134,39.22,15.40636512,1
1506074026,22037130,39.31,0.08550851,1
1506074026,22037129,39.31,0.91449149,1
1506073980,22037110,39.40,2.53197970,0
1506073970,22037090,39.41,2.53133722,0
1506073921,22037077,39.43,2.52941176,0
1506073876,22037062,39.47,0.88446922,0
1506073851,22037059,39.44,0.88514199,0
1506073823,22037047,39.46,2.52812975,0
1506073799,22037041,39.47,2.52748923,0
1506073781,22037036,39.49,0.88402127,0
1506073763,22037026,39.50,0.88379746,1
1506073706,22037010,39.51,22.87395596,1
1506073704,22037009,39.51,15.00000000,0
1506073614,22036963,39.50,2.52556962,0
1506073592,22036919,39.51,2.76754360,1
1506073590,22036916,39.51,0.00972798,0
1506073542,22036795,39.50,0.25265823,0
1506073511,22036787,39.45,2.70000000,1
1506073362,22036693,39.47,3.53838358,0
1506073346,22036689,39.46,3.53928028,0
1506073320,22036678,39.42,3.79604262,0
1506073306,22036673,39.43,3.79507989,0
1506073282,22036659,39.45,13.90823828,0
1506073222,22036618,39.49,13.89415042,0
1506073017,22036521,39.48,3.79027356,0
1506073004,22036504,39.49,2.52620917,0
1506073001,22036500,39.31,1.00000000,1
1506072962,22036455,39.51,1.24355905,0
1506072962,22036454,39.51,0.65013875,0
1506072947,22036452,39.51,7.57479119,0
1506072919,22036443,39.34,0.00014434,1
1506072918,22036439,39.34,1.25632387,1
1506072917,22036438,39.44,0.00015783,1
1506072894,22036420,39.44,1.29977257,1
1506072891,22036413,39.37,0.00006960,0
1506072890,22036411,39.37,26.91000000,1
1506072867,22036384,39.34,25.09401704,1
1506072865,22036378,39.34,26.92993491,1
1506072863,22036376,39.37,8.23000000,0
1506072857,22036372,39.37,29.72999721,1
1506072831,22036315,39.39,44.59495888,1
1506072812,22036301,39.41,1.00000000,1
1506072746,22036264,39.60,9.98595960,1
1506072745,22036261,39.60,2.61000000,0
1506072685,22036226,39.59,0.25208386,0
1506072673,22036223,39.55,19.92667509,0
1506072587,22036067,39.41,0.96168485,0
1506072578,22036056,39.32,9.99992878,1
1506072576,22036053,39.31,10.00000000,1
1506072576,22036052,39.31,1.00000000,1
1506072575,22036046,39.41,0.00618279,1
1506072574,22036043,39.41,0.99381721,1
1506072570,22036039,39.53,2.98991883,0
1506072570,22036038,39.53,18.96581100,0
1506072551,22036032,39.53,0.25246648,0
1506072531,22036023,39.54,0.20211937,1
1506072530,22036022,39.54,3.07759737,0
1506072530,22036021,39.54,0.25240263,0
1506072515,22036017,39.54,3.27888748,0
1506072508,22036015,39.55,1.24652338,1
1506072507,22036014,39.50,0.01453462,0
1506072477,22036001,39.50,0.90911392,0
1506072454,22035990,39.50,13.80329721,0
1506072454,22035989,39.50,1.35012051,0
1506072443,22035982,39.50,0.00015949,1
1506072442,22035981,39.62,1.18965069,0
1506072431,22035976,39.50,3.99984051,1
1506072411,22035974,39.59,18.76792929,0
1506072357,22035967,39.49,2.02076475,0
1506072171,22035869,39.50,0.25265823,0
1506072125,22035850,39.53,0.25246648,0
1506071954,22035752,39.45,10.62728592,0
1506071953,22035750,39.45,20.06000000,0
1506071952,22035747,39.45,3.81000000,1
1506071952,22035746,39.45,16.23262357,1
1506071900,22035720,39.45,3.82737643,1
1506071884,22035704,39.44,25.48002941,1
1506071880,22035697,39.50,8.00000000,1
1506071878,22035693,39.50,26.00000000,1
1506071878,22035691,39.51,1.00000000,1
1506071876,22035684,39.61,0.00002574,1
1506071838,22035663,39.61,0.99997426,1
1506071838,22035662,39.61,0.00557965,1
1506071761,22035597,39.70,0.55400000,1
1506071759,22035590,39.70,4.48600000,1
1506071759,22035589,39.70,0.50000000,1
1506071692,22035496,39.76,7.37000000,1
1506071692,22035495,39.76,0.00004351,1
1506071690,22035491,39.76,36.83995649,1
1506071251,22035161,39.71,1.12695456,0
1506071249,22035160,39.71,0.99526000,1
1506071148,22035118,39.88,2.00023000,0
1506070992,22035035,39.72,5.44621000,1
1506070979,22034980,39.71,0.00474000,1
1506070978,22034979,39.72,6.77000000,1
1506070932,22034966,39.84,0.25050201,0
1506070810,22034835,39.67,3.53347000,1
1506070629,22034714,39.62,1.00530170,1
1506070584,22034682,39.76,3.04243000,0
1506070566,22034670,39.90,15.74987469,1
1506070557,22034656,39.95,3.68866862,0
1506070557,22034655,39.95,1.67773146,1
1506070556,22034654,39.91,3.01000000,0
1506070556,22034652,39.77,15.00000000,0
1506070554,22034649,39.71,0.98976279,0
1506070507,22034576,39.61,0.99442035,1
1506070507,22034575,39.61,0.10000000,1
1506070465,22034562,39.69,1.00529101,0
1506070393,22034540,39.71,0.00023721,1
1506070392,22034539,39.71,0.99976279,1
1506070392,22034538,39.71,0.10000000,1
1506070386,22034533,39.79,0.25081679,0
1506070350,22034512,39.71,0.90000000,1
1506070339,22034503,39.74,0.25113236,0
1506070282,22034469,39.71,1.00000000,1
1506070268,22034465,39.81,0.25069078,1
1506070266,22034464,39.71,0.00004761,0
1506070232,22034442,39.71,1.00000000,1
1506070232,22034441,39.71,0.00020397,1
1506070172,22034422,39.79,0.25081679,0
1506070140,22034410,39.71,0.99979603,1
1506070140,22034409,39.71,0.00020397,1
1506070005,22034347,39.80,2.50628141,0
1506069959,22034336,39.89,9.88982702,1
1506069959,22034335,39.89,12.32000000,1
1506069958,22034334,39.77,2.83000000,0
1506069844,22034117,39.84,0.25050201,0
1506069832,22034111,39.71,0.99979603,1
1506069832,22034110,39.71,0.11000000,1
1506069830,22034108,39.83,0.25056490,0
1506069811,22034100,39.71,0.89000000,1
1506069811,22034099,39.71,0.10000000,1
1506069786,22034079,39.88,0.25012531,0
1506069785,22034076,39.71,0.90000000,1
1506069728,22034014,39.61,0.90000000,1
1506069713,22033993,39.78,0.25087984,0
1506069676,22033931,39.65,6.56576000,1
1506069675,22033930,39.63,6.56576000,1
1506069674,22033929,39.64,6.25556852,1
1506069674,22033928,39.77,0.31019148,1
1506069671,22033927,39.77,2.79172324,1
1506069661,22033920,39.77,8.89808528,0
1506069655,22033919,39.77,1.22268503,0
1506069553,22033870,39.77,0.56225530,0
1506069553,22033868,39.71,24.00771900,0
1506069553,22033867,39.70,9.00000000,1
1506069551,22033864,39.70,14.62000000,0
1506069363,22033781,39.68,0.25151210,0
1506069293,22033756,39.66,0.25163893,0
1506069285,22033745,39.41,1.00000000,1
1506069285,22033742,39.51,1.00000000,1
1506069272,22033734,39.57,0.25221127,0
1506069123,22033636,39.44,5.27292592,0
1506069123,22033635,39.43,17.37000000,0
1506069123,22033634,39.42,17.35707408,0
1506069078,22033591,39.51,1.00000000,1
1506069078,22033590,39.52,10.62451559,1
1506069015,22033534,39.61,1.00000000,1
1506068929,22033402,39.62,1.52369000,1
1506068917,22033391,39.71,1.00000000,1
1506068915,22033390,39.73,20.00000000,1
1506068896,22033388,39.73,0.25119557,0
1506068721,22033323,39.65,4.57200000,1
1506068607,22033271,39.77,0.25094292,0
1506068531,22033206,39.70,2.00000000,1
1506068531,22033205,39.71,1.00000000,1
1506068491,22033156,39.80,0.95180110,1
1506068485,22033146,39.81,1.00000000,1
1506068454,22033100,39.94,1.17545189,0
1506068444,22033086,39.94,9.00000000,0
1506068439,22033083,39.93,9.00000000,0
1506068434,22033079,39.95,9.00000000,0
1506068424,22033077,39.96,9.00000000,0
1506068420,22033076,40.00,9.00000000,1
1506068407,22033069,40.01,0.33127516,0
1506068402,22033063,39.91,0.34802277,1
1506068397,22033057,40.01,2.98147641,0
1506068380,22033031,39.91,0.00208359,1
1506068380,22033029,39.97,2.98147641,1
1506068372,22033025,39.96,6.28447641,0
1506068362,22033022,39.97,1.02300000,0
1506068362,22033021,39.97,7.97700000,0
1506068357,22033015,39.97,9.00000000,0
1506068353,22033008,39.97,3.30300000,0
1506068348,22032998,39.92,3.90483000,0
1506068343,22032983,39.99,3.44000000,1
1506068342,22032978,39.99,5.56000000,0
1506068342,22032974,39.97,4.33566177,1
1506068337,22032964,39.97,0.66833823,1
1506068332,22032957,40.00,9.00000000,0
1506068327,22032955,39.99,9.00000000,1
1506068324,22032954,39.91,0.64989364,1
1506068317,22032949,40.00,9.00000000,0
1506068311,22032944,39.97,9.00000000,0
1506068299,22032939,40.01,9.00000000,0
1506068249,22032924,40.00,3.38207900,0
1506068249,22032923,40.00,5.61792100,0
1506068243,22032920,40.00,0.40000000,0
1506068238,22032917,40.00,3.49200000,0
1506068237,22032912,40.00,1.00000000,1
1506068237,22032911,40.00,9.77007900,1
1506068235,22032910,40.00,1.86599300,1
1506068196,22032855,40.00,8.36392800,1
1506068196,22032854,40.01,1.00000000,1
1506068145,22032838,40.11,9.00000000,1
1506068071,22032791,40.29,0.00000024,1
1506067993,22032682,40.29,8.99999976,1
1506067809,22032584,40.31,0.98100000,0
1506067787,22032579,40.32,0.18000000,0
1506067779,22032578,40.33,1.49400000,0
1506067757,22032572,40.34,0.24739712,0
1506067666,22032533,40.30,3.56000000,0
1506067650,22032527,40.31,0.61200000,0
1506067644,22032522,40.32,5.94900000,0
1506067625,22032515,40.33,0.17800000,0
1506067601,22032506,40.34,0.20000000,0
1506067540,22032467,40.40,1.50000000,0
1506067523,22032461,40.25,2.00000000,1
1506067523,22032460,40.32,1.00000000,1
1506067518,22032459,40.40,3.84000000,0
1506067504,22032456,40.40,5.00000000,0
1506067309,22032369,40.32,4.00000000,1
1506067303,22032366,40.45,3.00000000,0
1506067188,22032322,40.47,11.83098592,0
1506067074,22032231,40.33,0.20000000,0
1506067072,22032230,40.33,0.37703704,0
1506067071,22032229,40.33,4.83000000,1
1506067068,22032215,40.33,5.05230800,1
1506067067,22032214,40.33,5.00000000,1
1506067067,22032211,40.50,0.20000000,1
1506066903,22032122,40.62,0.24567788,1
1506066903,22032121,40.62,0.00001390,0
1506066780,22032077,40.32,0.33247300,0
1506066778,22032075,40.40,1.80000000,1
1506066539,22031907,40.61,0.50000000,1
1506066537,22031904,40.62,19.46675100,1
1506066532,22031899,40.62,7.26156400,1
1506066434,22031857,40.66,0.23836436,0
1506066396,22031841,40.62,1.20733307,1
1506066396,22031840,40.63,0.23747693,1
1506066321,22031776,40.64,34.78100370,0
1506066310,22031771,40.63,9.76252307,1
1506066308,22031759,40.68,0.00000024,1
1506066254,22031687,40.68,1.29940979,1
1506066103,22031550,40.80,12.00023000,0
1506065905,22031327,40.78,2.00023000,1
1506065741,22031256,40.62,1.99800000,1
1506065740,22031252,40.62,3.49280700,1
1506065611,22031147,40.82,0.40053895,0
1506065543,22031092,40.71,5.21000000,1
1506065542,22031090,40.72,1.00000000,1
1506065440,22031024,40.88,20.00023000,0
1506065423,22031010,40.88,12.20034247,0
1506065422,22031007,40.74,0.37703704,1
1506065150,22030831,40.95,0.86862026,0
1506065149,22030830,40.89,0.13000000,0
1506064973,22030747,40.70,12.74900000,1
1506064933,22030730,40.75,8.82677700,1
1506064932,22030728,40.75,16.72000000,0
1506064930,22030725,40.74,21.42793200,0
1506064875,22030641,40.61,20.38197310,1
1506064875,22030640,40.62,56.01932400,1
1506064862,22030626,40.71,0.50000000,0
1506064857,22030615,40.71,0.50000000,0
1506064852,22030610,40.71,0.50000000,0
1506064847,22030608,40.71,0.50000000,0
1506064842,22030604,40.71,0.50000000,0
1506064837,22030601,40.71,0.50000000,1
1506064832,22030597,40.71,0.50000000,0
1506064827,22030594,40.69,0.50000000,0
1506064824,22030591,40.71,0.50000000,1
1506064824,22030590,40.72,0.20000000,0
1506064816,22030589,40.72,0.50000000,1
1506064575,22030346,40.96,1.26589251,1
1506064574,22030344,40.96,0.88039650,0
1506064574,22030342,40.96,4.00000000,0
1506064574,22030341,40.96,9.49564168,0
1506064573,22030339,40.86,0.05806931,0
1506064572,22030333,40.95,83.01843069,1
1506064563,22030296,40.96,0.89919531,1
1506064563,22030294,40.96,18.19080469,1
1506064558,22030274,40.95,2.52440195,1
1506064553,22030259,40.95,16.49737339,1
1506064546,22030233,40.95,0.89939474,1
1506064405,22029971,40.97,4.02282200,0
1506064397,22029921,40.96,0.46872701,1
1506064392,22029917,40.96,0.46872701,1
1506064389,22029907,40.96,10.04682284,0
1506064387,22029903,40.96,0.46872701,1
1506064382,22029900,40.96,0.46872701,1
1506064377,22029887,40.96,0.46872701,1
1506064375,22029884,40.96,5.06339747,0
1506064375,22029883,40.96,0.96259814,0
1506064375,22029882,40.96,0.31972753,0
1506064359,22029833,40.95,11.90000000,1
1506064356,22029810,40.95,15.36000000,1
1506064353,22029803,40.95,44.86557168,1
1506064350,22029794,40.95,3.14484000,1
1506064350,22029792,40.96,16.23000000,1
1506064323,22029746,40.96,16.96977808,1
1506064315,22029736,40.96,22.62000000,1
1506064310,22029731,40.95,16.78998755,1
1506064302,22029719,40.96,17.55126368,1
1506064296,22029703,40.96,0.46872701,0
1506064291,22029695,40.96,0.46872701,1
1506064286,22029685,40.96,0.46872701,1
1506064281,22029679,40.96,0.46872701,1
1506064276,22029668,40.96,0.46872701,1
1506064270,22029648,40.96,0.46872701,1
1506064262,22029615,40.96,0.46872701,1
1506064255,22029611,40.96,0.46872701,1
1506064253,22029610,40.97,16.84977082,0
1506064219,22029584,40.97,2.00000000,1
1506064218,22029582,40.98,0.13000000,0
1506064167,22029541,40.92,0.61349700,0
1506064068,22029377,40.99,5.96112613,1
1506064068,22029376,41.00,1.11807800,1
1506064067,22029372,40.99,16.65991681,1
1506064059,22029330,40.99,0.46895706,1
1506064053,22029316,40.98,4.21950920,1
1506064050,22029306,40.97,1.52828000,1
1506064049,22029299,40.96,1.52847000,1
1506064048,22029293,40.96,1.52847000,1
1506064048,22029284,40.95,1.52847000,1
1506064047,22029280,40.95,9.00000000,1
1506064044,22029279,40.99,3.36999000,0
1506064041,22029273,40.99,0.50000000,1
1506064041,22029271,40.99,4.50000000,1
1506064039,22029266,41.00,1.00000000,0
1506064038,22029265,40.99,0.13000000,0
1506064016,22029228,40.98,1.13000000,0
1506063984,22029140,40.95,1.00000000,0
1506063909,22029014,40.93,17.59000000,0
1506063886,22029001,40.85,1.00000000,1
1506063877,22028998,40.82,47.49999976,0
1506063755,22028905,40.81,2.71736144,1
1506063740,22028879,40.80,63.00000000,1
1506063728,22028855,40.79,9.04488500,1
1506063728,22028854,40.79,43.18511500,1
1506063727,22028846,40.79,6.81488500,1
1506063727,22028844,40.79,50.00000000,1
1506063727,22028842,40.79,50.00000000,1
1506063727,22028840,40.80,1.95511500,1
1506063727,22028838,40.81,60.00000000,1
1506063726,22028837,40.82,52.23000000,1
1506063723,22028823,40.80,25.00000000,0
1506063723,22028821,40.76,23.04488500,0
1506063722,22028818,40.76,19.77836000,0
1506063722,22028817,40.76,17.17675500,0
1506063615,22028777,40.79,5.76622000,1
1506063615,22028776,40.79,0.46125370,1
1506063614,22028775,40.79,22.38000000,1
1506063613,22028773,40.80,50.00000000,0
1506063612,22028772,40.80,50.00000000,0
1506063612,22028762,40.78,60.00000000,0
1506063527,22028695,40.80,22.74741700,0
1506063522,22028694,40.79,34.00000000,0
1506063492,22028668,40.79,26.78219200,0
1506063489,22028665,40.79,59.60865900,0
1506063482,22028656,40.83,4.36806400,0
1506063478,22028653,40.79,12.78093600,0
1506063470,22028646,40.78,18.56000000,0
1506063446,22028629,40.79,0.12331454,0
1506063433,22028623,40.79,37.01464400,0
1506063406,22028616,40.85,2.00023000,0
1506063362,22028605,40.85,4.74000000,0
1506063361,22028604,40.84,0.13000000,0
1506063361,22028603,40.82,0.13000000,0
1506063281,22028568,40.79,0.61117921,0
1506063204,22028507,40.80,8.31370900,0
1506063204,22028506,40.80,20.90511900,0
1506063203,22028505,40.80,0.13000000,0
1506063187,22028500,40.78,16.38000000,1
1506063178,22028496,40.77,9.00000000,1
1506063177,22028493,40.79,42.43827600,0
1506063173,22028483,40.77,9.00000000,1
1506063167,22028480,40.77,9.00000000,1
1506063160,22028453,40.77,9.00000000,1
1506063154,22028449,40.77,9.00000000,1
1506063151,22028448,40.74,9.00000000,0
1506063116,22028376,40.76,0.00003137,0
1506063116,22028375,40.76,0.83450000,0
1506063110,22028370,40.76,0.40816300,0
1506063095,22028351,40.78,0.81716200,0
1506063094,22028350,40.78,16.18069151,0
1506063094,22028349,40.78,0.13000000,0
1506063092,22028346,40.74,8.18242200,0
1506063091,22028345,40.74,0.61349700,0
1506063089,22028344,40.74,0.20408100,0
1506063065,22028310,40.67,5.92238000,1
1506062946,22028205,40.72,1.00417485,0
1506062704,22027966,40.53,16.22198052,1
1506062704,22027964,40.53,50.00000000,1
1506062704,22027962,40.53,50.00000000,1
1506062704,22027960,40.53,50.00000000,1
1506062704,22027958,40.53,50.00000000,1
1506062704,22027956,40.53,50.00000000,1
1506062704,22027953,40.53,50.00000000,1
1506062703,22027950,40.53,50.00000000,1
1506062703,22027948,40.53,11.81435105,1
1506062703,22027945,40.56,60.00000000,0
1506062702,22027939,40.57,60.00000000,1
1506062692,22027927,40.72,24.52111984,0
1506062689,22027924,40.72,12.24828094,0
1506062674,22027917,40.38,38.18564895,0
1506062673,22027916,40.39,80.00000000,0
1506062673,22027915,40.40,1.00000000,1
1506062673,22027914,40.40,19.69000000,0
1506062672,22027913,40.45,0.12435105,1
1506062672,22027911,40.50,1.00000000,1
1506062670,22027910,40.51,60.00000000,1
1506062649,22027896,40.48,5.00000000,0
1506062519,22027806,40.65,1.00000000,0
1506062497,22027794,40.72,9.05623772,0
1506062413,22027726,40.74,24.50908198,1
1506062410,22027718,40.77,7.50380181,1
1506062410,22027716,40.76,0.13000000,0
1506062409,22027714,40.74,0.13000000,0
1506062409,22027713,40.71,16.14000000,1
1506062409,22027711,40.71,0.61181876,0
1506062405,22027706,40.72,1.05172888,0
1506062405,22027705,40.72,0.13000000,0
1506062404,22027703,40.71,19.17000000,0
1506062404,22027701,40.70,0.13000000,0
1506062404,22027700,40.65,0.13000000,0
1506062403,22027699,40.63,0.13000000,0
1506062403,22027698,40.61,0.13000000,0
1506062401,22027695,40.59,0.13000000,0
1506061649,22027294,40.58,16.84228684,0
1506061649,22027293,40.57,0.13000000,0
1506061649,22027292,40.55,0.13000000,0
1506061647,22027290,40.54,7.51103900,0
1506061643,22027289,40.54,4.82896100,0
1506061370,22027211,40.51,5.00022966,0
1506061368,22027210,40.40,0.00000034,0
1506061335,22027185,40.40,7.16074700,0
1506061335,22027184,40.40,6.94307200,0
1506061334,22027182,40.40,10.89127200,0
1506061091,22027124,40.40,8.93558100,0
1506061080,22027110,40.46,8.39441900,0
1506061021,22027097,40.46,1.85336100,0
1506060608,22026962,40.32,1.19000000,1
1506060551,22026935,40.45,1.00023000,0
1506060547,22026933,40.45,1.21728395,0
1506060546,22026929,40.46,49.31314879,0
1506060097,22026733,40.50,0.12296296,0
1506059494,22026522,40.19,5.92408100,0
1506059494,22026521,40.19,5.77819200,0
1506059494,22026520,40.19,7.95776100,0
1506059050,22026397,40.21,36.41000000,0
1506058958,22026384,40.21,4.00000000,1
1506058958,22026383,40.21,4.00000000,1
1506058601,22026249,40.04,28.00000000,0
1506058539,22026238,40.04,3.00000000,1
1506058022,22026044,40.10,6.56687100,0
1506058022,22026041,40.05,8.22116100,0
1506058021,22026039,40.05,6.77883900,0
1506058020,22026038,40.05,60.00000000,0
1506058017,22026035,40.04,7.19271300,0
1506058017,22026033,40.04,5.97704300,0
1506058016,22026032,40.04,1.48500000,1
1506058016,22026031,40.05,0.41046800,1
1506058016,22026030,40.10,15.43333800,0
1506058013,22026023,40.01,48.10998968,0
1506058012,22026022,40.01,27.23000000,0
1506058012,22026019,40.01,21.49093302,1
1506058012,22026017,40.01,0.16907730,1
1506058011,22026015,40.03,60.00000000,1
1506058011,22026010,40.10,6.02446200,0
1506058001,22026003,40.10,9.01112800,0
1506057983,22025993,40.10,12.56660700,0
1506057983,22025992,40.09,23.57034500,0
1506057924,22025969,40.11,0.90000000,0
1506057892,22025954,39.94,70.17000000,0
1506057892,22025952,39.95,118.00000000,1
1506057891,22025951,39.95,5.83000000,1
1506057891,22025950,40.00,5.00000000,1
1506057891,22025949,40.01,1.00000000,1
1506057846,22025911,40.17,0.90000000,0
1506057828,22025880,40.15,1.80000000,1
1506057827,22025878,40.16,4.54007100,0
1506057825,22025872,40.16,18.30682000,0
