date,tid,price,amount,type
1506124816,22081607,47.79,15.94036409,0
1506124814,22081605,47.72,9.12000000,0
1506124753,22081590,47.72,4.25670578,0
1506124744,22081584,47.72,11.64000000,0
1506124740,22081580,47.65,2.56000000,0
1506124682,22081542,47.59,13.49975199,1
1506124679,22081536,47.59,54.60012343,0
1506124675,22081531,47.59,20.55007412,1
1506124663,22081529,47.65,15.03798530,0
1506124653,22081524,47.65,15.03798530,0
1506124642,22081521,47.64,0.68900000,1
1506124642,22081520,47.64,0.44500000,1
1506124639,22081519,47.64,0.24400000,1
1506124639,22081518,47.64,0.68900000,1
1506124639,22081517,47.64,0.68900000,1
1506124639,22081516,47.64,0.68900000,1
1506124639,22081515,47.64,0.68900000,1
1506124633,22081514,47.64,1.57776000,1
1506124633,22081513,47.64,0.73328000,1
1506124630,22081512,47.64,0.84448000,1
1506124630,22081511,47.64,1.57776000,1
1506124630,22081510,47.64,1.57776000,1
1506124627,22081509,47.65,1.51000000,0
1506124626,22081504,47.59,1.57776000,0
1506124598,22081453,47.56,4.77400000,1
1506124593,22081444,47.73,93.08009588,0
1506124577,22081439,47.86,14.17663054,0
1506124576,22081438,47.84,0.83235399,0
1506124574,22081435,47.84,0.58402742,1
1506124574,22081434,47.84,0.58361859,1
1506124571,22081431,47.86,14.99999976,0
1506124309,22081334,47.98,40.00000000,1
1506124255,22081308,47.84,0.00040883,0
1506124250,22081307,47.84,0.58402742,0
1506123737,22081177,47.78,8.38899600,0
1506123737,22081176,47.77,3.38000000,0
1506123735,22081175,47.78,1.54341000,0
1506123733,22081174,47.78,1.54341000,0
1506123722,22081160,47.78,24.77860490,0
1506123675,22081138,47.85,21.49100296,0
1506123649,22081124,47.83,3.60770000,1
1506123647,22081120,47.90,3.57911023,0
1506123641,22081117,47.76,3.45000000,1
1506123630,22081111,47.98,11.41849053,0
1506123625,22081103,47.98,11.42184243,0
1506123622,22081098,47.98,3.58150947,0
1506123619,22081093,47.98,8.50989649,0
1506123619,22081092,47.96,0.49000000,0
1506123618,22081091,47.96,3.51000000,1
1506123610,22081086,48.04,15.00416319,0
1506123600,22081079,48.04,5.22189341,0
1506123599,22081078,48.04,0.00000500,0
1506123594,22081071,48.04,3.36999500,0
1506123589,22081067,48.04,15.00000000,0
1506123584,22081058,48.04,2.09117402,0
1506123573,22081048,48.05,7.38584807,0
1506123572,22081047,48.05,34.35188344,0
1506123572,22081046,48.04,0.64000000,0
1506123560,22081029,48.05,42.35421435,0
1506123556,22081019,48.05,7.38584807,0
1506123555,22081014,48.05,14.78751300,0
1506123553,22081009,48.05,6.63021852,0
1506123553,22081008,48.04,0.76000000,0
1506123534,22080991,48.05,22.17065556,0
1506123531,22080984,48.05,1.73838313,0
1506123529,22080982,48.05,5.63309053,0
1506123526,22080973,48.05,1.73838313,0
1506123520,22080966,48.05,1.73838313,0
1506123519,22080964,48.05,1.74172736,0
1506123518,22080962,48.05,6.00000000,0
1506123517,22080958,48.05,14.14838709,0
1506123512,22080952,48.05,24.70000000,0
1506123512,22080950,48.05,20.00000000,0
1506123512,22080949,48.05,102.67700000,0
1506123512,22080948,48.04,0.87000000,0
1506123510,22080940,48.05,13.56087408,0
1506123509,22080933,48.05,30.30348984,0
1506123505,22080924,48.05,1.46160249,0
1506123499,22080906,48.05,47.21997918,0
1506123497,22080892,48.05,233.24000000,0
1506123497,22080891,48.04,1.76000000,0
1506123496,22080890,48.05,18.51500000,0
1506123495,22080886,48.05,18.51500000,0
1506123493,22080879,48.05,54.20886900,0
1506123487,22080872,48.05,12.90832465,0
1506123487,22080871,48.04,2.10000000,0
1506123479,22080860,48.05,15.00104057,0
1506123476,22080854,48.05,13.00104058,0
1506123472,22080850,48.04,2.49000000,0
1506123410,22080823,48.05,4.98900000,0
1506123406,22080820,48.05,8.93739854,0
1506123406,22080819,48.04,2.96000000,0
1506123403,22080816,48.05,51.53735691,0
1506123399,22080801,48.05,51.53319458,0
1506123395,22080797,48.05,35.82194587,0
1506123395,22080795,48.04,3.51000000,0
1506123387,22080786,48.04,1.00200200,0
1506123336,22080780,48.04,1.04350541,0
1506123278,22080746,47.89,3.40132506,1
1506123270,22080742,48.05,1.00000000,0
1506123263,22080737,48.05,24.46394500,0
1506123263,22080736,48.04,4.92000000,0
1506123257,22080734,48.05,189.26960900,0
1506123257,22080733,48.04,1.90361900,0
1506123246,22080729,48.04,3.58638100,0
1506123235,22080728,48.04,4.63730288,0
1506123219,22080724,48.04,7.39000000,1
1506123115,22080633,48.05,5.29427679,0
1506123114,22080632,48.04,10.81000000,1
1506123113,22080631,48.04,10.81000000,0
1506123113,22080630,48.04,25.00000000,0
1506123027,22080606,48.04,7.59618000,0
1506122994,22080600,48.04,14.28000000,0
1506122952,22080587,48.05,31.73735691,0
1506122950,22080579,48.05,2.86014568,0
1506122948,22080572,48.05,55.00228926,0
1506122946,22080564,48.05,54.94131113,0
1506122944,22080559,48.05,45.02657648,0
1506122944,22080557,48.04,9.86000000,0
1506122942,22080551,48.05,54.84120707,0
1506122940,22080543,48.04,14.42999406,0
1506122940,22080541,48.04,8.34045494,0
1506122931,22080525,48.04,1.42610324,0
1506122891,22080500,48.04,2.14875131,0
1506122891,22080499,48.04,15.00124869,0
1506122888,22080492,48.05,15.00478668,0
1506122887,22080489,48.05,19.57600000,0
1506122886,22080488,48.05,29.63371488,0
1506122885,22080483,48.04,20.37000000,0
1506122864,22080473,48.05,67.43903800,0
1506122863,22080472,48.04,24.21000000,0
1506122853,22080471,48.05,41.05390218,0
1506122848,22080463,48.05,38.46786041,0
1506122848,22080457,48.04,53.32207386,0
1506122313,22080314,47.78,14.59442522,0
1506122305,22080309,47.78,10.85915069,0
1506121076,22080110,47.43,8.40247073,1
1506120988,22080057,47.63,52.78400000,1
1506120870,22080002,47.57,29.06806176,1
1506120870,22080001,47.56,31.92000000,0
1506120830,22079977,47.63,19.19120000,0
1506120823,22079971,47.66,27.90560000,0
1506120820,22079970,47.64,1.24012000,0
1506120629,22079834,47.85,10.06237397,0
1506120603,22079830,47.83,1.27116200,0
1506120435,22079805,47.71,1.00000000,1
1506120404,22079800,47.92,0.34000000,1
1506120400,22079798,47.72,50.44677063,1
1506120277,22079787,47.73,19.57078240,1
1506120168,22079749,47.87,1.96000000,0
1506120155,22079736,47.75,2.34000000,1
1506120155,22079735,47.79,15.00000000,1
1506120146,22079732,47.76,53.36700000,1
1506120146,22079731,47.83,32.40300000,1
1506119882,22079611,47.73,1.96410000,0
1506119882,22079610,47.73,15.00000000,0
1506119881,22079609,47.80,17.34000000,1
1506119843,22079593,47.94,3.04694500,1
1506119840,22079592,48.07,0.00000047,1
1506119837,22079591,48.07,1.74650900,1
1506119723,22079535,48.06,8.73741049,0
1506119494,22079494,48.17,0.15000000,1
1506119375,22079439,48.25,1.06290000,1
1506119343,22079417,48.29,30.54008204,0
1506119335,22079404,48.29,56.74272651,0
1506119308,22079359,48.29,112.99990626,0
1506119301,22079351,48.35,12.57998147,0
1506119274,22079331,48.36,10.13703663,0
1506119235,22079312,48.51,13.32802430,0
1506119234,22079311,48.50,22.58000000,0
1506119173,22079291,48.37,1.24451796,1
1506119008,22079220,48.30,0.14990000,1
1506118989,22079217,48.25,8.28210000,1
1506118989,22079216,48.26,5.04000000,1
1506118989,22079214,48.35,25.17000000,1
1506118989,22079213,48.37,0.15000000,1
1506118989,22079212,48.38,0.15000000,1
1506118989,22079211,48.39,0.15000000,1
1506118979,22079207,48.41,14.00000000,1
1506118977,22079206,48.39,1.05000000,0
1506118977,22079205,48.39,0.15000000,1
1506118956,22079199,48.34,1.00000000,0
1506118934,22079195,48.30,0.00042279,0
1506118929,22079194,48.28,0.15000000,0
1506118921,22079190,48.30,2.99957721,0
1506118764,22079104,48.34,1.42987174,0
1506118762,22079101,48.34,3.80471659,0
1506118756,22079094,48.18,0.15000000,0
1506118557,22079027,48.28,95.68184300,0
1506118557,22079026,48.27,7.06000000,0
1506118552,22079024,48.27,0.11000000,0
1506118499,22079000,48.29,0.26830000,0
1506118444,22078977,48.30,7.14148677,0
1506118444,22078976,48.29,2.92000000,0
1506118399,22078959,48.30,0.00146000,0
1506118399,22078958,48.29,2.09000000,0
1506118372,22078922,48.30,0.35478260,0
1506118372,22078921,48.29,0.15000000,0
1506118372,22078920,48.29,2.48000000,0
1506118372,22078919,48.28,0.15000000,0
1506118359,22078916,48.30,40.01119552,0
1506118351,22078913,48.30,7.99120100,0
1506118351,22078912,48.29,2.95000000,0
1506118342,22078902,48.30,14.09233700,0
1506118342,22078899,48.29,3.50000000,0
1506118333,22078885,48.30,8.54487900,0
1506118328,22078881,48.30,9.95517400,0
1506118328,22078879,48.30,47.78680600,0
1506118326,22078878,48.30,2.51014492,0
1506118326,22078876,48.30,80.51221200,0
1506118326,22078875,48.29,4.16000000,0
1506118314,22078872,48.30,1.38592132,0
1506118309,22078871,48.29,4.94000000,1
1506118303,22078870,48.30,10.97660455,0
1506118303,22078869,48.30,4.49189420,0
1506118303,22078868,48.29,5.87000000,0
1506118286,22078863,48.30,7.19406800,0
1506118285,22078862,48.30,19.24330200,0
1506118285,22078861,48.29,6.97000000,0
1506118272,22078823,48.29,8.26875200,0
1506118250,22078818,48.29,39.49817365,0
1506118243,22078815,48.30,29.68580000,0
1506118243,22078814,48.29,9.84000000,0
1506118229,22078804,48.06,32.25027114,1
1506118229,22078803,48.06,91.69200000,1
1506118229,22078802,48.10,0.13472886,1
1506118229,22078801,48.12,175.92300000,1
1506118195,22078779,48.30,6.32505175,0
1506118193,22078777,48.29,13.29192546,0
1506118191,22078774,48.30,24.99754552,0
1506118191,22078773,48.29,6.32626400,0
1506118190,22078772,48.29,4.17373600,1
1506118190,22078771,48.30,10.00000000,0
1506118189,22078769,48.30,3.09006211,0
1506118188,22078768,48.30,116.54800000,0
1506118186,22078762,48.30,45.94472049,0
1506118184,22078758,48.30,19.03333333,0
1506118182,22078752,48.30,109.42939958,0
1506118182,22078750,48.30,2.12608695,0
1506118182,22078748,48.30,22.38343100,0
1506118181,22078746,48.30,21.36597349,0
1506118181,22078742,48.30,93.69585376,0
1506118181,22078741,48.29,6.30414624,0
1506118180,22078737,48.29,0.93175439,0
1506118179,22078734,48.29,5.24409937,0
1506118175,22078723,48.30,0.93175439,0
1506118170,22078707,48.30,10.53075400,0
1506118170,22078706,48.30,11.77340206,0
1506118169,22078702,48.29,4.64762886,0
1506118156,22078686,48.39,5.49010310,0
1506118155,22078685,48.39,8.80989690,0
1506118147,22078672,48.40,0.41840000,1
1506118144,22078665,48.44,3.91556565,0
1506118144,22078664,48.44,3.31896907,0
1506118144,22078663,48.44,1.43599800,0
1506118143,22078662,48.41,1.85433571,0
1506118133,22078652,48.44,3.78096614,0
1506118128,22078648,48.40,90.02400000,1
1506118128,22078645,48.40,14.00300000,1
1506118123,22078636,48.42,2.06649000,1
1506118120,22078629,48.10,59.29163221,0
1506118120,22078628,48.10,3.28865979,0
1506118119,22078625,48.21,29.44000000,1
1506118119,22078624,48.24,14.00300000,1
1506118118,22078623,48.35,2.06696982,1
1506118118,22078622,48.35,2.06696982,1
1506118102,22078601,48.37,32.00800000,1
1506118101,22078599,48.50,6.25896907,0
1506118099,22078592,48.50,19.28864885,0
1506118099,22078591,48.50,40.17483473,0
1506118098,22078590,48.50,2.45195876,0
1506118098,22078589,48.49,9.50000000,0
1506118098,22078588,48.50,13.66790000,0
1506118098,22078587,48.49,0.15000000,0
1506118097,22078586,48.48,0.15000000,0
1506118097,22078585,48.47,0.15000000,0
1506118093,22078580,48.50,10.59587628,0
1506118089,22078565,48.50,26.46350515,0
1506118089,22078562,48.50,8.69277827,0
1506118088,22078558,48.50,19.89442720,0
1506118088,22078556,48.50,13.98618556,0
1506118088,22078555,48.49,5.10474227,0
1506118087,22078551,48.49,5.75525773,0
1506118083,22078544,48.50,0.74989000,0
1506118082,22078543,48.50,14.44804123,0
1506118081,22078542,48.37,35.53450000,1
1506118076,22078536,48.50,5.69422680,0
1506118075,22078535,48.50,25.58865979,0
1506118065,22078516,48.50,2.59793814,0
1506118062,22078512,48.50,22.87220000,0
1506118059,22078506,48.50,217.02300000,0
1506118058,22078502,48.50,112.38507488,0
1506118039,22078476,48.59,58.49629100,0
1506118039,22078474,48.58,10.00000000,0
1506118036,22078468,48.40,29.39554613,1
1506118036,22078467,48.58,9.51555387,1
1506118032,22078460,48.59,8.13518141,0
1506118030,22078459,48.59,1.38032516,0
1506117995,22078417,48.58,7.69790896,0
1506117992,22078412,48.41,9.51551031,1
1506117992,22078411,48.44,14.99998969,1
1506117984,22078404,48.60,36.07222222,1
1506117982,22078400,48.59,15.20000000,0
1506117946,22078374,48.64,22.75035325,0
1506117926,22078351,48.50,13.00000000,0
1506117926,22078350,48.50,2.00000000,0
1506117925,22078345,48.49,14.72805031,0
1506117924,22078343,48.49,14.99999500,0
1506117906,22078330,48.37,38.92610000,1
1506117881,22078311,48.39,0.20000000,1
1506117774,22078229,48.15,11.37720000,1
1506117752,22078215,48.15,30.44868994,1
1506117750,22078205,48.41,67.56630654,0
1506117750,22078202,48.40,1.47000000,0
1506117750,22078200,48.40,1.64000000,0
1506117750,22078195,48.30,17.34000000,0
1506117694,22078106,48.11,1.46203136,0
1506117660,22078079,48.11,8.85468800,0
1506117654,22078078,48.11,1.46203100,0
1506117649,22078076,48.11,10.09416700,0
1506117646,22078075,48.11,0.22255200,0
1506117641,22078073,48.11,11.55619800,0
1506117627,22078053,48.11,2.18878600,0
1506117626,22078052,48.11,0.60214200,0
1506117624,22078051,48.11,23.91702700,0
1506117602,22078021,48.03,21.29531700,0
1506117565,22078002,48.04,83.55420400,0
1506117550,22077993,48.10,0.29625000,0
1506117550,22077991,48.09,1.93000000,0
1506117542,22077986,48.10,17.52522965,0
1506117541,22077985,48.09,44.20910435,0
1506117536,22077979,48.09,55.32846800,0
1506117535,22077978,48.09,1.30880000,0
1506117534,22077975,48.09,6.50379700,0
1506117529,22077973,48.09,1.66190000,0
1506117527,22077970,48.09,3.98793065,0
1506117527,22077969,48.09,0.01003435,0
1506117526,22077968,48.08,2.29000000,0
1506117489,22077922,48.02,27.33337481,0
1506117489,22077919,48.01,2.72000000,0
1506117487,22077915,47.94,7.93000000,0
1506117485,22077913,47.94,9.40552800,0
1506117479,22077909,47.94,7.93223600,0
1506117437,22077818,47.70,247.64049924,0
1506117437,22077817,47.70,6.84052812,0
1506117434,22077806,47.70,50.10587001,0
1506117433,22077801,47.70,3.78846960,0
1506117430,22077793,47.70,5.75460000,0
1506117430,22077790,47.70,44.12804900,0
1506117429,22077785,47.70,159.49258800,0
1506117428,22077782,47.70,6.74341636,0
1506117427,22077771,47.70,38.18867924,0
1506117426,22077762,47.70,6.05944000,0
1506117426,22077761,47.69,1.86000000,0
1506117424,22077754,47.70,10.00000000,0
1506117422,22077751,47.70,10.00000000,0
1506117420,22077746,47.70,30.12725366,0
1506117418,22077733,47.70,285.74487300,0
1506117413,22077720,47.70,9.89000000,0
1506117413,22077719,47.69,2.21000000,0
1506117412,22077718,47.50,175.63207391,0
1506117410,22077713,47.50,71.72669000,0
1506117409,22077711,47.50,6.56040533,0
1506117409,22077708,47.50,16.91443200,0
1506117409,22077706,47.50,3.78131800,0
1506117408,22077704,47.50,2.77579800,0
1506117407,22077703,47.50,75.15302500,0
1506117407,22077702,47.50,0.71960000,0
1506117407,22077701,47.50,7.56837500,0
1506117407,22077700,47.50,23.20121200,0
1506117407,22077699,47.50,18.89490400,0
1506117407,22077697,47.50,41.61550800,0
1506117405,22077693,47.50,64.00000000,0
1506117405,22077691,47.50,14.14974700,0
1506117405,22077688,47.50,57.02937000,0
1506117405,22077686,47.50,30.00000000,0
1506117404,22077685,47.50,145.28750000,0
1506117403,22077684,47.50,65.26012100,0
1506117403,22077683,47.50,163.85006800,0
1506117403,22077681,47.50,41.55191000,0
1506117403,22077680,47.50,15.74004900,0
1506117403,22077679,47.50,66.61096800,0
1506117403,22077678,47.50,8.25641200,0
1506117403,22077677,47.50,6.63950600,0
1506117403,22077676,47.50,45.30701600,0
1506117403,22077675,47.50,79.43500000,0
1506117401,22077672,47.50,104.51470000,0
1506117401,22077671,47.50,222.00000000,0
1506117401,22077669,47.50,0.42105263,0
1506117400,22077668,47.50,6.31578947,0
1506117400,22077662,47.50,116.00000000,0
1506117399,22077661,47.50,131.47300000,0
1506117399,22077660,47.50,0.56068881,0
1506117398,22077656,47.50,4.79118041,1
1506117398,22077655,47.53,117.00000000,1
1506117398,22077654,47.55,15.23700000,1
1506117398,22077653,47.62,34.02558044,1
1506117397,22077651,47.70,41.52829600,0
1506117395,22077650,47.70,80.40450500,0
1506117391,22077645,47.70,6.09473505,0
1506117391,22077641,47.70,0.44375712,0
1506117390,22077640,47.70,41.50062300,0
1506117385,22077628,47.69,2.79000000,1
1506117383,22077622,47.68,0.92000000,0
1506117337,22077581,47.68,0.91000000,1
1506117324,22077572,47.70,64.89738900,0
1506117324,22077571,47.69,0.15000000,0
1506117323,22077569,47.69,0.57000000,0
1506117323,22077568,47.68,0.15000000,0
1506117319,22077564,47.69,0.15000000,1
1506117318,22077563,47.70,2.92185000,0
1506117315,22077558,47.70,6.31886792,0
1506117314,22077557,47.70,14.33584905,0
1506117311,22077550,47.70,81.35614255,0
1506117311,22077548,47.69,1.06000000,0
1506117285,22077536,47.70,35.86888840,0
1506117285,22077533,47.69,0.00038582,0
1506117284,22077532,47.69,1.24961418,0
1506117276,22077527,47.70,10.44970000,0
1506117274,22077525,47.70,3.39664000,0
1506117268,22077519,47.70,2.80623000,0
1506117268,22077518,47.69,1.49000000,0
1506117261,22077512,47.70,30.19622100,0
1506117259,22077509,47.70,30.17085400,0
1506117256,22077501,47.70,56.03940775,0
1506117255,22077499,47.70,76.95220125,0
1506117254,22077494,47.70,3.02428000,0
1506117254,22077493,47.69,1.58000000,0
1506117253,22077491,47.70,131.41215932,0
1506117225,22077474,47.70,2.32162000,0
1506117224,22077471,47.70,130.48551736,0
1506117224,22077470,47.69,0.00211366,0
1506117224,22077469,47.69,2.31788634,0
1506117168,22077441,47.70,232.57000000,0
1506117168,22077440,47.69,2.33000000,0
1506117168,22077439,47.69,65.10000000,0
1506117072,22077416,47.53,0.59000000,0
1506117041,22077405,47.53,8.76000000,0
1506117041,22077404,47.53,8.57617578,0
1506117039,22077403,47.53,8.31861900,0
1506117035,22077400,47.53,0.44520522,0
1506116804,22077268,47.35,20.35600000,0
1506116802,22077265,47.35,31.45592740,0
1506116801,22077264,47.30,26.61351560,0
1506116800,22077263,47.30,4.77399000,0
1506116800,22077262,47.30,159.83789500,0
1506116799,22077261,47.30,33.66079400,0
1506116793,22077252,47.30,6.51916800,0
1506116793,22077251,47.29,3.32000000,0
1506116786,22077237,47.30,46.11883672,0
1506116785,22077233,47.30,21.54833800,0
1506116782,22077223,47.30,75.99112800,0
1506116779,22077218,47.30,282.00000000,0
1506116778,22077216,47.29,3.94000000,1
1506116778,22077215,47.30,177.70000000,0
1506116777,22077211,47.30,177.70000000,0
1506116775,22077208,47.30,161.52052000,0
1506116774,22077207,47.30,177.70000000,0
1506116769,22077205,47.30,67.26849900,0
1506116768,22077204,47.30,14.52431300,0
1506116767,22077203,47.30,16.37788000,0
1506116767,22077202,47.29,4.68000000,0
1506116754,22077186,47.30,12.41914400,0
1506116754,22077185,47.29,5.57000000,0
1506116751,22077183,47.30,8.31099600,0
1506116748,22077181,47.30,0.50000000,0
1506116746,22077179,47.30,105.22090000,0
1506116743,22077178,47.30,8.42489500,0
1506116743,22077177,47.30,55.50828768,0
1506116743,22077176,47.29,9.15851932,0
1506116739,22077174,47.29,6.61000000,0
1506116725,22077139,47.30,7.71986500,0
1506116725,22077138,47.29,6.91000000,0
1506116722,22077136,47.30,281.00000000,0
1506116718,22077131,47.29,2.23604000,0
1506116715,22077129,47.30,39.23038200,0
1506116715,22077128,47.29,8.21000000,0
1506116700,22077112,47.30,1.11940000,0
1506116700,22077111,47.29,9.76000000,0
1506116699,22077110,47.28,0.72400000,0
1506116695,22077107,47.30,10.85970000,0
1506116694,22077106,47.30,0.72400000,0
1506116692,22077104,47.30,17.51064600,0
1506116691,22077103,47.30,1.59690700,0
1506116691,22077102,47.29,11.60000000,0
1506116684,22077100,47.29,3.63980900,0
1506116674,22077096,47.29,13.78000000,0
1506116660,22077093,47.29,6.63000000,1
1506116659,22077092,47.29,16.37000000,0
1506116518,22077031,47.30,13.00000000,1
1506116518,22077030,47.31,15.00000000,1
1506116501,22077020,47.44,10.21600000,1
1506116482,22077009,47.45,1.00000000,0
1506116399,22076983,47.31,15.00000000,1
1506116389,22076978,47.30,2.00000000,1
1506116344,22076960,47.42,3.00000000,1
1506116342,22076959,47.43,2.44254691,1
1506116206,22076903,47.44,15.50000000,0
1506116195,22076893,47.43,1.00316255,0
1506116185,22076875,47.43,1.70651486,0
1506116150,22076849,47.43,0.13041000,0
1506116143,22076845,47.43,35.09815451,0
1506116101,22076830,47.45,0.20876827,0
1506116100,22076829,47.45,0.20876827,0
1506116100,22076828,47.45,0.20876827,0
1506116099,22076827,47.45,10.94890000,0
1506116099,22076826,47.45,0.72820000,0
1506116096,22076824,47.45,3.06743940,0
1506116095,22076820,47.44,5.94668071,0
1506116093,22076816,47.45,0.20876827,0
1506116093,22076815,47.45,0.20876827,0
1506116093,22076814,47.44,0.20876827,0
1506116090,22076812,47.44,11.66117216,0
1506116090,22076811,47.45,0.31170724,0
1506116089,22076810,47.45,9.35687769,0
1506116085,22076804,47.45,0.20876827,0
1506116084,22076802,47.45,0.20876827,0
1506116084,22076801,47.45,9.63671338,0
1506116083,22076800,47.45,0.20876827,0
1506116083,22076798,47.45,0.48010412,0
1506116078,22076794,47.45,9.03344910,0
1506116072,22076793,47.46,9.80989126,0
1506116069,22076791,47.46,9.08378024,0
1506116064,22076789,47.46,0.20876827,0
1506116064,22076788,47.46,0.72730000,0
1506116062,22076787,47.46,0.20876827,0
1506116062,22076783,47.46,10.90910000,0
1506116049,22076776,47.46,1.00000000,0
1506116048,22076772,47.46,1.00000000,0
1506116042,22076770,47.46,95.98401400,0
1506116040,22076769,47.46,65.89941000,0
1506116038,22076768,47.46,41.34690300,0
1506116038,22076767,47.46,15.00000000,0
1506116038,22076766,47.46,293.00000000,0
1506116037,22076765,47.46,43.76168000,0
1506116036,22076764,47.47,150.00000000,1
1506116035,22076763,47.55,144.00000000,1
1506115911,22076679,47.46,77.64340834,1
1506115814,22076626,47.47,163.00000000,1
1506115789,22076607,47.50,3.58000000,0
1506115776,22076594,47.58,1.22007411,0
1506115775,22076593,47.58,17.91000000,0
1506115774,22076592,47.58,13.43000000,1
1506115774,22076591,47.58,60.35962236,1
1506115774,22076589,47.68,17.87000000,1
1506115746,22076574,47.70,1.21192000,0
1506115744,22076571,47.70,2.12824000,0
1506115743,22076567,47.70,3.33438155,0
1506115717,22076547,47.70,20.08249900,0
1506115636,22076517,48.00,73.88900549,0
1506115636,22076516,48.00,1.29641117,0
1506115636,22076515,47.90,3.57000000,0
1506115635,22076514,47.82,17.83000000,0
1506115635,22076513,47.82,55.55461300,1
1506115635,22076512,47.82,46.39599400,1
1506115635,22076511,47.82,10.00000000,1
1506115569,22076480,47.85,1.00000000,0
1506115402,22076390,47.88,82.42000000,0
1506115401,22076389,47.88,17.58000000,1
1506115391,22076387,47.89,14.53877810,1
1506115390,22076386,47.90,23.27448700,1
1506115362,22076376,47.80,1.89466190,0
1506115320,22076341,47.80,12.00000000,0
1506115317,22076340,47.80,13.20090000,0
1506115279,22076333,47.88,0.00113948,0
1506115279,22076332,47.77,7.61809052,0
1506115277,22076330,47.77,2.22101000,0
1506115275,22076326,47.77,7.21089948,0
1506115275,22076325,47.75,4.78910052,0
1506115268,22076321,47.61,0.29207300,1
1506115257,22076293,47.83,2.83866000,0
1506115228,22076221,47.72,40.00000000,1
1506115226,22076220,47.71,13.91974636,0
1506115226,22076219,47.71,4.99942991,0
1506115224,22076216,47.86,17.34000000,1
1506115224,22076215,47.86,3.74082373,1
1506115217,22076206,48.07,0.01420000,1
1506115213,22076200,48.02,20.26000000,0
1506115201,22076183,48.07,60.72790000,0
1506115196,22076171,48.02,13.29130000,0
1506115194,22076168,47.84,9.38763400,1
1506115181,22076145,47.94,17.34000000,0
1506115181,22076143,47.94,33.04872000,0
1506115179,22076142,47.94,0.22364600,0
1506115179,22076141,47.94,17.11635400,0
1506115178,22076140,47.94,10.68590000,0
1506115176,22076137,47.94,3.20972000,0
1506115176,22076136,47.94,8.58722200,0
1506115161,22076128,48.02,5.45344000,0
1506115160,22076117,48.02,10.22440000,0
1506115156,22076109,48.04,11.76992828,1
1506115149,22076104,48.02,28.41559417,1
1506115147,22076102,48.04,9.72431078,1
1506115143,22076092,48.16,14.35696565,1
1506115138,22076079,48.16,27.37710500,1
1506115134,22076070,48.17,0.40080400,1
1506115133,22076068,48.17,13.10500000,1
1506115124,22076031,48.19,4.89977173,0
1506115116,22075988,48.16,4.61981894,1
1506115116,22075986,48.18,15.51155935,1
1506115114,22075969,48.18,1.46304000,1
1506115105,22075905,48.19,2.24533586,0
1506115104,22075899,48.18,3.52490000,1
1506115102,22075879,48.19,9.40929604,0
1506115101,22075877,48.19,4.95184639,0
1506115101,22075871,48.18,0.61512565,1
1506115096,22075848,48.19,1.46304000,0
1506115096,22075846,48.18,1.00000000,1
1506115082,22075810,48.18,3.52490000,0
1506115035,22075744,48.23,7.71550452,1
1506115027,22075737,48.27,4.99750000,1
1506115013,22075719,48.24,4.99750000,1
1506115009,22075718,48.52,5.00000000,1
1506114949,22075694,48.23,16.36270000,1
1506114939,22075690,48.24,15.62155198,1
1506114939,22075689,48.25,15.25000000,1
1506114939,22075688,48.26,8.24834802,1
1506114856,22075665,48.17,15.92268386,1
1506114853,22075662,48.33,15.22270000,1
1506114841,22075656,48.17,39.97696000,1
1506114841,22075655,48.23,0.02304000,1
1506114834,22075653,48.32,0.00820003,0
1506114834,22075652,48.24,11.78499997,0
1506114819,22075650,48.17,37.43376000,0
1506114817,22075648,48.17,2.56624000,0
1506114773,22075617,48.17,11.76285422,0
1506114719,22075590,48.16,0.22680000,1
1506114705,22075575,48.14,23.10390000,1
1506114705,22075574,48.25,15.00000000,1
1506114699,22075565,48.55,13.09070000,0
1506114693,22075552,48.17,4.45360000,1
1506114690,22075544,48.59,0.22749335,1
1506114687,22075537,48.68,60.79580936,1
1506114686,22075531,48.65,50.00000000,1
1506114685,22075528,48.65,2.06094797,0
1506114678,22075515,48.66,33.60000000,1
1506114676,22075509,48.69,4.91986426,0
1506114674,22075503,48.69,4.92047094,0
1506114674,22075502,48.68,15.36917700,1
1506114671,22075486,48.59,0.23000000,1
1506114671,22075485,48.59,0.22749335,1
1506114671,22075484,48.59,0.22749335,1
1506114671,22075481,48.59,2.17419729,1
1506114667,22075469,48.72,15.85843249,0
1506114666,22075465,48.64,2.40353000,1
1506114662,22075447,48.65,7.91490945,0
1506114662,22075445,48.65,7.00000000,0
1506114657,22075427,48.59,0.22765271,0
1506114657,22075424,48.59,2.17419676,0
1506114654,22075413,48.59,3.61347400,0
1506114653,22075406,48.59,13.02000000,0
1506114653,22075404,48.65,15.96467653,1
1506114652,22075400,48.65,10.53263464,1
1506114652,22075399,48.65,29.46736536,1
1506114649,22075380,48.79,4.11240190,1
1506114646,22075364,48.65,13.78440400,1
1506114644,22075357,48.65,23.69028000,1
1506114644,22075354,48.67,0.15000000,1
1506114644,22075353,48.68,4.47782900,1
1506114643,22075351,48.94,8.29546383,0
1506114643,22075350,48.68,8.61217100,1
1506114643,22075349,48.68,0.15000000,1
1506114643,22075348,48.69,0.15000000,1
1506114642,22075344,49.08,106.96067644,0
1506114641,22075343,49.00,28.33130000,0
1506114641,22075342,49.00,31.38326532,0
1506114641,22075341,49.00,1.38000000,1
1506114641,22075340,48.99,45.12087169,0
1506114641,22075339,48.97,6.92000000,1
1506114640,22075338,48.97,50.00000000,1
1506114640,22075337,48.90,137.00000000,0
1506114640,22075336,48.79,0.15000000,0
1506114640,22075335,48.78,0.15000000,0
1506114640,22075334,48.77,0.15000000,0
1506114639,22075332,48.70,60.00000000,1
1506114638,22075331,48.99,83.87912831,0
1506114638,22075330,48.98,50.00000000,0
1506114638,22075329,48.97,50.00000000,0
1506114638,22075328,48.97,50.00000000,0
1506114638,22075326,48.97,50.00000000,0
1506114638,22075325,48.97,28.71087169,0
1506114638,22075324,48.96,3.98000000,0
1506114638,22075323,48.95,50.00000000,0
1506114637,22075322,48.94,127.00000000,0
1506114637,22075321,48.94,141.43000000,0
1506114631,22075315,48.65,16.73530000,1
1506114628,22075313,48.65,16.51815451,1
1506114628,22075312,48.66,15.49000000,1
1506114628,22075311,48.69,3.09000000,1
1506114612,22075302,48.97,21.28912831,0
1506114612,22075301,48.97,50.00000000,0
1506114611,22075300,48.97,50.00000000,0
1506114611,22075299,48.97,6.32778000,1
1506114611,22075298,48.94,1.54000000,0
1506114611,22075297,48.94,17.34000000,0
1506114609,22075296,48.93,7.53254000,1
1506114609,22075295,48.93,49.95000000,0
1506114607,22075293,48.65,22.91010000,1
1506114607,22075292,48.66,16.95000000,1
1506114592,22075284,48.68,0.20790021,1
1506114590,22075283,48.69,49.95000000,1
1506114585,22075281,49.00,117.91816326,0
1506114585,22075280,48.99,0.48000000,0
1506114584,22075279,48.99,137.00000000,0
1506114584,22075278,48.97,145.00000000,0
1506114584,22075276,48.88,4.91999500,0
1506114583,22075275,48.86,2.41000000,0
1506114578,22075269,48.65,10.07000000,1
1506114578,22075268,48.82,39.88000000,1
1506114574,22075264,48.68,0.12000000,0
1506114565,22075253,48.64,3.59640000,1
1506114551,22075224,48.99,49.27780771,1
1506114551,22075222,48.99,0.98000000,0
1506114551,22075217,48.90,50.00000000,0
1506114551,22075216,48.90,50.00000000,0
1506114551,22075215,48.90,50.00000000,0
1506114550,22075212,48.89,50.00000000,0
1506114550,22075210,48.89,50.00000000,0
1506114550,22075209,48.89,50.00000000,0
1506114550,22075208,48.89,50.00000000,0
1506114550,22075207,48.89,0.11289000,1
1506114549,22075205,48.88,3.08700000,1
1506114548,22075204,48.88,4.92000000,0
1506114532,22075190,48.50,16.05290000,1
1506114532,22075189,48.60,3.09000000,1
1506114520,22075177,48.49,49.95000000,1
1506114518,22075176,49.00,50.69857142,0
1506114518,22075175,48.97,132.00000000,0
1506114517,22075173,48.92,3.00000000,0
1506114517,22075172,48.92,73.97013715,1
1506114517,22075171,48.88,140.00000000,0
1506114517,22075170,48.85,119.00000000,1
1506114516,22075169,48.85,64.72000000,1
1506114516,22075168,48.79,1.70141356,0
1506114516,22075167,48.78,1.21000000,0
1506114515,22075166,48.72,3.00000000,0
1506114515,22075165,48.71,6.07000000,0
1506114514,22075161,48.61,2.62000000,0
1506114513,22075160,48.61,14.71428000,0
1506114506,22075130,48.40,0.14990000,1
1506114498,22075125,48.61,2.62572000,0
1506114498,22075124,48.60,0.50000000,0
1506114493,22075105,48.44,0.14990000,1
1506114482,22075080,48.43,14.96810000,1
1506114480,22075077,48.44,0.15000000,1
1506114479,22075076,48.44,0.15000000,1
1506114479,22075074,48.44,0.15000000,1
1506114476,22075062,48.43,0.15000000,0
1506114476,22075059,48.42,0.15000000,0
1506114476,22075058,48.41,0.15000000,0
1506114473,22075057,48.35,46.60720000,1
1506114472,22075056,48.36,0.15000000,1
1506114472,22075055,48.36,3.19280000,1
1506114470,22075053,48.36,8.07720000,1
1506114470,22075052,48.36,14.98280000,1
1506114463,22075042,48.42,0.15000000,0
1506114460,22075039,48.36,7.79220000,1
1506114450,22075027,48.34,37.82000000,1
1506114450,22075026,48.35,12.13000000,1
1506114436,22075015,48.34,17.79220000,1
1506114426,22075000,48.31,17.64220000,1
1506114425,22074999,48.32,0.15000000,1
1506114415,22074993,48.31,17.79220000,1
1506114398,22074980,48.27,21.58440000,1
1506114385,22074965,48.21,44.87110000,1
1506114372,22074959,48.23,3.79620000,1
1506114357,22074956,48.22,36.03900000,1
1506114342,22074942,48.11,28.62140000,1
1506114342,22074941,48.13,12.48000000,1
1506114342,22074940,48.14,8.48600000,1
1506114331,22074927,48.14,49.95000000,1
1506114327,22074924,48.43,46.70640000,0
1506114317,22074916,48.29,13.29360000,1
1506114317,22074915,48.30,23.07000000,1
1506114314,22074911,48.57,10.93864525,1
1506114314,22074910,48.52,3.00000000,0
1506114313,22074909,48.44,12.37000000,0
1506114313,22074908,48.32,3.00000000,0
1506114312,22074907,48.30,8.83125970,0
1506114303,22074901,48.29,7.39460000,1
1506114301,22074900,48.29,2.58000000,0
1506114287,22074897,48.22,1.89258000,1
1506114267,22074887,48.12,1.80598600,0
1506114262,22074885,47.95,49.95000000,1
1506114256,22074879,48.12,1.19401400,0
1506114252,22074878,48.09,26.74830000,1
1506114228,22074840,48.08,35.09815451,0
1506114225,22074828,47.90,26.25080000,1
1506114214,22074818,47.88,1.23208388,1
1506114213,22074817,47.89,26.26800000,1
1506114213,22074815,47.95,7.89601612,1
1506114213,22074813,47.99,1.62400000,1
1506114213,22074811,47.99,1.62400000,1
1506114213,22074810,47.99,1.62400000,1
1506114213,22074809,47.99,1.62400000,1
1506114209,22074807,47.95,1.62398388,1
1506114207,22074802,47.96,23.45601612,1
1506114200,22074799,47.93,1.02000000,1
1506114200,22074798,47.94,48.93000000,1
1506114190,22074792,47.79,11.40090000,1
1506114190,22074791,47.90,8.97000000,1
1506114189,22074790,47.91,1.79000000,1
1506114174,22074785,47.87,7.76230000,1
1506114174,22074784,48.11,22.18273151,1
1506114163,22074781,48.11,10.71430000,1
1506114157,22074779,48.11,2.20112300,1
1506114149,22074772,47.81,34.99721282,1
1506114149,22074771,48.11,1.07468718,1
1506114141,22074766,48.10,9.65000000,0
1506114138,22074759,47.84,49.95000000,1
1506114128,22074734,48.10,14.12000000,0
1506114074,22074703,47.75,14.98500000,1
1506114061,22074679,47.69,14.98500000,1
1506114047,22074671,47.69,49.95000000,1
1506113982,22074641,47.59,19.43460000,1
1506113981,22074639,48.00,0.52354166,1
1506113981,22074638,48.00,2.50000000,0
1506113981,22074637,47.92,3.00000000,0
1506113979,22074635,47.72,0.21711100,0
1506113967,22074628,47.61,38.65340000,1
1506113959,22074619,47.71,32.51333100,0
1506113957,22074618,47.60,0.49950000,1
1506113952,22074617,47.72,2.56577800,0
1506113949,22074613,47.72,0.21711100,0
1506113946,22074610,47.58,4.99565527,1
1506113946,22074609,47.66,7.45103473,1
1506113946,22074608,47.71,37.50331000,1
1506113931,22074588,47.53,34.95000000,1
1506113931,22074587,47.55,15.00000000,1
1506113923,22074575,47.66,29.56989711,1
1506113921,22074574,47.51,1.39900000,1
1506113921,22074573,47.60,33.55100000,1
1506113921,22074572,47.63,15.00000000,1
1506113916,22074570,47.61,1.00000000,1
1506113910,22074568,47.59,49.93500000,1
1506113910,22074567,47.60,0.01500000,1
1506113896,22074555,47.60,14.98500000,1
1506113885,22074540,47.61,12.70730000,1
1506113872,22074535,47.60,60.36410000,1
1506113857,22074531,47.55,14.97000000,1
1506113843,22074524,47.50,43.25230000,1
1506113842,22074523,47.51,15.00000000,1
1506113833,22074519,47.42,2.27774741,1
1506113833,22074518,47.43,0.95245259,1
1506113833,22074517,47.46,9.06000000,1
1506113833,22074516,47.48,30.96210000,1
1506113833,22074515,47.49,15.00000000,1
1506113820,22074509,47.48,28.98390000,1
1506113820,22074508,47.49,15.00000000,1
1506113805,22074501,47.47,1.79820000,1
1506113793,22074497,47.41,2.53753064,1
1506113793,22074496,47.42,10.01000000,1
1506113792,22074495,47.52,2.42246936,1
1506113781,22074488,47.52,2.34930000,1
1506113767,22074481,47.41,88.73000000,1
1506113767,22074480,47.42,11.07000000,1
1506113765,22074479,47.58,1.54171664,1
1506113755,22074465,47.42,7.67132652,1
1506113755,22074464,47.46,2.35367348,1
1506113750,22074429,47.45,0.00000042,0
1506113731,22074426,47.45,5.76289400,0
1506113680,22074410,47.33,1.37080000,1
1506113680,22074409,47.35,13.24000000,1
1506113678,22074407,47.45,10.67187400,0
1506113666,22074404,47.34,14.61080000,1
1506113657,22074402,47.27,0.33000000,1
1506113657,22074401,47.29,14.64000000,1
1506113643,22074400,47.29,1.08790000,1
1506113633,22074392,47.29,1.08790000,1
1506113559,22074375,47.16,31.59800000,1
1506113559,22074374,47.20,16.21000000,1
1506113559,22074373,47.38,0.09600000,1
1506113545,22074368,47.38,47.90400000,1
1506113256,22074106,47.20,0.99800000,1
1506113241,22074092,47.18,0.99800000,1
1506113231,22074084,47.50,1.00000000,0
1506113229,22074081,47.19,0.99800000,1
1506113223,22074076,47.54,28.10832982,1
1506113223,22074075,47.53,1.22000000,0
1506113222,22074074,47.52,3.00000000,0
1506113222,22074073,47.51,6.12000000,0
1506113222,22074070,47.50,0.50000000,0
1506113221,22074067,47.35,1.16156597,0
1506113216,22074064,47.16,0.99800000,1
1506113214,22074056,47.34,1.16156597,0
1506113204,22074035,47.35,1.96535900,0
1506113203,22074021,47.22,0.99800000,1
1506113146,22073923,47.13,2.30940000,1
1506113139,22073917,47.17,8.01300000,0
1506113138,22073915,47.17,14.05700000,0
1506113137,22073914,47.17,20.93000000,1
1506113127,22073904,47.13,3.38919000,1
1506113126,22073900,47.18,17.01260000,1
1506113109,22073880,47.35,1.51624300,0
1506113059,22073796,47.34,63.00102082,0
1506113059,22073795,47.34,50.00000000,1
1506113059,22073794,47.34,5.02813000,1
1506113058,22073793,47.32,3.00000000,0
1506113058,22073792,47.31,3.15000000,0
1506113057,22073791,47.28,75.00000000,1
1506113056,22073790,47.28,33.01233267,1
1506113056,22073789,47.28,50.00000000,0
1506113037,22073776,47.26,0.32250000,1
1506113021,22073757,47.12,2.19784000,1
1506113020,22073756,47.06,2.19784000,0
1506113019,22073752,47.25,40.97544973,1
1506113019,22073749,47.12,3.00000000,0
1506113019,22073748,47.11,5.64478892,0
1506113017,22073745,47.10,71.00000000,0
1506113010,22073741,47.11,1.96264063,0
1506112991,22073720,47.01,28.13170000,1
1506112980,22073688,47.11,37.13105000,0
1506112979,22073687,47.08,2.54645000,0
1506112977,22073683,47.00,28.33130000,1
1506112974,22073681,47.11,28.18818451,1
1506112964,22073662,47.11,0.19960000,1
1506112945,22073624,47.01,8.68840000,1
1506112935,22073615,47.06,0.99800000,1
1506112929,22073612,46.99,2.72387000,1
1506112921,22073594,46.98,2.98850000,0
1506112913,22073587,46.83,1.54854000,1
1506112905,22073574,46.80,1.64366000,1
1506112905,22073573,46.80,0.50000000,1
1506112904,22073572,46.80,0.50000000,0
1506112870,22073513,46.70,2.60214789,0
1506112870,22073512,46.70,5.61349000,0
1506112870,22073511,46.70,5.23287700,0
1506112870,22073510,46.70,11.05194911,0
1506112869,22073508,46.70,46.29199000,0
1506112868,22073506,46.61,1.00000000,1
1506112866,22073505,46.63,1.00000000,1
1506112866,22073504,46.70,9.69057700,0
1506112865,22073503,46.70,5.80895900,0
1506112862,22073502,46.70,13.70801000,0
1506112847,22073494,46.70,170.90406731,0
1506112847,22073493,46.67,9.85139414,1
1506112831,22073462,46.71,0.00704400,1
1506112831,22073461,46.72,29.08888869,1
1506112793,22073307,46.64,10.09215600,0
1506112783,22073301,46.64,2.12165000,0
1506112752,22073280,46.72,0.00000014,1
1506112751,22073279,46.72,27.47755400,1
1506112588,22073072,46.80,9.57657842,1
1506112577,22073062,46.80,6.85819000,1
1506112514,22072900,46.98,3.55000000,1
1506112513,22072896,46.99,2.53030000,0
1506112510,22072882,46.99,5.05110615,0
1506112506,22072855,47.01,6.74269002,0
1506112506,22072853,47.00,1.37915184,0
1506112506,22072851,46.95,4.22000000,0
1506112506,22072850,46.86,0.05815814,0
1506112503,22072841,46.86,0.94184186,0
1506112490,22072818,46.79,1.58351715,0
1506112490,22072811,46.79,3.48894848,0
1506112469,22072750,47.00,14.93723114,1
1506112469,22072749,47.00,30.93000000,1
1506112467,22072744,47.00,50.00000000,1
1506112464,22072743,47.00,44.93000000,0
1506112335,22072618,46.98,3.71697444,1
1506112248,22072528,46.77,49.95000000,1
1506112238,22072522,46.69,49.95000000,1
1506112229,22072501,47.06,57.81066723,0
1506112228,22072500,47.00,16.72196420,0
1506112228,22072499,47.00,2.50000000,0
1506112228,22072497,46.98,5.01000000,0
1506112226,22072494,46.92,2.05000000,0
1506112226,22072493,46.92,0.77693947,0
1506112226,22072492,46.75,48.64016457,1
1506112225,22072491,46.91,1.30983543,1
1506112220,22072487,46.92,0.17306053,0
1506112216,22072483,46.91,42.79016457,1
1506112215,22072481,46.91,49.95000000,1
1506112192,22072446,46.88,5.95000000,0
1506112163,22072414,46.65,39.92000000,1
1506112162,22072413,46.83,100.00000000,0
1506112151,22072401,46.85,21.41985058,0
1506112149,22072399,46.80,1.64273594,0
1506112148,22072397,46.80,47.35726406,1
1506112146,22072396,46.80,0.66940000,1
1506112136,22072386,46.91,42.92000000,0
1506112136,22072385,46.90,7.08000000,0
1506112136,22072384,46.89,50.00000000,0
1506112134,22072382,46.80,49.95000000,1
1506112124,22072377,46.80,49.95000000,1
1506112108,22072370,46.89,71.11761783,1
1506112108,22072368,46.89,8.41000000,0
1506112093,22072351,46.79,3.86491000,0
1506111990,22072211,46.78,19.80275366,0
1506111979,22072200,46.58,2.55750000,1
1506111971,22072187,46.73,6.52173913,0
1506111970,22072184,46.79,0.33400000,0
1506111965,22072174,46.68,13.31296500,1
1506111962,22072173,46.68,1.25000000,1
1506111942,22072163,46.72,42.72260274,0
1506111921,22072130,46.57,29.45700000,1
1506111911,22072125,46.57,29.45700000,1
1506111901,22072121,46.57,16.58681760,1
1506111901,22072120,46.58,73.64038240,1
1506111889,22072115,46.57,4.99000000,1
1506111880,22072112,46.58,0.34740000,1
1506111867,22072110,46.57,7.44591000,1
1506111855,22072104,46.53,2.14568791,0
1506111832,22072060,46.66,0.93980686,1
1506111831,22072059,46.66,56.33111314,1
1506111831,22072058,46.66,65.55000000,1
1506111829,22072050,46.00,103.12402205,0
1506111829,22072049,46.00,17.32000000,0
1506111828,22072048,46.00,6.93297795,0
1506111827,22072047,46.08,2.90000000,1
1506111827,22072046,46.22,112.00000000,1
1506111827,22072045,46.27,111.00000000,1
1506111827,22072044,46.28,3.48000000,1
1506111827,22072043,46.34,112.00000000,1
1506111827,22072042,46.37,17.37000000,1
1506111827,22072040,46.39,92.06000000,1
1506111827,22072039,46.43,167.74900000,1
1506111826,22072038,46.44,107.00000000,1
1506111826,22072036,46.46,110.00000000,1
1506111826,22072035,46.47,35.06000000,1
1506111818,22072031,46.48,41.85794399,1
1506111772,22072014,46.56,57.95197323,0
1506111772,22072013,46.39,29.94000000,1
1506111749,22072004,46.82,110.16851772,0
1506111749,22072003,46.75,2.82000000,0
1506111749,22072002,46.75,75.00000000,1
1506111749,22072001,46.75,3.99000000,1
1506111748,22072000,46.74,118.00000000,0
1506111748,22071999,46.72,3.00000000,0
1506111748,22071998,46.66,105.00000000,0
1506111747,22071996,46.64,0.80000000,0
1506111747,22071995,46.60,3.99000000,0
1506111747,22071994,46.52,3.00000000,0
1506111746,22071993,46.50,1.00000000,0
1506111745,22071992,46.50,0.50000000,0
1506111720,22071941,46.49,35.09744031,0
1506111713,22071906,46.28,0.48410000,1
1506111705,22071890,46.49,1.49238551,1
1506111705,22071887,46.48,33.60576900,0
1506111689,22071875,46.41,35.09815451,1
1506111652,22071842,46.17,0.26562000,1
1506111652,22071841,46.17,15.00000000,1
1506111638,22071830,46.22,9.98000000,1
1506111628,22071821,46.37,21.39381000,1
1506111625,22071817,46.37,52.37910000,1
1506111618,22071813,46.37,21.22880000,1
1506111618,22071811,46.37,4.99829000,1
1506111444,22071591,46.11,35.02790000,1
1506111429,22071576,46.05,6.22447528,1
1506111429,22071575,46.06,9.08330885,1
1506111429,22071574,46.18,19.72011587,1
1506111421,22071558,46.29,35.09815451,0
1506111355,22071499,46.34,4.62570436,0
1506111355,22071498,46.30,29.74001430,0
1506111354,22071493,46.27,9.08330885,0
1506111250,22071406,46.18,11.70660000,1
1506111231,22071399,46.18,11.70660000,1
1506111221,22071397,46.18,42.64110000,1
1506111220,22071396,46.19,11.73000000,1
1506111206,22071390,46.19,42.77110000,1
1506111206,22071389,46.19,11.60000000,1
1506111135,22071323,46.30,6.31942148,0
1506111069,22071288,46.19,61.27330000,1
1506111056,22071285,46.18,10.95910000,1
1506111045,22071281,46.20,10.95910000,1
1506111031,22071271,46.19,2.19908474,1
1506111031,22071270,46.20,10.98051526,1
1506111020,22071268,46.30,40.00000000,0
1506111020,22071266,46.30,5.63428134,0
1506111014,22071262,46.30,14.53476700,0
1506111013,22071261,46.17,0.57890000,1
1506110997,22071255,46.23,87.06000000,1
1506110997,22071254,46.24,12.74000000,1
1506110987,22071253,46.30,1.58336400,0
1506110980,22071250,46.28,12.73450000,1
1506110963,22071243,46.23,12.73450000,1
1506110950,22071236,46.19,12.95910000,1
1506110940,22071233,46.17,0.37231596,1
1506110939,22071232,46.29,12.98498404,1
1506110928,22071223,46.29,0.39920000,1
1506110910,22071215,46.23,21.71397047,0
1506110895,22071208,46.23,8.28602953,0
1506110877,22071192,46.17,21.22950000,1
1506110876,22071191,46.17,9.22345000,1
1506110856,22071185,46.12,0.01483960,1
1506110855,22071184,46.14,21.13446040,1
1506110041,22070523,46.09,0.43493000,1
1506109937,22070422,46.26,21.56939040,0
1506109735,22070334,45.96,35.87510963,0
1506109735,22070333,45.98,15.00000000,0
1506109735,22070332,45.99,28.64368736,0
1506109733,22070331,46.15,0.48120301,1
1506109578,22070241,46.13,14.03340000,1
1506109577,22070240,46.13,14.62020000,1
1506109576,22070238,46.13,14.62020000,1
1506109493,22070189,46.30,41.88815188,0
1506109492,22070188,46.29,18.94000000,1
1506109492,22070187,46.26,17.63000000,0
1506109492,22070186,46.25,31.65327600,0
1506109491,22070185,46.19,0.04580376,0
1506109488,22070184,46.06,0.12080000,1
1506109474,22070173,46.18,0.12000000,1
1506109473,22070169,46.19,0.12000000,0
1506109473,22070167,46.00,0.11730000,1
1506109473,22070166,46.17,0.12000000,1
1506109473,22070165,46.18,0.12000000,1
1506109472,22070163,46.19,0.12000000,1
1506109472,22070162,46.19,0.00089624,1
1506109462,22070157,46.19,0.23760000,1
1506109429,22070108,46.15,0.12000000,0
1506109429,22070107,46.14,0.12000000,0
1506109429,22070106,46.13,0.12000000,0
1506109208,22070006,46.04,5.00000000,0
1506109036,22069884,46.10,6.17926683,1
1506108920,22069746,46.07,37.26794399,1
1506108919,22069745,46.07,4.59000000,0
1506108816,22069660,46.04,5.00000000,0
1506108509,22069545,46.14,8.24846121,1
1506108508,22069544,46.14,0.40000000,0
1506108459,22069532,46.00,19.51826087,0
1506108315,22069458,45.78,10.27195469,1
1506108315,22069457,45.90,29.72804531,1
1506108106,22069382,45.99,11.12500000,1
1506108106,22069381,45.99,27.54760000,1
1506107381,22068962,46.06,2.56664926,1
1506107369,22068951,46.06,34.25951995,0
1506107367,22068950,46.02,5.99674337,0
1506107043,22068681,45.92,0.00043550,0
1506107042,22068680,45.92,6.01178235,0
1506107040,22068677,45.92,33.98778215,0
1506107000,22068620,46.02,2.09400000,1
1506107000,22068619,46.10,0.90000000,1
1506106999,22068618,46.10,103.10000000,0
1506106991,22068601,46.09,3.97199000,1
1506106961,22068554,46.09,5.62486400,1
1506106927,22068481,45.97,40.00000000,1
1506106912,22068466,46.00,50.00000000,0
1506106453,22068221,45.91,2.02287083,0
1506106388,22068204,45.92,10.86236933,0
1506106386,22068202,45.91,9.99999975,0
1506105824,22067894,46.09,6.49338251,0
1506105822,22067893,45.91,1.25034380,0
1506105810,22067876,46.00,8.67478261,0
1506105783,22067846,46.04,13.00086881,1
1506105634,22067678,45.80,3.19775720,1
1506105633,22067677,45.90,1.00000000,1
1506105606,22067642,45.94,9.96000000,0
1506105188,22067335,46.17,34.52501845,0
1506104755,22067034,45.98,10.00000000,1
1506104321,22066899,46.04,23.96705600,0
1506104321,22066898,45.91,8.78294400,0
1506104299,22066889,46.04,1.17705600,1
1506104294,22066888,46.04,8.74578600,1
1506104271,22066882,46.04,40.89350000,0
1506104271,22066881,46.03,59.18365800,0
1506104178,22066817,45.87,5.24017000,1
1506104152,22066808,45.89,7.20300000,1
1506104011,22066766,46.04,39.21020400,0
1506103905,22066733,46.01,0.78979600,1
1506103734,22066628,45.96,71.82232000,1
1506103733,22066626,46.01,114.20010000,1
1506103715,22066609,46.01,35.79990000,1
1506103695,22066594,46.07,4.93127330,1
1506103695,22066593,46.05,1.95353400,0
1506103690,22066587,45.94,5.10237600,1
1506103669,22066565,45.99,5.41676200,1
1506103662,22066553,45.99,7.18073000,1
1506103659,22066552,45.99,1.00708600,1
1506103659,22066549,45.99,30.00000000,1
1506103659,22066548,45.99,16.45995400,1
1506103659,22066547,45.99,5.90220600,1
1506103659,22066546,46.00,7.66807800,1
1506103656,22066545,45.99,5.16454000,1
1506103616,22066524,45.99,9.00000000,1
1506103608,22066523,45.99,9.08362000,1
1506103585,22066506,45.98,5.59556000,1
1506103583,22066499,45.98,3.42303000,1
1506103582,22066497,45.98,9.00000000,1
1506103582,22066494,45.98,8.99997151,1
1506103572,22066486,45.98,1.89346000,1
1506103567,22066483,45.98,1.89535400,1
1506103553,22066475,45.98,17.26000000,0
1506103517,22066463,45.97,4.20010000,1
1506103506,22066457,45.97,63.29579700,1
1506103493,22066430,45.97,25.98050900,0
1506103493,22066429,45.96,73.98778240,0
1506103446,22066402,45.99,24.01949100,1
1506103446,22066401,45.99,50.00000000,1
1506103446,22066400,45.99,50.00000000,1
1506103446,22066399,45.99,50.00000000,1
1506103445,22066397,45.99,50.00000000,1
1506103445,22066396,45.99,50.00000000,1
1506103442,22066393,45.93,46.98050900,0
1506103395,22066374,45.83,31.92030000,1
1506103395,22066373,45.87,8.07970000,1
1506103287,22066312,45.83,36.92030000,0
1506103274,22066299,46.01,7.42546838,1
1506103274,22066298,46.01,3.42000000,0
1506103268,22066293,45.82,2.41844291,1
1506103267,22066292,45.83,64.99483209,1
1506103260,22066289,45.82,40.00000000,1
1506103244,22066270,45.80,2.17850031,0
1506103244,22066269,45.79,6.81445000,0
1506103236,22066251,45.95,55.91966900,1
1506103225,22066237,45.95,60.00000000,1
1506103223,22066236,45.95,65.59900000,1
1506103216,22066233,45.95,49.19263600,1
1506103214,22066232,45.95,14.66169900,1
1506103214,22066231,45.95,6.43416200,1
1506103212,22066230,45.88,49.19283400,0
1506103199,22066214,45.79,28.23661851,0
1506103194,22066212,45.79,6.86153600,0
1506103177,22066200,45.89,23.92030000,1
1506103177,22066199,45.89,106.00000000,0
1506103177,22066198,45.79,3.07970000,0
1506103124,22066171,46.01,99.84423215,0
1506103124,22066170,45.98,2.15576785,0
1506103074,22066085,46.03,50.78246204,1
1506103071,22066082,46.03,50.00000000,1
1506103071,22066081,45.99,0.21753796,0
1506103047,22066059,46.04,13.82151593,1
1506103038,22066051,46.04,2.72794900,1
1506103034,22066047,46.04,1.72451210,1
1506103004,22066018,46.04,4.63198800,1
1506102979,22065998,46.04,57.14327797,1
1506102969,22065988,46.04,19.74107600,1
1506102968,22065986,46.04,11.20968100,1
1506102919,22065961,46.00,18.81845452,1
1506102918,22065960,46.00,21.63154548,1
1506102918,22065958,46.00,59.55000000,0
1506102801,22065914,46.07,52.35623692,1
1506102801,22065913,46.05,17.64000000,0
1506102801,22065912,45.85,0.00376308,0
1506102686,22065859,45.77,4.93433000,1
1506102656,22065845,45.95,5.18639692,1
1506102634,22065836,45.95,0.00515400,1
1506102634,22065835,45.96,7.35794600,1
1506102623,22065826,45.96,2.74771000,1
1506102605,22065816,45.95,5.10590000,1
1506102439,22065767,45.95,4.02341000,1
1506102392,22065747,46.01,3.07521900,1
1506102384,22065736,46.01,17.95000000,1
1506102365,22065720,46.01,0.20000000,1
1506102293,22065637,46.05,1.83732023,0
1506102292,22065636,46.05,22.98700000,0
1506102290,22065635,46.03,0.00000017,0
1506102286,22065633,46.03,5.62667200,0
1506102271,22065621,45.94,60.07681100,1
1506102270,22065619,46.02,32.77434196,1
1506102261,22065612,46.01,40.89919583,0
1506102172,22065553,45.94,1.30080417,1
1506102143,22065518,46.01,1.30080417,0
1506102055,22065475,45.82,16.43375602,1
1506101976,22065448,45.78,19.28585261,1
1506101976,22065447,45.78,31.77434196,1
1506101976,22065446,45.79,1.00000000,1
1506101824,22065393,45.72,0.40000000,0
1506101682,22065325,45.72,16.53690000,1
1506101676,22065316,45.72,2.58228000,0
1506101672,22065310,45.70,20.02560000,1
1506101672,22065308,45.74,2.52000000,1
1506101672,22065307,45.75,19.60000000,1
1506101657,22065293,45.71,6.07258000,1
1506101654,22065291,45.73,19.15610000,1
1506101627,22065258,45.89,20.00000000,1
1506101524,22065182,45.80,0.39999500,1
1506101524,22065181,45.58,0.00000500,0
1506100958,22064944,45.58,2.49999500,0
1506100935,22064899,45.55,1.67972382,1
1506100819,22064751,45.55,7.22565804,1
1506100661,22064663,45.55,27.20000000,1
1506100655,22064659,45.55,230.00000000,1
1506100624,22064625,45.55,224.00000000,1
1506100566,22064578,45.55,43.00378419,1
1506100566,22064576,45.56,9.31231101,1
1506100504,22064452,45.56,0.60000000,1
1506100481,22064423,45.79,9.91231101,0
1506100477,22064422,45.80,35.14912663,0
1506100475,22064421,45.70,8.44127799,0
1506100248,22064333,45.70,1.00393873,0
1506100043,22064197,45.70,2.19956236,0
1506099836,22064087,45.55,5.57530000,1
1506099836,22064086,45.62,2.20000000,1
1506099735,22064013,45.70,25.13544857,0
1506099624,22063968,45.70,0.80869500,0
1506099467,22063886,45.56,56.84733303,0
1506099467,22063885,45.56,15.00000000,1
1506099357,22063844,45.56,4.39259728,1
1506099357,22063842,45.56,3.25000000,1
1506099357,22063841,45.56,7.56740272,1
1506099031,22063724,45.70,18.68892562,0
1506098987,22063712,45.69,26.46457557,1
1506098980,22063705,45.69,8.63357894,1
1506098978,22063704,45.56,4.33802539,1
1506098978,22063703,45.56,33.98778240,0
1506098978,22063702,45.64,2.00000000,1
1506098978,22063701,45.64,1.00000000,1
1506098908,22063683,45.70,30.00000000,0
1506098887,22063667,45.70,8.70086800,0
1506098781,22063602,45.61,7.69644000,1
1506098780,22063601,45.62,40.00000000,1
1506098729,22063552,45.73,21.92001010,0
1506098722,22063544,45.69,3.63992300,1
1506098712,22063539,45.72,49.91220900,0
1506098697,22063515,45.70,31.85001524,0
1506098671,22063478,45.73,73.98783933,1
1506098650,22063452,45.79,35.09815451,0
1506098637,22063424,45.79,1.81007727,0
1506098636,22063419,45.77,27.81997624,0
1506098592,22063359,45.84,15.02993632,1
1506098592,22063358,45.84,26.77472091,1
1506098519,22063293,45.97,15.02993632,1
1506098519,22063292,45.97,0.00935190,0
1506098519,22063289,45.97,41.99064810,0
1506098446,22063223,45.93,35.09815451,0
1506098367,22063159,45.71,15.46629724,0
1506098366,22063156,45.70,38.31222875,1
1506098362,22063154,45.71,42.00356100,0
1506098357,22063150,45.71,2.42059000,0
1506098355,22063148,45.71,27.63000000,1
1506098345,22063137,45.72,42.00000000,0
1506098288,22063114,45.74,60.00000000,0
1506098224,22063087,45.81,31.68762278,0
1506098219,22063077,45.81,30.00014847,0
1506098199,22063068,45.88,100.00000000,1
1506098167,22063050,45.95,34.84219395,0
1506098090,22062979,46.05,2.16612377,0
1506098085,22062966,46.05,3.00955600,0
1506098071,22062962,45.89,7.75395146,1
1506098071,22062961,46.04,12.20604854,1
1506098062,22062956,46.04,8.09000000,1
1506098043,22062938,46.04,3.29358000,1
1506098030,22062919,45.97,8.08994400,0
1506098029,22062916,45.97,30.40132600,0
1506097995,22062873,45.97,11.50873000,0
1506097990,22062859,45.89,10.00000000,0
1506097990,22062858,45.88,1.50852597,0
1506097989,22062856,45.88,16.87440400,0
1506097985,22062848,45.88,11.50852600,0
1506097941,22062793,45.88,0.10854403,0
1506097640,22062562,45.75,90.24000000,0
1506097640,22062561,45.74,9.76000000,0
1506097627,22062553,45.73,17.63000000,1
1506097547,22062523,45.81,23.45885177,0
1506097446,22062483,45.72,0.99900000,1
1506097396,22062460,45.69,14.17631070,0
1506097337,22062425,45.69,3.09044228,0
1506097327,22062415,45.69,35.09815451,0
1506097321,22062412,45.69,10.07980000,0
1506097319,22062407,45.69,10.07659800,0
1506097315,22062401,45.69,23.80584000,0
1506097286,22062387,45.69,0.25815451,0
1506097286,22062386,45.68,34.84000000,0
1506097283,22062384,45.69,6.90470000,0
1506097235,22062363,45.77,35.09815451,1
1506097222,22062360,45.79,24.72750000,0
1506097215,22062359,45.79,32.60078619,1
1506096898,22062154,45.87,10.00240985,1
1506096739,22062045,45.73,0.50000000,1
1506096737,22062043,45.90,100.00000000,1
1506096737,22062041,45.91,32.42000000,1
1506096706,22062008,46.08,6.92576002,0
1506096683,22061980,45.89,21.95600000,1
1506096666,22061966,45.89,0.56024311,1
1506096665,22061963,45.90,26.17810000,1
1506096655,22061957,45.82,0.50000000,1
1506096648,22061953,45.83,0.50000000,1
1506096644,22061946,45.80,2.99000000,1
1506096639,22061943,45.80,0.50000000,1
1506096630,22061934,45.78,0.50000000,1
1506096618,22061929,45.83,21.55750000,1
1506096612,22061920,45.75,0.50000000,1
1506096577,22061901,45.67,5.17870000,1
1506096516,22061878,45.94,6.73922507,0
1506096516,22061877,45.93,7.04736000,1
1506096514,22061872,45.93,7.44000000,0
1506096504,22061864,45.71,7.43636375,1
1506096504,22061863,45.84,0.58443625,1
1506096500,22061861,45.95,29.42389216,0
1506096464,22061833,45.80,4.82815451,1
1506096461,22061832,45.80,30.27000000,0
1506096442,22061782,45.74,10.00000000,0
1506096441,22061779,45.73,3.47000000,0
1506096439,22061774,45.67,5.70751478,1
1506096438,22061773,45.67,17.34000000,0
1506096335,22061632,45.74,10.90948841,0
1506096281,22061537,45.61,17.21715451,0
1506096281,22061536,45.55,17.88100000,0
1506096244,22061467,45.41,70.57961591,1
1506096020,22061357,45.33,7.01981000,1
1506095957,22061302,45.33,5.67108154,1
1506095832,22061015,45.36,20.56000000,1
1506095817,22060986,45.38,7.75725374,1
1506095775,22060962,45.38,28.16000000,1
1506095774,22060961,45.39,11.84000000,1
1506095589,22060709,45.47,2.12508244,0
1506095547,22060640,45.49,2.59881292,0
1506095487,22060479,45.38,9.37417661,1
1506095474,22060456,45.47,2.46582339,0
1506095474,22060455,45.47,1.33744401,0
1506095451,22060417,45.48,48.16000000,0
1506095450,22060411,45.46,14.68349000,1
1506095406,22060338,45.49,4.90000000,1
1506095341,22060201,45.36,6.18000000,1
1506095012,22059797,45.36,0.16000000,1
1506095008,22059787,45.41,2.00000000,1
1506095004,22059781,45.41,11.53850000,1
1506095001,22059777,45.41,35.09815451,0
1506095001,22059776,45.41,0.76920000,0
1506094901,22059612,45.23,11.86402829,0
1506094889,22059585,45.23,12.71014813,0
1506094875,22059559,45.00,7.12751789,0
1506094875,22059557,45.03,2.21926320,1
1506094873,22059550,45.04,0.93515895,0
1506094873,22059547,45.04,10.71805996,1
1506094840,22059413,45.26,38.47691078,0
1506094840,22059412,45.26,2.84007279,0
1506094837,22059403,45.26,14.19003601,0
1506094825,22059356,45.32,68.44902912,0
1506094823,22059345,45.32,1.69291821,0
1506094823,22059344,45.30,0.12085054,0
1506094820,22059331,45.30,6.68709518,1
1506094820,22059329,45.31,5.19205428,1
1506094817,22059312,45.31,1.80794546,0
1506094816,22059308,45.31,5.19205454,0
1506094814,22059305,45.32,5.19312328,0
1506094813,22059303,45.30,3.08428382,1
1506094813,22059301,45.31,6.91571618,1
1506094813,22059297,45.32,5.18812959,0
1506094811,22059285,45.31,5.18766825,0
1506094809,22059271,45.30,8.22862100,1
1506094803,22059230,45.42,12.70019810,0
1506094801,22059212,45.43,16.34125081,1
1506094800,22059207,45.43,57.03000000,0
1506094790,22059121,45.44,4.76715039,0
1506094788,22059109,45.31,4.68407169,0
1506094787,22059107,45.31,7.09914836,0
1506094786,22059102,45.31,5.19451250,0
1506094784,22059089,45.31,5.19368643,0
1506094782,22059085,45.36,2.82588393,1
1506094781,22059083,45.31,23.46120028,0
1506094781,22059081,45.31,4.76561465,1
1506094781,22059080,45.32,4.72844261,1
1506094781,22059079,45.45,2.04743955,1
1506094780,22059076,45.50,12.91859532,0
1506094745,22058986,45.59,0.16000000,0
1506094728,22058945,45.61,17.87815451,1
1506094728,22058943,45.58,17.22000000,0
1506094727,22058941,45.32,4.90184549,0
1506094675,22058842,45.61,4.74000000,1
1506094659,22058830,45.60,17.63000000,1
1506094658,22058829,45.65,6.12004381,0
1506094658,22058827,45.60,17.63000000,1
1506094578,22058701,45.42,96.39670103,1
1506094578,22058700,45.43,11.20000000,1
1506094578,22058699,45.47,92.40329897,1
1506094560,22058674,45.47,26.59670103,1
1506094560,22058673,45.48,64.95000000,1
1506094560,22058672,45.48,11.98000000,1
1506094423,22058538,45.30,5.00000000,1
1506094409,22058529,46.34,198.24147604,0
1506094409,22058527,46.33,125.00000000,1
1506094408,22058524,45.73,121.00000000,0
1506094408,22058523,45.73,73.80632500,1
1506094408,22058522,45.66,124.00000000,0
1506094408,22058520,45.63,3.08000000,0
1506094407,22058519,45.59,135.00000000,0
1506094407,22058518,45.51,116.00000000,0
1506094406,22058517,45.44,118.00000000,0
1506094406,22058516,45.42,3.59000000,0
1506094406,22058514,45.30,53.88309546,0
1506094404,22058513,45.28,17.93000000,0
1506094393,22058504,45.30,4.76512141,0
1506094392,22058498,45.30,84.59618773,0
1506094391,22058497,45.29,15.12000000,0
1506094390,22058491,45.30,2.45092715,0
1506094389,22058490,45.29,2.31000000,0
1506094385,22058477,45.29,60.28215300,0
1506094385,22058476,45.29,13.42417200,0
1506094385,22058475,45.29,4.54582800,0
1506094340,22058420,45.37,7.62199691,1
1506094303,22058357,45.00,80.00000000,1
1506094303,22058356,45.00,28.34002003,1
1506094303,22058355,45.00,10.00000000,1
1506094302,22058354,45.01,2.09000000,1
1506094302,22058353,45.07,123.00000000,1
1506094302,22058352,45.07,129.00000000,0
1506094301,22058351,45.08,70.21000000,0
1506094301,22058349,45.08,10.46000000,1
1506094301,22058348,45.14,2.00000000,1
1506094301,22058347,45.14,20.00052153,0
1506094300,22058344,45.19,6.89276895,0
1506094300,22058341,45.19,17.63000000,1
1506094284,22058312,45.33,4.77696889,0
1506094283,22058307,45.32,6.25998408,0
1506094274,22058295,45.33,11.03315901,0
1506094253,22058257,45.35,7.34879008,0
1506094239,22058213,45.35,4.20749724,0
1506094238,22058212,45.35,1.39044263,0
1506094235,22058198,45.35,1.09142857,0
1506094234,22058191,45.35,2.81986346,0
1506094234,22058183,45.35,4.20197802,0
1506094231,22058159,45.33,0.23178516,0
1506094208,22058086,45.37,7.27267645,1
1506094206,22058084,45.38,17.63000000,1
1506094179,22057997,45.49,3.12530227,1
1506094179,22057995,45.50,1.08395604,0
1506094171,22057973,45.49,1.60628709,0
1506094159,22057929,45.56,1.99216000,0
1506094151,22057901,45.58,4.83523475,0
1506094147,22057874,45.52,1.00351031,0
1506094144,22057860,45.37,13.93671300,0
1506094144,22057857,45.37,36.38196900,0
1506094144,22057853,45.16,113.07221760,1
1506094143,22057852,45.20,2.00000000,1
1506094143,22057851,45.21,73.98778240,0
1506094143,22057847,45.38,0.46000000,0
1506094141,22057845,45.38,80.48000000,1
1506094132,22057832,45.58,5.63821800,0
1506094128,22057816,45.23,26.51000000,0
1506094127,22057814,45.30,125.00000000,1
1506094127,22057813,45.31,109.00000000,1
1506094127,22057812,45.31,36.49000000,0
1506094125,22057807,45.56,3.00000000,1
1506094034,22057644,45.72,6.81016246,0
1506093941,22057434,45.58,7.72506400,0
1506093872,22057378,45.62,10.89423718,1
1506093731,22057306,45.71,1.39245000,1
1506093726,22057296,45.67,0.11000000,0
1506093725,22057293,45.67,38.51996863,0
1506093722,22057288,45.67,1.83201100,0
1506093721,22057286,45.67,39.04900000,0
1506093721,22057285,45.65,0.95100000,0
1506093719,22057279,45.65,30.04900000,1
1506093706,22057250,45.78,3.55442000,0
1506093641,22057180,45.86,40.00000000,0
1506093623,22057151,45.78,4.49378240,1
1506093623,22057150,45.78,102.49400000,1
1506093622,22057149,45.90,26.01221760,1
1506093622,22057148,45.90,73.98778240,1
1506093555,22057015,45.90,17.31370712,1
1506093555,22057014,45.91,19.68300000,1
1506093554,22057013,45.92,28.58520459,1
1506093543,22056988,46.13,28.58520459,1
1506093498,22056951,46.00,18.19508824,0
1506093498,22056950,46.00,244.00000000,0
1506093498,22056949,46.00,20.37403700,0
1506093498,22056948,46.00,13.98626900,0
1506093498,22056947,46.00,20.58390300,0
1506093498,22056946,46.00,1.66000000,0
1506093495,22056942,46.00,107.00000000,0
1506093495,22056941,46.00,38.25343600,0
1506093495,22056940,46.00,69.15000000,0
1506093494,22056939,46.03,2.17108120,1
1506093494,22056938,46.03,126.00000000,1
1506093494,22056937,46.04,2.17060994,1
1506093443,22056919,46.11,0.43184800,0
1506093437,22056918,46.10,5.72000000,0
1506093421,22056911,46.11,16.17975500,0
1506093421,22056910,46.10,3.82024500,0
1506093415,22056907,46.10,2.97975500,0
1506093406,22056901,46.10,38.25343600,0
1506093405,22056899,46.11,38.21500000,1
1506093404,22056898,46.12,73.98778240,1
1506093325,22056855,46.33,37.77495508,1
1506093314,22056853,46.33,62.22504492,0
1506093184,22056751,46.32,1.01208981,0
1506093161,22056744,46.32,10.75064767,0
1506093082,22056714,46.30,2.49172000,1
1506093081,22056713,46.30,2.49172000,1
1506093080,22056712,46.30,2.49172000,1
1506093079,22056711,46.30,2.49172000,1
1506093048,22056696,46.21,24.43210000,1
1506093036,22056687,46.21,5.98800000,1
1506093035,22056686,46.21,19.45117914,1
1506093006,22056631,46.20,58.37520000,1
1506093004,22056629,46.20,10.17100000,1
1506093004,22056628,46.23,0.37000000,1
1506093000,22056621,46.23,17.63000000,0
1506092922,22056549,46.03,6.01221760,1
1506092922,22056548,46.04,33.98778240,1
1506092921,22056546,46.03,6.67000000,1
1506092921,22056545,46.03,27.33000000,1
1506092880,22056508,46.00,40.00000000,1
1506092813,22056474,45.91,14.97000000,1
1506092802,22056460,46.19,0.00075371,1
1506092801,22056455,46.19,15.01623729,1
1506092795,22056447,46.15,15.58300900,1
1506092793,22056443,46.15,4.70000000,1
1506092790,22056440,46.14,4.70000000,0
1506092726,22056400,45.86,8.89429965,0
1506092724,22056398,45.89,2.17770035,1
1506092724,22056397,45.91,17.63000000,1
1506092512,22056267,45.89,1.80505205,1
1506092512,22056266,45.89,15.19494795,1
1506092467,22056244,45.89,2.43505205,0
1506092463,22056238,45.89,34.15541212,0
1506092463,22056237,45.89,3.40953583,0
1506092269,22056109,45.89,5.90000000,0
1506092238,22056054,46.02,3.70550013,1
1506092230,22056032,46.02,55.05995832,0
1506092230,22056029,46.01,18.50000000,0
1506092214,22056002,46.05,0.62873434,1
1506092150,22055917,46.05,1.99600000,1
1506091941,22055796,46.19,42.45637583,1
1506091941,22055795,46.17,8.17263600,1
1506091939,22055793,46.17,14.20007881,0
1506091733,22055567,46.37,19.26525770,1
1506091733,22055566,46.37,50.00000000,1
1506091733,22055565,46.32,3.00000000,0
1506091733,22055564,46.31,122.00000000,0
1506091732,22055563,46.30,527.77000000,0
1506091732,22055562,46.29,120.00000000,0
1506091731,22055561,46.24,111.00000000,0
1506091731,22055560,46.22,1.46000000,0
1506091731,22055559,46.22,96.46700000,1
1506091731,22055558,46.16,7.29000000,0
1506091730,22055557,46.13,2.17678000,1
1506091729,22055556,46.13,17.63000000,0
1506091620,22055506,45.99,17.63000000,0
1506091595,22055494,46.10,2.37165616,0
1506091594,22055493,46.01,9.38000000,0
1506091594,22055492,46.01,8.24834384,0
1506091575,22055478,46.01,9.38165616,0
1506091527,22055456,45.90,5.43478261,1
1506091450,22055432,45.88,0.20000000,1
1506091440,22055428,45.98,0.20000000,0
1506091397,22055422,45.93,16.62581100,0
1506091394,22055417,45.93,19.52373000,0
1506091327,22055356,45.93,0.56124200,0
1506091322,22055350,45.93,8.08544800,0
1506091184,22055266,46.06,7.47700000,1
1506091087,22055229,45.98,21.74858634,0
1506091028,22055180,45.98,0.32535885,0
1506090855,22055119,45.92,10.00000000,1
1506090635,22055004,45.92,9.54328955,0
1506090631,22055001,45.92,11.02670128,0
1506090625,22054991,45.92,9.54329872,0
1506090600,22054961,45.97,17.63000000,1
1506090591,22054957,45.95,0.18769922,0
1506090590,22054955,45.95,17.63000000,1
1506090590,22054954,45.96,23.18230078,1
1506090526,22054887,46.10,40.00000000,0
1506090512,22054875,45.95,26.53620600,0
1506090510,22054871,45.95,28.41610445,0
1506090492,22054832,46.00,3.50000000,0
1506090482,22054810,45.93,44.00000000,0
1506090395,22054742,46.00,9.98000000,1
1506090377,22054720,45.99,14.97000000,1
1506090361,22054705,45.94,8.88220000,1
1506090351,22054698,45.95,14.87020000,1
1506090347,22054689,46.17,15.24378662,0
1506090334,22054684,45.94,23.53400000,1
1506090334,22054683,45.95,14.90000000,1
1506090320,22054637,45.87,2.31972144,1
1506090319,22054636,45.92,2.17627856,1
1506090319,22054635,45.95,16.46000000,1
1506090319,22054634,46.06,1.00000000,1
1506090305,22054624,45.94,52.46761000,1
1506090305,22054623,46.00,1.76369000,1
1506090305,22054622,46.05,22.45710000,1
1506090291,22054614,46.05,7.04890000,1
1506090278,22054601,46.05,3.92920000,1
1506090265,22054597,46.01,3.92920000,1
1506090250,22054578,46.00,18.12370000,1
1506090245,22054571,46.17,18.12362119,0
1506090239,22054569,46.01,18.12370000,1
1506090224,22054554,46.18,64.38258916,0
1506090224,22054553,46.17,22.06197559,0
1506090223,22054551,46.05,18.12370000,1
1506090211,22054530,46.02,18.12370000,1
1506090196,22054528,46.02,20.02990000,1
1506090184,22054522,46.00,42.63140000,1
1506090184,22054521,46.01,20.07000000,1
1506090173,22054511,46.02,2.03207559,1
1506090150,22054479,46.00,150.94824238,0
1506090144,22054476,46.00,19.91434200,0
1506090138,22054471,46.00,0.60782000,0
1506090138,22054468,45.83,0.86430000,1
1506090137,22054463,46.00,100.00000000,0
1506090131,22054446,46.00,45.31012565,0
1506090131,22054444,45.99,35.54000000,0
1506090130,22054440,46.00,23.78129900,0
1506090129,22054438,45.99,23.75281500,0
1506090128,22054431,46.00,5.66197124,0
1506090127,22054428,45.83,9.92657379,1
1506090127,22054425,45.84,2.00000000,1
1506090127,22054423,45.90,2.17722621,1
1506090127,22054421,45.92,0.86620000,1
1506090126,22054415,46.00,28.35282608,0
1506090124,22054409,46.00,14.83304347,0
1506090112,22054394,45.92,0.13380000,1
1506090110,22054385,46.00,28.31913042,0
1506090107,22054377,46.00,28.30021738,0
1506090104,22054355,46.00,28.28173911,0
1506090100,22054347,45.93,0.13380000,1
1506090090,22054336,45.93,5.95810000,1
1506090089,22054333,46.00,2.00000000,0
1506090089,22054331,46.00,4.20913042,0
1506090089,22054330,45.99,3.56000000,0
1506090087,22054325,46.00,7.77065217,0
1506090081,22054306,46.00,34.37108693,0
1506090081,22054304,46.00,156.47673913,0
1506090078,22054300,45.99,4.09595000,0
1506090078,22054299,45.99,0.13405000,0
1506090076,22054289,45.93,5.95810000,1
1506090068,22054274,46.00,10.57195652,0
1506090065,22054268,45.88,8.24160000,1
1506090064,22054267,45.99,0.94000000,1
1506090063,22054266,46.00,7.20000000,0
1506090061,22054261,45.99,5.03000000,1
1506090061,22054260,46.00,20.09097700,0
1506090059,22054257,46.00,47.56369564,0
1506090057,22054244,45.99,5.97000000,0
1506090050,22054235,45.89,84.80000000,1
1506090050,22054233,45.90,15.00000000,1
1506090039,22054223,45.88,99.80000000,1
1506090026,22054210,45.88,19.12870000,1
1506090014,22054187,45.88,19.12870000,1
1506089999,22054165,45.91,39.02090000,1
1506089933,22054061,45.85,4.96934000,0
1506089932,22054055,45.85,15.00000000,1
1506089924,22054041,45.83,59.67630000,1
1506089924,22054040,45.89,18.95020000,1
1506089918,22054026,46.00,1.70358281,0
1506089918,22054025,45.99,0.96052719,0
1506089917,22054022,45.99,1.83537074,0
1506089917,22054020,45.99,3.29354207,0
1506089916,22054019,45.99,1.57056000,0
1506089912,22054011,45.89,78.62650000,1
1506089908,22054006,45.99,3.00108719,0
1506089902,22053991,45.89,19.42330000,1
1506089901,22053989,45.99,22.37000000,1
1506089901,22053988,46.00,151.08724300,0
1506089896,22053978,46.00,3.00043478,0
1506089890,22053960,46.00,38.94295500,0
1506089890,22053959,45.99,9.66000000,0
1506089887,22053954,45.83,21.50600000,1
1506089887,22053952,45.86,78.29400000,1
1506089884,22053940,46.00,32.00000000,0
1506089883,22053935,46.00,8.70078987,0
1506089883,22053933,45.99,11.48000000,0
1506089883,22053932,45.99,23.13881613,0
1506089883,22053931,45.98,17.63000000,1
1506089869,22053913,45.83,4.67370000,1
1506089866,22053908,45.96,12.98683203,0
1506089866,22053907,45.96,4.64316797,0
1506089861,22053896,45.95,48.84896627,0
1506089845,22053877,45.94,2.00000000,1
1506089827,22053869,45.71,9.96010000,1
1506089818,22053866,45.75,1.44860034,0
1506089814,22053861,45.75,46.84000000,0
1506089636,22053657,45.68,66.94190000,1
1506089618,22053643,45.60,20.78019340,1
1506089618,22053642,45.61,29.11980660,1
1506089570,22053491,45.65,4.99000000,1
1506089425,22053272,45.63,17.83485410,1
1506089366,22053201,45.46,29.94000000,1
1506089210,22053072,45.43,11.19040291,1
1506089174,22053048,45.62,2.12770103,0
1506089161,22053037,45.41,2.99400000,1
1506089146,22053031,45.41,2.90194070,1
1506089146,22053030,45.42,43.22365930,1
1506089121,22053012,45.39,2.99400000,1
1506089102,22053006,45.35,2.69090000,1
1506089101,22053005,45.37,1.85000000,1
1506089084,22052998,45.25,16.07738465,1
1506089084,22052997,45.30,1.29881535,1
1506089071,22052994,45.30,0.18900000,1
1506089071,22052993,45.31,24.28400000,1
1506089071,22052991,45.45,17.71996534,0
1506089058,22052987,45.30,2.06582834,1
1506089058,22052985,45.32,2.20507166,1
1506089058,22052983,45.33,19.77500000,1
1506088980,22052926,45.32,53.33320000,1
1506088951,22052911,45.34,0.99800000,1
1506088936,22052908,45.32,15.75990037,1
1506088936,22052907,45.34,2.20409963,1
1506088913,22052882,45.31,0.99800000,1
1506088896,22052863,45.28,17.54594199,1
1506088895,22052862,45.31,2.20555801,1
1506088883,22052857,45.36,1.20160000,1
1506088883,22052856,45.41,1.00000000,1
1506088849,22052847,45.31,2.32640000,1
1506088835,22052839,45.29,8.65170000,1
1506088780,22052677,45.22,3.82344707,0
1506088780,22052676,45.26,2.20799293,1
1506088779,22052675,45.28,8.66856000,1
1506088710,22052646,45.46,5.17969865,0
1506088596,22052575,45.60,3.85000000,1
1506088592,22052573,45.60,118.00000000,0
1506088592,22052572,45.57,1.82000000,0
1506088592,22052571,45.53,114.00000000,0
1506088592,22052570,45.46,126.00000000,0
1506088591,22052569,45.45,0.71000000,0
1506088591,22052568,45.45,9.08000000,0
1506088400,22052502,45.46,18.09800000,0
1506088400,22052501,45.46,11.54000000,0
1506088379,22052497,45.48,2.52748460,0
1506088203,22052439,45.38,1.00000000,0
1506088122,22052408,45.34,1.08561708,0
1506088094,22052391,45.28,2.22000000,1
1506088052,22052327,45.28,2.68944000,1
1506088052,22052326,45.28,0.56126000,1
1506088040,22052310,45.35,0.91431703,0
1506087996,22052288,45.36,4.00000000,0
1506087995,22052285,45.36,1.00000000,0
1506087994,22052283,45.36,5.18532467,0
1506087991,22052276,45.41,1.47852895,0
1506087961,22052241,45.30,3.00000000,1
1506087941,22052230,45.39,20.17100000,0
1506087907,22052188,45.35,7.52713962,0
1506087894,22052132,45.41,13.55901500,0
1506087884,22052130,45.28,1.48374000,1
1506087862,22052108,45.41,13.89000000,0
1506087836,22052094,45.35,1.00000000,0
1506087803,22052078,45.39,0.25999000,0
1506087383,22051812,45.35,1.53616400,0
1506087383,22051811,45.35,4.40839500,0
1506087382,22051809,45.35,11.05544100,0
1506087325,22051730,45.40,15.98868690,0
1506087312,22051701,45.40,85.74389800,0
1506087309,22051696,45.40,6.32606200,0
1506087309,22051695,45.40,1.00020500,0
1506087306,22051690,45.40,8.66242000,0
1506087267,22051660,45.34,8.44719784,0
1506087267,22051659,45.33,9.57156800,0
1506087256,22051636,45.34,16.12358600,0
1506087249,22051623,45.34,7.85326616,0
1506087249,22051622,45.33,0.59393184,0
1506087234,22051608,45.33,15.01720714,0
1506087130,22051445,45.30,5.82440000,1
1506087114,22051428,45.32,3.07590000,1
1506087111,22051425,45.57,0.20699496,0
1506087111,22051424,45.43,0.00000504,0
1506087101,22051418,45.33,3.07590000,1
1506087098,22051405,45.40,15.83861900,0
1506087087,22051380,45.39,2.68670000,1
1506087079,22051369,45.40,68.24264400,0
1506087078,22051368,45.40,10.25058400,0
1506087078,22051367,45.40,177.70000000,0
1506087078,22051366,45.40,9.45264600,0
1506087077,22051364,45.40,34.31394200,0
1506087077,22051361,45.34,72.61457156,1
1506087077,22051360,45.36,2.20312844,1
1506087076,22051359,45.37,9.69000000,1
1506087076,22051358,45.40,21.49100366,0
1506087075,22051356,45.40,10.25058400,0
1506087075,22051355,45.40,40.02598200,0
1506087075,22051353,45.40,68.73140400,0
1506087075,22051347,45.40,177.70000000,0
1506087073,22051339,45.40,213.01459614,0
1506087072,22051335,45.39,68.78204644,0
1506087072,22051332,45.39,5.20530192,0
1506087070,22051328,45.41,63.73867716,1
1506087064,22051327,45.41,10.52032284,1
1506087064,22051326,45.42,73.98737716,1
1506087056,22051316,45.43,28.47360200,0
1506087053,22051306,45.43,121.79245987,0
1506087049,22051294,45.43,3.89299000,0
1506087049,22051293,45.37,72.60400000,1
1506087049,22051292,45.40,16.50600000,1
1506087049,22051291,45.42,10.69000000,1
1506087046,22051283,45.43,14.83491084,0
1506087041,22051274,45.43,12.51000000,0
1506087041,22051273,45.43,13.82105051,0
1506087041,22051272,45.43,57.99016700,0
1506087040,22051271,45.43,104.92510200,0
1506087038,22051266,45.43,68.68525000,0
1506087038,22051265,45.43,9.70563791,0
1506087036,22051263,45.39,81.60530000,1
1506087036,22051262,45.44,10.10000000,1
1506087027,22051260,45.50,103.60976800,0
1506087027,22051259,45.49,10.52000000,0
1506087021,22051255,45.41,84.80000026,1
1506087020,22051254,45.42,14.99999974,1
1506087011,22051248,45.49,12.51000000,0
1506087008,22051247,45.40,38.69300000,1
1506087008,22051245,45.42,61.10700000,1
1506086993,22051217,45.40,32.19150000,1
1506086975,22051213,45.43,99.80000000,1
1506086964,22051209,45.39,8.48300000,1
1506086960,22051206,45.50,2.46262700,0
1506086936,22051168,45.66,3.48390000,1
1506086775,22051068,45.75,1.29559966,0
1506086690,22051035,45.50,0.00000040,0
1506086675,22051029,45.50,6.00000000,0
1506086675,22051026,45.50,63.86771900,0
1506086674,22051024,45.50,23.28600000,0
1506086668,22051021,45.50,214.00000000,0
1506086645,22051017,45.50,9.61457600,0
1506086628,22051008,45.50,1.00000000,0
1506086624,22051005,45.60,13.23170460,1
1506086554,22050945,45.60,6.98600000,1
1506086533,22050869,45.60,10.97800000,1
1506086513,22050862,45.60,7.98400000,1
1506086491,22050857,45.61,1.28962946,0
1506086474,22050843,45.60,24.25615240,1
1506086415,22050804,45.60,1.46481600,1
1506086415,22050798,45.60,35.09932700,1
1506086400,22050788,45.66,6.73894000,0
1506086390,22050778,45.66,28.73609286,0
1506086380,22050775,45.64,16.69000000,0
1506086370,22050765,45.66,14.52496714,0
1506086365,22050760,45.67,62.51011385,1
1506086243,22050679,45.62,0.00000346,0
1506086229,22050666,45.62,43.13165361,0
1506086227,22050663,45.63,5.77697339,1
1506086226,22050662,45.80,1.09136954,1
1506086172,22050616,45.64,6.57000000,0
1506086126,22050598,45.58,50.00000000,1
1506086090,22050574,45.64,1.22567923,0
1506086080,22050564,45.64,10.21450482,0
1506086067,22050553,45.58,223.00000000,1
1506086067,22050552,45.59,15.00000000,1
1506086041,22050533,45.64,109.99995181,0
1506086016,22050518,45.63,49.88400000,1
1506085998,22050510,45.63,0.11600000,1
1506085996,22050508,45.70,40.00000000,1
1506085756,22050347,45.43,8.88220000,1
1506085741,22050340,45.58,8.88220000,1
1506085700,22050314,45.64,0.49644000,0
1506085699,22050312,45.64,1.08450034,0
1506085654,22050279,45.50,40.12360000,1
1506085566,22050207,45.43,10.97800000,1
1506085554,22050202,45.63,2.46955327,0
1506085554,22050201,45.58,0.00009389,0
1506085551,22050196,45.43,8.10998203,1
1506085551,22050195,45.47,2.19780220,1
1506085551,22050194,45.48,2.76701577,1
1506085535,22050187,45.57,13.10100463,0
1506085518,22050167,45.39,9.78109219,1
1506085518,22050166,45.51,2.19490781,1
1506085487,22050138,45.58,2.44490611,0
1506085465,22050120,45.58,11.97600000,1
1506085434,22050095,45.58,7.38430000,1
1506085420,22050085,45.76,1.22486888,0
1506085417,22050078,45.50,59.96103419,1
1506085417,22050076,45.50,12.11000000,1
1506085417,22050074,45.66,12.17616581,1
1506085402,22050044,45.71,8.06290000,1
1506085400,22050041,45.77,29.31992194,0
1506085395,22050034,45.80,0.85669000,1
1506085374,22050018,45.53,1.83311950,1
1506085374,22050017,45.57,2.92000000,1
1506085374,22050016,45.62,2.19058050,1
1506085374,22050014,45.63,23.16600000,1
1506085364,22050003,45.58,27.38970000,1
1506085364,22050002,45.65,2.72000000,1
1506085363,22049999,45.64,21.89678261,1
1506085363,22049998,45.75,13.60000000,1
1506085362,22049997,45.76,14.50200000,1
1506085362,22049996,45.90,0.00121739,1
1506085325,22049964,45.90,0.82240000,1
1506085295,22049951,45.90,8.22386330,0
1506085293,22049947,45.90,0.82361739,0
1506085266,22049938,45.88,10.49314500,0
1506085252,22049926,45.90,1.00000000,0
1506085238,22049913,45.90,4.97067900,0
1506085233,22049901,45.90,2.17854031,0
1506085229,22049886,45.90,1.00230000,0
1506085226,22049880,45.90,31.80100000,0
1506085225,22049877,45.89,32.05543100,0
1506085225,22049874,45.89,9.99935577,0
1506085219,22049857,45.70,4.52900000,1
1506085219,22049856,45.79,1.00000000,1
1506085214,22049852,45.96,7.73114100,0
1506085214,22049851,45.96,6.37932100,0
1506085068,22049649,45.90,0.50000000,1
1506085059,22049640,45.90,0.50000000,1
1506085043,22049631,45.90,0.50000000,1
1506085020,22049621,45.91,1.64280000,1
1506085008,22049610,45.90,1.63941925,1
1506085007,22049609,46.00,0.00338075,1
1506085004,22049606,46.14,18.50931946,1
1506084996,22049602,46.00,1.64280000,1
1506084966,22049566,46.00,5.00000000,0
1506084915,22049516,45.80,28.49110000,1
1506084915,22049515,45.84,15.42000000,1
1506084887,22049486,45.83,9.95710000,1
1506084877,22049484,45.77,0.50000000,1
1506084838,22049431,45.83,2.83000000,0
1506084838,22049430,45.77,14.14000000,0
1506084816,22049361,45.77,17.37000000,0
1506084802,22049338,45.50,0.50000000,1
1506084778,22049324,45.50,99.80000000,1
1506084764,22049310,45.48,99.80000000,1
1506084753,22049305,45.50,42.78430000,1
1506084739,22049291,45.51,42.78430000,1
1506084722,22049277,45.62,0.45400000,0
1506084713,22049268,45.60,0.50000000,0
1506084713,22049267,45.60,82.41100000,0
1506084712,22049266,45.60,17.58900000,0
1506084701,22049254,45.55,17.69503863,0
1506084680,22049230,45.55,24.47000000,0
1506084678,22049228,45.55,18.93415100,0
1506084661,22049205,45.55,7.48125000,0
1506084643,22049191,45.55,48.09036900,0
1506084633,22049182,45.55,0.52405900,0
1506084614,22049143,45.55,0.91604957,0
1506084610,22049140,45.55,15.14894000,0
1506084590,22049131,45.42,0.99800000,1
1506084579,22049127,45.42,0.99800000,1
1506084568,22049116,45.54,0.20000000,0
1506084565,22049114,45.42,35.38800000,1
1506084564,22049113,45.42,64.41200000,1
1506084553,22049103,45.38,29.04900000,1
1506084553,22049102,45.39,70.75100000,1
1506084538,22049082,45.40,99.80000000,1
1506084528,22049075,45.42,29.59200000,1
1506084528,22049074,45.43,70.20800000,1
1506084516,22049065,45.48,96.80600000,1
1506084508,22049058,45.55,16.66806000,0
1506084501,22049049,45.38,54.82900000,1
1506084501,22049047,45.41,41.97700000,1
1506084500,22049046,45.54,8.13462300,0
1506084491,22049034,45.41,77.02300000,1
1506084491,22049033,45.42,22.77700000,1
1506084478,22049009,45.39,70.35800000,1
1506084478,22049008,45.39,29.44200000,1
1506084469,22049004,45.47,26.68838392,0
1506084354,22048909,45.30,50.00000000,1
1506084342,22048903,45.47,1.00000000,0
1506084224,22048847,45.43,1.60343000,0
1506084209,22048834,45.41,2.60003671,0
1506084194,22048821,45.41,1.91388290,0
1506084177,22048803,45.28,30.44200000,1
1506084177,22048802,45.28,69.35800000,1
1506084151,22048796,45.34,15.11080000,1
1506084128,22048784,45.31,1.28150000,1
1506084112,22048776,45.38,6.03888773,0
1506084094,22048771,45.25,17.75695963,1
1506084094,22048769,45.26,32.14304037,1
1506084080,22048754,45.25,10.97800000,1
1506084066,22048746,45.35,34.84130000,1
1506084063,22048742,45.35,15.15870000,1
1506084046,22048733,45.38,8.46233900,0
1506084016,22048715,45.27,16.27140000,1
1506084016,22048714,45.28,7.00000000,1
1506084006,22048709,45.38,0.50000000,0
1506083996,22048701,45.25,1.04700000,1
1506083978,22048690,45.28,13.92310000,1
1506083944,22048674,45.22,1.99600000,1
1506083933,22048672,45.21,0.89820000,1
1506083920,22048668,45.20,2.99400000,1
1506083905,22048662,45.21,0.99800000,1
1506083855,22048626,45.21,0.99400100,1
1506083855,22048624,45.30,1.99999900,1
1506083841,22048611,45.30,0.00000100,0
1506083830,22048591,45.14,79.19183706,0
1506083830,22048590,45.22,2.20994475,1
1506083830,22048589,45.24,17.24000000,1
1506083774,22048544,45.30,8.79999900,0
1506083600,22048388,45.29,31.44412000,0
1506083525,22048348,45.33,6.29591200,0
1506083498,22048330,45.13,37.19245188,0
1506083498,22048329,45.19,18.30000000,1
1506083498,22048328,45.30,2.20604456,1
1506083496,22048326,45.32,50.00000000,1
1506083419,22048231,45.34,6.86125700,0
1506083322,22048122,45.38,42.39269900,0
1506083305,22048111,45.38,1.76000000,0
1506083252,22048086,45.38,28.72375500,0
1506083240,22048081,45.38,16.68000000,0
1506083239,22048080,45.38,16.68000000,0
1506083239,22048079,45.38,16.68000000,1
1506083225,22048066,45.52,20.16170000,0
1506083100,22047954,45.53,29.00000000,0
1506083091,22047941,45.55,28.18300000,0
1506083091,22047940,45.50,5.36100000,0
1506082993,22047891,45.34,0.81540000,1
1506082983,22047879,45.33,5.98800000,1
1506082970,22047875,45.30,10.97800000,1
1506082966,22047873,45.32,1.00000000,1
1506082964,22047872,45.49,0.01100000,1
1506082959,22047869,45.49,10.98900000,1
1506082914,22047843,45.43,1.00000000,1
1506082893,22047820,45.47,9.61618525,1
1506082876,22047804,45.28,10.97800000,1
1506082868,22047798,45.24,0.73952028,1
1506082867,22047797,45.40,0.26047972,1
1506082860,22047748,45.37,0.00000028,0
1506082851,22047743,45.23,1.00000000,1
1506082851,22047742,45.23,20.95800000,1
1506082836,22047728,45.23,15.00000000,1
1506082823,22047690,45.23,59.87668996,1
1506082823,22047689,45.36,0.00331004,1
1506082821,22047688,45.29,4.72745996,0
1506082814,22047684,45.29,85.35728600,0
1506082814,22047683,45.29,3.87850600,0
1506082814,22047682,45.29,47.89591900,0
1506082811,22047677,45.21,70.99000000,1
1506082811,22047676,45.21,28.81000000,1
1506082803,22047665,45.37,4.72746000,0
1506082794,22047655,45.20,78.82000000,1
1506082794,22047654,45.21,20.98000000,1
1506082766,22047635,45.23,6.98600000,1
1506082749,22047602,45.23,1.00000000,1
1506082686,22047517,45.28,91.18000000,1
1506082686,22047516,45.28,8.62000000,1
1506082675,22047498,45.27,1.80320000,1
1506082668,22047488,45.28,1.00000000,1
1506082663,22047482,45.28,49.81520000,1
1506082653,22047464,45.27,32.49010000,1
1506082653,22047463,45.28,17.35000000,1
1506082639,22047423,45.30,2.95060000,1
1506082627,22047391,45.34,10.65628238,1
1506082627,22047389,45.35,11.33271762,1
1506082625,22047377,45.47,2.10330000,0
1506082621,22047355,45.46,49.86473000,0
1506082621,22047350,45.47,0.13124300,0
1506082620,22047347,45.47,3.15670000,0
1506082620,22047346,45.43,2.00000000,0
1506082613,22047321,45.28,12.70000000,1
1506082612,22047316,45.29,0.99760000,1
1506082605,22047301,45.28,8.62000000,0
1506082597,22047280,45.29,100.66000000,0
1506082597,22047278,45.28,10.34000000,0
1506082595,22047274,45.20,34.18897100,0
1506082586,22047266,45.12,7.21640000,1
1506082580,22047261,45.19,18.37794200,0
1506082578,22047256,45.20,15.81102900,0
1506082572,22047247,45.12,7.63620000,1
1506082567,22047238,45.19,7.81611200,0
1506082565,22047233,45.12,6.10705000,1
1506082563,22047232,45.19,0.78000000,1
1506082563,22047230,45.19,17.22000000,0
1506082562,22047229,45.19,89.00000000,0
1506082548,22047206,45.19,10.31838392,1
1506082548,22047205,45.18,17.37000000,0
1506082546,22047201,45.03,3.29670000,1
1506082537,22047187,45.10,1.00000000,0
1506082536,22047185,45.08,1.00000000,0
1506082533,22047176,45.08,10.67340000,0
1506082522,22047152,44.92,28.53150000,1
1506082519,22047147,44.95,16.68000000,0
1506082509,22047141,44.85,6.97660000,1
1506082499,22047112,44.82,12.98360000,1
1506082489,22047105,44.80,37.49950000,1
1506082475,22047102,44.78,37.49950000,1
1506082463,22047096,44.76,12.41300000,1
1506082463,22047095,44.77,37.53700000,1
1506082449,22047071,44.74,32.55000000,1
1506082448,22047070,44.75,17.40000000,1
1506082438,22047050,44.73,2.23080000,1
1506082420,22047030,44.76,0.79920000,1
1506082409,22047020,44.72,32.96615879,1
1506082409,22047019,44.76,2.23264121,1
1506082395,22047008,44.78,14.15190000,1
1506082382,22046987,44.75,14.15190000,1
1506082380,22046981,45.06,0.33177985,0
1506082370,22046958,44.72,8.52828661,1
1506082370,22046957,44.73,27.25600000,1
1506082370,22046956,45.05,14.16571339,1
1506082356,22046939,44.88,7.77030000,1
1506082355,22046938,45.06,3.09440853,0
1506082343,22046927,44.88,1.83720000,1
1506082328,22046925,45.00,6.57750000,1
1506082268,22046883,45.08,4.01374800,0
1506082267,22046879,44.91,22.15370000,1
1506082264,22046872,45.08,4.01169460,0
1506082258,22046870,45.11,22.16803370,1
1506082251,22046861,45.03,22.15370000,1
1506082241,22046855,44.82,16.39190000,1
1506082241,22046854,44.84,5.75680000,1
1506082180,22046826,45.14,1.00000000,0
1506082168,22046822,44.89,73.22800000,1
1506082167,22046821,44.89,26.57200000,1
1506082158,22046817,44.95,47.40736795,1
1506082158,22046816,45.00,30.20000000,1
1506082157,22046815,45.06,22.19263205,1
1506082144,22046783,45.00,60.00000000,1
1506082143,22046781,45.00,99.80000000,1
1506082139,22046778,45.25,16.00069344,0
1506082138,22046776,45.03,6.08899068,0
1506082123,22046760,45.03,99.80000000,1
1506082117,22046706,45.19,5.16687616,1
1506082112,22046699,44.96,9.88310000,1
1506082094,22046662,45.03,7.23640000,1
1506082092,22046655,45.35,0.22000000,1
1506082082,22046635,45.20,6.28690000,1
1506082068,22046620,45.20,3.84810000,1
1506082059,22046601,45.20,47.75110576,1
1506082058,22046600,45.21,16.68000000,1
1506082057,22046599,45.20,49.95000000,1
1506082057,22046598,45.20,16.68000000,1
1506082056,22046596,45.20,16.36000000,0
1506082053,22046594,45.20,0.32000000,1
1506082051,22046592,45.20,16.68000000,0
1506082051,22046590,45.20,2.00000000,0
1506082047,22046589,45.17,7.17650000,1
1506082034,22046582,45.09,6.39360000,1
1506082021,22046576,45.09,34.95660000,1
1506082007,22046572,45.17,0.99800000,1
1506081990,22046548,45.04,0.99800000,1
1506081907,22046471,44.84,7.24320000,1
1506081907,22046470,44.89,6.13000000,1
1506081869,22046446,44.99,5.00000000,0
1506081846,22046405,44.93,17.66000000,0
1506081776,22046318,44.97,8.97974000,0
1506081765,22046306,44.97,2.21066291,1
1506081631,22046070,44.81,73.38850135,1
1506081621,22046052,45.02,1.00000000,0
1506081619,22046051,45.05,6.13760300,0
1506081603,22045990,45.00,6.00000000,0
1506081590,22045977,44.82,7.58630000,1
1506081572,22045972,44.80,6.06290000,1
1506081544,22045949,44.80,0.99760000,1
1506081529,22045918,44.69,26.73360000,1
1506081529,22045917,44.75,11.43000000,1
1506081518,22045910,44.75,98.57000000,1
1506081518,22045909,44.76,1.23000000,1
1506081503,22045895,44.78,0.99800000,1
1506081483,22045846,44.81,7.00000000,1
1506081481,22045840,44.82,1.00000000,1
1506081453,22045785,44.77,10.00000000,1
1506081441,22045771,44.95,1.00000000,0
1506081440,22045768,44.75,10.98081000,1
1506081439,22045767,44.78,2.23000000,1
1506081439,22045766,44.80,3.42589000,1
1506081423,22045731,44.69,41.84084165,1
1506081423,22045729,44.73,0.61080000,1
1506081423,22045728,44.74,6.24799800,1
1506081423,22045727,44.78,2.23000000,1
1506081422,22045726,44.80,48.87036035,1
1506081417,22045723,44.74,93.75200200,1
1506081417,22045722,44.74,6.41931700,0
1506081417,22045721,44.74,13.38468100,0
1506081416,22045718,44.78,36.44400000,0
1506081411,22045717,44.76,3.07450000,1
1506081411,22045716,44.81,0.21550000,1
1506081411,22045715,44.88,7.99000000,1
1506081411,22045714,44.88,8.68000000,1
1506081400,22045703,44.88,8.00000000,1
1506081379,22045693,44.82,29.52325051,1
1506081379,22045692,44.82,3.00000000,1
1506081379,22045691,44.91,0.60840000,1
1506081378,22045690,45.00,3.00000000,1
1506081378,22045689,45.00,2.50000000,1
1506081378,22045688,45.00,15.00000000,1
1506081378,22045687,45.00,0.11200000,1
1506081378,22045686,45.00,4.02214166,1
1506081378,22045685,45.00,20.00000000,1
1506081378,22045684,45.00,0.50000000,1
1506081378,22045683,45.00,21.53420783,1
1506081375,22045679,45.01,10.00000000,1
1506081366,22045650,45.00,28.46579217,1
1506081366,22045649,45.00,10.00000000,1
1506081366,22045648,45.00,3.00000000,1
1506081366,22045647,45.00,58.33420783,1
1506081361,22045644,45.00,283.05546313,1
1506081352,22045589,45.00,99.80000000,1
1506081334,22045574,45.00,99.80000000,1
1506081317,22045557,45.00,14.97000000,1
1506081306,22045542,45.00,14.97000000,1
1506081293,22045525,45.00,49.97500000,1
1506081279,22045510,45.00,84.80000000,1
1506081279,22045509,45.02,15.00000000,1
1506081269,22045453,45.00,11.83610000,1
1506081258,22045409,45.00,40.95130000,1
1506081257,22045408,45.01,5.76040000,1
1506081242,22045367,45.01,40.97460000,1
1506081232,22045297,45.01,3.26500000,1
1506081232,22045296,45.02,37.70960000,1
1506081221,22045286,45.02,3.28540000,1
1506081205,22045266,45.02,7.20000000,1
1506081204,22045265,45.02,8.01600000,1
1506081197,22045243,45.00,241.50792904,1
1506081197,22045242,45.00,1.40000000,1
1506081197,22045241,45.00,10.00000000,1
1506081197,22045240,45.00,1.00000000,1
1506081197,22045238,45.00,2.00000000,1
1506081197,22045237,45.00,2.50000000,1
1506081196,22045236,45.01,232.51917096,1
1506081196,22045235,45.01,96.00000000,1
1506081196,22045234,45.01,113.07290000,1
1506081194,22045230,45.01,5.92710000,1
1506081177,22045224,45.08,5.92710000,1
1506081167,22045221,45.08,2.29973092,1
1506081167,22045220,45.10,0.64786908,1
1506081152,22045214,45.10,2.29890000,1
1506081139,22045205,45.13,6.24690000,1
1506081123,22045202,45.10,7.43630000,1
1506081111,22045195,45.10,6.09650000,1
1506081111,22045194,45.12,0.95000000,1
1506081109,22045192,45.12,5.05000000,0
1506081099,22045189,45.11,8.00000000,0
1506081099,22045187,45.10,33.03350000,1
1506081084,22045177,45.10,1.32740000,1
1506081068,22045172,45.10,30.66970000,1
1506081064,22045165,45.10,50.00000000,1
1506081057,22045164,45.10,4.00450000,1
1506081057,22045163,45.11,7.09000000,1
1506081046,22045159,45.11,2.00000000,0
1506081042,22045158,45.10,1.04450000,1
1506081042,22045157,45.11,10.05000000,1
1506081025,22045139,45.10,0.43930000,1
1506081025,22045138,45.11,11.10000000,1
1506081014,22045120,45.11,12.43360000,1
1506081014,22045119,45.12,0.54000000,1
1506081001,22045089,45.12,34.50580000,1
1506080987,22045086,45.12,6.57380000,1
1506080975,22045082,45.11,6.62670000,1
1506080961,22045077,45.10,8.22690000,1
1506080949,22045069,45.10,0.75870000,1
1506080939,22045043,45.10,24.82360000,1
1506080923,22045026,45.10,8.52580000,1
1506080911,22045009,45.10,20.49980000,1
1506080899,22044980,45.10,29.97510000,1
1506080889,22044897,45.10,2.15900000,1
1506080867,22044749,45.10,0.22880000,1
1506080856,22044705,45.11,0.22880000,1
1506080840,22044660,45.12,2.99400000,1
1506080825,22044626,45.12,6.13100000,1
1506080815,22044615,45.11,0.34090000,1
1506080790,22044590,45.30,49.95000000,1
1506080789,22044588,45.30,225.00000000,1
1506080786,22044585,45.29,4.61161407,0
1506080786,22044584,45.28,12.96000000,0
1506080786,22044583,45.23,117.00000000,0
1506080786,22044582,45.17,118.00000000,0
1506080764,22044550,45.01,32.64102663,1
1506080764,22044549,45.01,1.00000000,1
1506080763,22044548,45.01,1.66042485,1
1506080763,22044547,45.02,8.15927426,1
1506080763,22044546,45.02,6.48927426,1
1506080762,22044545,45.23,18.53900408,0
1506080762,22044544,45.22,2.13215392,0
1506080761,22044536,45.22,0.66784608,0
1506080760,22044530,45.22,1.00000000,0
1506080759,22044528,45.02,6.48927426,0
1506080757,22044519,45.02,1.67000000,0
1506080753,22044497,45.01,6.85660000,1
1506080751,22044483,45.02,65.71856952,0
1506080746,22044460,45.02,5.00000000,0
1506080740,22044435,45.02,5.00000000,0
1506080739,22044432,45.01,1.48297515,1
1506080739,22044431,45.01,1.00000000,1
1506080739,22044429,45.01,0.35000000,1
1506080739,22044428,45.02,7.37292485,1
1506080730,22044402,45.02,45.65207515,1
1506080729,22044401,45.04,3.32000000,1
1506080729,22044400,45.10,1.00286000,1
1506080729,22044399,45.11,0.00006485,1
1506080728,22044397,45.11,126.00000000,0
1506080723,22044383,45.17,5.00000000,0
1506080718,22044361,45.04,0.00010522,0
1506080717,22044357,45.10,17.39989478,0
1506080715,22044354,45.02,45.97500000,1
1506080715,22044353,45.02,1.00000000,1
1506080715,22044352,45.02,3.00000000,1
1506080713,22044351,45.09,0.54540000,1
1506080713,22044350,45.09,2.21335993,1
1506080713,22044349,45.10,1.00000000,1
1506080713,22044348,45.10,100.00000000,1
1506080712,22044347,45.11,4.49000000,1
1506080712,22044346,45.11,0.45000000,1
1506080706,22044311,45.13,26.56802678,1
1506080706,22044308,45.14,10.01947680,1
1506080703,22044278,45.17,4.39450963,0
1506080703,22044277,45.17,11.00000000,0
1506080697,22044264,45.17,35.58545520,0
1506080696,22044253,45.17,2.70444985,0
1506080694,22044245,45.13,36.41080000,1
1506080694,22044239,45.17,10.01948195,0
1506080692,22044234,45.17,72.69061300,0
1506080686,22044211,45.16,51.35000000,1
1506080683,22044191,45.23,15.01857174,0
1506080682,22044185,45.16,20.05000000,1
1506080680,22044169,45.23,14.67935105,0
1506080680,22044168,45.17,0.94023195,0
1506080679,22044164,45.17,20.05976805,1
1506080679,22044162,45.23,8.80756100,0
1506080675,22044146,45.23,23.88224300,0
1506080655,22044098,45.22,0.00047001,0
1506080653,22044090,45.22,37.32623979,0
1506080647,22044081,45.28,16.03280000,1
1506080645,22044078,45.22,95.00000000,1
1506080643,22044071,45.29,55.33406932,0
1506080641,22044062,45.29,15.00198719,0
1506080641,22044061,45.29,25.05012143,0
1506080638,22044049,45.14,6.66670000,1
1506080635,22044046,45.29,15.00220799,0
1506080635,22044044,45.28,40.05869645,0
1506080635,22044043,45.28,5.88743700,0
1506080635,22044039,45.28,6.56049200,0
1506080633,22044038,45.28,21.49337455,0
1506080629,22044030,45.28,15.00110132,0
1506080622,22044013,45.40,15.00110132,0
1506080620,22044007,45.40,0.22000000,0
1506080617,22043998,45.35,15.00110132,0
1506080616,22043995,45.35,0.76820000,0
1506080613,22043994,45.40,10.17158616,0
1506080613,22043993,45.34,2.29999974,0
1506080613,22043992,45.34,2.53000026,0
1506080613,22043990,45.34,12.70000000,0
1506080608,22043983,45.39,14.99999974,0
1506080593,22043970,45.40,15.00110132,1
1506080587,22043964,45.40,0.22000000,0
1506080587,22043961,45.40,15.00110132,0
1506080584,22043957,45.40,1.00000000,0
1506080568,22043922,45.45,10.97909791,0
1506080564,22043918,45.43,22.15087700,0
1506080562,22043901,45.44,20.87193700,0
1506080559,22043882,45.41,0.22000000,0
1506080545,22043850,45.46,15.00065905,0
1506080545,22043849,45.15,11.71430000,1
1506080544,22043846,45.46,0.50109000,0
1506080540,22043837,45.52,15.00065905,0
1506080534,22043811,45.49,15.00065905,0
1506080528,22043768,45.52,75.86724646,0
1506080527,22043763,45.52,10.00000000,0
1506080518,22043744,45.63,14.99999975,1
1506080509,22043734,45.36,2.77309475,1
1506080509,22043733,45.49,19.33700000,1
1506080509,22043732,45.51,2.70690525,1
1506080509,22043731,45.52,25.15800000,1
1506080495,22043723,45.65,11.72580900,1
1506080491,22043719,45.43,1.06550000,1
1506080482,22043717,45.13,37.02117322,1
1506080482,22043716,45.21,108.00000000,1
1506080481,22043715,45.21,40.00000000,1
1506080481,22043714,45.27,120.00000000,1
1506080481,22043713,45.31,3.09000000,1
1506080481,22043712,45.35,136.00000000,1
1506080481,22043711,45.42,137.00000000,1
1506080481,22043710,45.48,94.29310000,1
1506080481,22043709,45.52,116.00000000,1
1506080468,22043703,45.48,14.43010000,1
1506080468,22043702,45.55,1.49000000,1
1506080455,22043683,45.54,3.75640000,1
1506080455,22043682,45.55,44.80100000,1
1506080441,22043673,45.57,46.59940000,1
1506080439,22043671,45.54,30.50350007,1
1506080439,22043670,45.56,5.92000000,1
1506080439,22043669,45.57,48.60569993,1
1506080419,22043656,45.78,1.96000000,0
1506080416,22043653,45.55,8.80503205,1
1506080416,22043652,45.56,2.70346795,1
1506080407,22043645,45.76,5.00000000,0
1506080403,22043639,45.48,3.27680000,1
1506080402,22043638,45.74,16.54000000,0
1506080400,22043637,45.76,1.00000000,0
1506080394,22043633,45.51,6.43239041,1
1506080394,22043632,45.53,6.58000000,1
1506080394,22043631,45.65,1.06450959,1
1506080393,22043630,45.65,2.21580000,1
1506080366,22043615,45.65,23.67420000,1
1506080366,22043614,45.65,2.19000000,1
1506080341,22043598,45.54,41.06000000,1
1506080341,22043597,45.55,1.48000000,1
1506080341,22043596,45.62,7.41000000,1
1506080339,22043594,45.79,12.83118584,0
1506080333,22043591,45.77,30.10569993,0
1506080324,22043588,45.58,41.76000000,1
1506080324,22043587,45.62,8.19000000,1
1506080307,22043578,45.84,12.65684991,1
1506080279,22043561,45.56,3.77876761,1
1506080279,22043560,45.61,10.12000000,1
1506080279,22043559,45.62,6.39093239,1
1506080267,22043546,45.62,23.28708419,1
1506080266,22043545,45.62,6.37331581,1
1506080244,22043522,45.59,8.78409290,1
1506080244,22043521,45.60,11.19000000,1
1506080244,22043520,45.66,6.11980710,1
1506080232,22043514,45.66,0.23580000,1
1506080232,22043513,45.66,16.95700000,1
1506080181,22043482,45.82,20.03746800,0
1506080179,22043480,45.82,9.49890877,0
1506080042,22043386,45.66,6.33970000,1
1506080020,22043376,45.65,3.77764209,1
1506080020,22043375,45.66,6.33825791,1
1506080008,22043368,45.64,2.21384762,1
1506080008,22043367,45.64,2.52145238,1
1506079933,22043294,45.61,32.65287069,1
1506079933,22043293,45.70,0.01442931,1
1506079923,22043292,45.70,14.35770000,1
1506079834,22043260,45.78,30.20300000,1
1506079834,22043259,45.80,19.74700000,1
1506079766,22043242,45.84,49.95000000,1
1506079740,22043236,45.83,1.89810000,1
1506079722,22043226,45.84,49.95000000,1
1506079653,22043189,45.80,4.87620000,1
1506079638,22043178,45.84,30.84920000,1
1506079638,22043177,45.97,2.65566200,0
1506079612,22043166,45.84,49.95000000,1
1506079584,22043155,45.84,39.31970000,1
1506079551,22043140,45.76,44.27570000,1
1506079529,22043135,45.67,0.31942372,1
1506079529,22043134,45.72,1.38847628,1
1506079529,22043133,45.72,3.29350000,1
1506079529,22043131,45.72,3.29350000,1
1506079529,22043130,45.73,3.29350000,1
1506079460,22043089,45.89,41.61500200,0
1506079432,22043072,45.71,3.29350000,0
1506079430,22043071,45.76,25.44500000,1
1506079377,22043028,45.77,3.68070000,1
1506079368,22043024,45.86,21.21950000,1
1506079339,22043009,45.85,28.73850000,1
1506079327,22043005,45.84,13.30340000,1
1506079313,22042996,45.83,24.90010000,1
1506079290,22042948,45.83,49.95000000,1
1506079274,22042939,45.83,0.99800000,1
1506079256,22042932,46.00,37.68826087,0
1506079226,22042915,45.83,28.67730000,1
1506079212,22042899,46.00,10.00000000,0
1506079176,22042839,45.88,22.08100000,0
1506079160,22042825,45.90,12.21806887,0
1506079105,22042803,45.74,0.21160000,1
1506079095,22042797,45.70,20.94060000,1
1506079095,22042796,45.71,14.71000000,1
1506079084,22042784,45.73,0.99610000,1
1506079071,22042767,45.78,17.68000000,0
1506079008,22042653,45.69,12.78330000,1
1506078987,22042639,45.64,3.71260000,1
1506078977,22042637,45.69,6.26750000,1
1506078967,22042634,45.73,54.44690000,1
1506078957,22042628,45.86,6.24750000,1
1506078947,22042620,45.81,6.24750000,1
1506078931,22042566,45.85,66.94190000,1
1506078921,22042557,45.93,51.97190000,1
1506078915,22042552,46.00,6.81079800,0
1506078911,22042547,45.93,14.97000000,1
1506078899,22042522,45.92,4.99000000,1
1506078887,22042517,45.92,14.97000000,1
1506078875,22042510,45.85,2.72660000,1
1506078489,22042226,45.70,0.32000000,1
1506078488,22042224,45.70,16.68000000,0
1506078397,22042182,45.50,1.00000000,0
