date,tid,price,amount,type
1506124411,22081365,0.00004784,145.95610368,0
1506124216,22081300,0.00004789,564.41845896,0
1506123752,22081208,0.00004790,12275.06969634,0
1506123752,22081207,0.00004789,3467.80214968,0
1506123752,22081205,0.00004787,12286.44216398,0
1506123743,22081186,0.00004787,1913.55783602,0
1506123698,22081149,0.00004786,6509.84237696,0
1506123698,22081148,0.00004782,1471.54976304,0
1506123673,22081137,0.00004770,0.00000257,0
1506123574,22081051,0.00004770,331.43453000,0
1506123330,22080775,0.00004767,198.78959513,0
1506123196,22080714,0.00004753,155.97184245,1
1506123188,22080709,0.00004748,0.69808028,1
1506123188,22080708,0.00004753,155.09016870,1
1506123178,22080682,0.00004748,260.86766659,1
1506123172,22080674,0.00004762,229.91166822,1
1506123155,22080664,0.00004749,155.55555432,1
1506123154,22080663,0.00004761,0.00000123,1
1506123154,22080662,0.00004761,70.66755000,1
1506123148,22080651,0.00004749,0.23269342,1
1506123148,22080649,0.00004753,155.09016870,1
1506123126,22080640,0.00004753,155.09016870,0
1506123124,22080636,0.00004750,191.65694285,1
1506123065,22080620,0.00004752,42.30000000,1
1506123017,22080603,0.00004764,299.41918556,0
1506122747,22080441,0.00004774,2005.87746125,0
1506121635,22080221,0.00004782,482.42367210,0
1506120923,22080022,0.00004769,1205.02657100,1
1506120844,22079986,0.00004779,531.04310525,0
1506120809,22079938,0.00004777,516.64219300,0
1506120173,22079754,0.00004746,1099.79717700,1
1506120163,22079743,0.00004753,1060.53420763,1
1506120094,22079709,0.00004755,2672.73481597,1
1506120037,22079681,0.00004750,8699.32863700,1
1506120010,22079672,0.00004751,437.39595300,0
1506119972,22079649,0.00004752,207.24293058,0
1506119951,22079647,0.00004752,336.63328916,0
1506119898,22079624,0.00004749,0.27974516,0
1506119896,22079620,0.00004749,336.63328916,0
1506119819,22079552,0.00004747,1417.09520000,1
1506119288,22079345,0.00004758,874.06335297,1
1506119287,22079344,0.00004761,208.93741303,1
1506119254,22079318,0.00004758,1090.59996133,0
1506119230,22079308,0.00004757,1101.47120800,1
1506118915,22079189,0.00004752,1115.36646691,1
1506118836,22079137,0.00004752,1078.51739959,0
1506118822,22079132,0.00004752,1085.23883423,0
1506118808,22079124,0.00004744,507.00000000,1
1506118724,22079084,0.00004754,632.88073202,0
1506118426,22078969,0.00004761,879.11860800,1
1506118395,22078950,0.00004773,1044.94678399,0
1506118387,22078937,0.00004757,706.19880000,0
1506118215,22078795,0.00004753,18.31687941,0
1506118202,22078785,0.00004755,1790.44948169,0
1506118151,22078676,0.00004752,1647.39750841,0
1506118121,22078633,0.00004745,4305.98769800,0
1506118062,22078510,0.00004743,805.48975400,1
1506117884,22078312,0.00004751,635.92090581,1
1506117876,22078300,0.00004752,203.00000000,1
1506117851,22078280,0.00004752,203.00000000,1
1506117762,22078219,0.00004752,3045.00000000,1
1506117736,22078153,0.00004751,203.00000000,1
1506117733,22078145,0.00004751,203.00000000,1
1506117730,22078138,0.00004752,908.75678800,1
1506117729,22078137,0.00004766,1389.80927402,1
1506117729,22078136,0.00004766,3968.61505431,0
1506117717,22078123,0.00004757,288.00000000,1
1506117716,22078122,0.00004760,264.36848739,1
1506117661,22078080,0.00004775,5822.82722513,0
1506117609,22078034,0.00004760,384.26543100,1
1506117571,22078007,0.00004760,617.74733700,1
1506117552,22077995,0.00004760,2045.00000000,1
1506117551,22077994,0.00004760,203.00000000,1
1506117465,22077890,0.00004760,1289.22000000,1
1506117427,22077773,0.00004773,904.76215816,1
1506117427,22077766,0.00004773,1826.60919600,1
1506116998,22077375,0.00004774,856.20674486,0
1506116996,22077374,0.00004770,188.67924528,0
1506116940,22077357,0.00004760,434.54691254,1
1506116940,22077356,0.00004761,7376.77777546,1
1506116857,22077288,0.00004778,998.48158225,0
1506116727,22077141,0.00004778,630.33549602,0
1506116229,22076914,0.00004767,3045.00000000,0
1506116150,22076852,0.00004779,1043.63486085,0
1506116026,22076751,0.00004779,7966.72223384,0
1506115925,22076693,0.00004775,401.79774100,1
1506115566,22076476,0.00004790,640.47912317,0
1506115566,22076474,0.00004785,4997.70348970,0
1506115564,22076464,0.00004784,9650.02608635,0
1506115433,22076409,0.00004779,529.99372253,0
1506115230,22076227,0.00004785,55.36777000,0
1506115128,22076059,0.00004783,1356.17468441,1
1506114960,22075697,0.00004778,526.84533277,0
1506114550,22075213,0.00004779,2542.63322300,0
1506114518,22075174,0.00004782,625.47218736,1
1506114466,22075047,0.00004773,0.00000039,1
1506114463,22075041,0.00004774,710.41495601,0
1506114386,22074966,0.00004773,3629.37658400,1
1506114333,22074929,0.00004773,9690.55637700,1
1506114310,22074906,0.00004773,880.06703861,1
1506114310,22074905,0.00004776,2631.59547739,1
1506114127,22074730,0.00004776,320.00000000,0
1506113786,22074491,0.00004773,250.00000000,1
1506113751,22074459,0.00004772,1413.14430000,1
1506113633,22074393,0.00004776,530.35008375,0
1506113493,22074356,0.00004776,428.42399497,0
1506113473,22074351,0.00004760,10783.48572585,1
1506113470,22074348,0.00004760,66.04839273,1
1506113421,22074285,0.00004774,50.91751171,0
1506113385,22074216,0.00004757,1274.01924370,0
1506113382,22074203,0.00004757,12393.44440217,0
1506113382,22074202,0.00004757,1000.00000000,1
1506113382,22074201,0.00004758,1000.00000000,1
1506113382,22074200,0.00004759,340.20271712,1
1506113381,22074199,0.00004767,1439.32870000,1
1506113381,22074197,0.00004769,500.00000000,1
1506113381,22074195,0.00004770,3136.79245283,1
1506113381,22074193,0.00004770,400.00000000,1
1506113381,22074190,0.00004772,1699.03786418,1
1506113378,22074177,0.00004791,354.30325731,0
1506113347,22074159,0.00004793,6930.94095556,0
1506113339,22074155,0.00004781,1722.84486100,1
1506113333,22074154,0.00004792,283.39725806,1
1506113287,22074136,0.00004786,243.65508019,0
1506113238,22074088,0.00004781,263.66374943,1
1506113235,22074085,0.00004780,5724.15040000,1
1506113213,22074054,0.00004780,5571.07640000,1
1506113168,22073959,0.00004781,5840.66970300,1
1506113166,22073957,0.00004786,100.00000000,0
1506113110,22073881,0.00004790,350.00000000,0
1506113106,22073868,0.00004786,343.65508019,1
1506113046,22073785,0.00004804,2534.25000000,0
1506113046,22073784,0.00004803,1591.38407544,0
1506113044,22073782,0.00004789,208.81186051,0
1506113041,22073778,0.00004784,683.74979096,0
1506112961,22073656,0.00004788,153.76176453,1
1506112954,22073647,0.00004788,153.53966970,1
1506112948,22073628,0.00004787,153.24210404,1
1506112898,22073559,0.00004800,1414.25720000,1
1506112890,22073534,0.00004805,109.88137356,0
1506112613,22073094,0.00004796,270.13594662,0
1506112401,22072698,0.00004798,1316.00958733,0
1506111981,22072203,0.00004785,951.43209255,0
1506111944,22072164,0.00004788,850.83521303,0
1506111801,22072027,0.00004803,2305.22590047,0
1506111748,22071997,0.00004799,100.00000000,1
1506111721,22071951,0.00004800,328.96916667,1
1506111598,22071797,0.00004809,229.63775659,0
1506111598,22071796,0.00004801,1041.92090581,0
1506111598,22071795,0.00004799,1000.00000000,0
1506111597,22071794,0.00004798,1720.03648760,0
1506111597,22071793,0.00004798,45.00000000,0
1506111595,22071792,0.00004782,1791.55579093,0
1506111595,22071791,0.00004784,629.63260907,1
1506111587,22071770,0.00004797,1655.11304713,0
1506111575,22071755,0.00004782,1428.15380000,1
1506111573,22071748,0.00004794,3431.34864637,1
1506111572,22071741,0.00004785,303.22610363,0
1506111572,22071740,0.00004783,573.44050000,0
1506111563,22071699,0.00004785,1741.55830335,0
1506111562,22071694,0.00004785,2255.21559302,0
1506111034,22071272,0.00004778,578.10400000,1
1506110932,22071230,0.00004791,924.58888932,0
1506110932,22071229,0.00004786,2005.89994391,0
1506110742,22071122,0.00004781,230.40000000,1
1506110536,22070988,0.00004774,234.59215200,0
1506110529,22070983,0.00004784,2670.80434391,1
1506110528,22070980,0.00004784,580.64706000,1
1506110527,22070979,0.00004784,1748.92291067,1
1506110513,22070945,0.00004796,30920.80439639,0
1506110513,22070942,0.00004795,705.58300563,0
1506110513,22070940,0.00004785,1176.64222798,0
1506110510,22070921,0.00004785,2351.27280015,0
1506110505,22070882,0.00004785,2250.01570539,0
1506110503,22070866,0.00004784,116.59486071,0
1506110500,22070855,0.00004772,145.10856264,0
1506110247,22070677,0.00004770,136.40399147,1
1506110246,22070676,0.00004771,439.99641853,1
1506110239,22070666,0.00004777,150.34624241,0
1506110147,22070578,0.00004785,319.94670846,0
1506110094,22070544,0.00004782,1579.40025094,0
1506110055,22070530,0.00004765,99.72762660,1
1506109884,22070395,0.00004781,537.86509098,0
1506109691,22070313,0.00004785,1153.31724137,1
1506109682,22070310,0.00004763,5275.62679965,0
1506109682,22070309,0.00004766,3490.88899565,1
1506109680,22070308,0.00004775,44.67151600,1
1506109579,22070243,0.00004775,2455.32848400,1
1506108950,22069789,0.00004786,3699.90096113,0
1506108950,22069787,0.00004784,337.87625418,0
1506108948,22069786,0.00004780,130.51765903,0
1506108878,22069693,0.00004771,50.00000000,1
1506108850,22069675,0.00004774,431.95831183,0
1506108750,22069627,0.00004786,10556.89427496,0
1506108750,22069625,0.00004785,886.47776912,0
1506108748,22069624,0.00004784,19827.94900000,0
1506108503,22069543,0.00004773,951.20419186,0
1506108503,22069542,0.00004773,206.42201834,1
1506108413,22069520,0.00004789,1691.23303403,0
1506108411,22069518,0.00004788,1053.24091380,0
1506108313,22069456,0.00004794,200.00000000,0
1506108283,22069435,0.00004796,4528.82068390,0
1506108283,22069434,0.00004795,110.00000000,0
1506108281,22069431,0.00004788,8047.79189110,0
1506108281,22069430,0.00004788,1251.37534314,0
1506108189,22069406,0.00004770,6436.67000000,1
1506108130,22069392,0.00004787,632.47232086,0
1506107695,22069217,0.00004777,313.22147792,0
1506107586,22069151,0.00004775,795.47361809,0
1506107538,22069080,0.00004775,2914.43870900,0
1506107357,22068939,0.00004780,3789.14501000,0
1506107353,22068924,0.00004780,117.01060784,0
1506107352,22068913,0.00004780,1755.15911764,0
1506107305,22068861,0.00004780,1755.47800000,0
1506107166,22068781,0.00004763,1255.74573101,1
1506107166,22068780,0.00004765,130.51765903,1
1506107088,22068731,0.00004762,533.47700000,1
1506107087,22068730,0.00004762,200.00000000,1
1506107040,22068676,0.00004773,350.00000000,0
1506106818,22068396,0.00004780,3178.45188284,0
1506106561,22068284,0.00004790,535.82755741,1
1506106561,22068282,0.00004780,436.45912365,0
1506106191,22068093,0.00004780,253.26799163,0
1506106191,22068092,0.00004778,16.00000000,0
1506106190,22068089,0.00004770,0.00000033,0
1506106056,22067984,0.00004770,14999.99999967,0
1506106056,22067983,0.00004768,0.00000033,0
1506106046,22067980,0.00004768,2166.10321300,0
1506105858,22067925,0.00004768,167.36661074,0
1506105762,22067827,0.00004768,5502.18393456,0
1506105689,22067757,0.00004768,2236.16411276,0
1506105667,22067728,0.00004767,2777.69454579,0
1506105667,22067727,0.00004765,191.92403621,0
1506105662,22067722,0.00004765,709.82878100,0
1506105650,22067712,0.00004765,1175.00000000,0
1506105623,22067664,0.00004765,2452.04099095,0
1506105609,22067648,0.00004765,2435.81591913,0
1506105596,22067636,0.00004765,2415.54472692,0
1506105583,22067618,0.00004765,2019.84554579,0
1506105530,22067546,0.00004764,117.77154230,0
1506105529,22067543,0.00004764,1766.57313457,0
1506105399,22067470,0.00004760,1124.57037815,0
1506105224,22067359,0.00004765,10191.02329485,1
1506105224,22067358,0.00004765,3491.43105982,0
1506105063,22067163,0.00004765,695.79895068,0
1506105008,22067152,0.00004765,7212.76998950,0
1506105008,22067151,0.00004765,4202.88625394,0
1506104878,22067066,0.00004758,1052.43400588,0
1506104861,22067059,0.00004758,314.47225725,0
1506104835,22067050,0.00004736,1548.95230000,1
1506104835,22067049,0.00004736,1451.04770000,1
1506104435,22066939,0.00004747,350.00000000,1
1506103705,22066603,0.00004765,1334.30451206,0
1506103306,22066318,0.00004765,1862.68016789,0
1506103306,22066317,0.00004763,2348.35825617,0
1506103306,22066316,0.00004754,7201.17501963,0
1506103304,22066315,0.00004753,11242.10973168,0
1506103278,22066302,0.00004754,770.88734000,0
1506103251,22066281,0.00004754,2690.34403500,0
1506103242,22066264,0.00004754,641.48990323,0
1506103182,22066202,0.00004754,2696.10370214,0
1506103112,22066161,0.00004753,2485.12666000,0
1506102587,22065812,0.00004747,1124.50000000,0
1506102170,22065550,0.00004756,1323.89066442,0
1506102168,22065548,0.00004755,144.29424980,0
1506101913,22065426,0.00004755,5844.00000000,1
1506101895,22065420,0.00004756,503.28000000,0
1506101385,22065113,0.00004755,503.28000000,1
1506101203,22065071,0.00004751,1588.01052410,0
1506101141,22065035,0.00004745,2102.22592202,0
1506101037,22065016,0.00004748,2729.13963774,0
1506101026,22065002,0.00004749,508.47020425,0
1506101024,22064999,0.00004739,157.93556085,0
1506101024,22064998,0.00004739,157.63723150,0
1506100851,22064797,0.00004736,880.83905924,1
1506100851,22064796,0.00004737,9594.14894342,1
1506100851,22064795,0.00004742,1465.43200000,1
1506100789,22064731,0.00004722,2387.84645020,0
1506100789,22064730,0.00004744,1467.85930000,1
1506100787,22064728,0.00004745,144.29424980,1
1506100716,22064699,0.00004758,62.46000000,0
1506100691,22064684,0.00004755,1997.00000000,0
1506100575,22064588,0.00004752,1049.45286195,0
1506100481,22064424,0.00004749,210.04548326,0
1506100475,22064420,0.00004749,2576.94200000,0
1506100280,22064351,0.00004756,756.12862100,0
1506100029,22064182,0.00004756,541.11984861,0
1506099820,22064076,0.00004753,49.66168735,0
1506099406,22063865,0.00004716,19747.33996852,1
1506099406,22063864,0.00004716,120.59847000,0
1506099405,22063863,0.00004725,766.23184699,1
1506099405,22063862,0.00004725,118.56053286,1
1506099405,22063861,0.00004725,212.35660932,1
1506099405,22063860,0.00004725,247.39534000,1
1506099405,22063859,0.00004725,2364.78587487,1
1506099405,22063857,0.00004725,6312.82598000,1
1506099404,22063856,0.00004730,12640.99499800,1
1506099404,22063855,0.00004730,14000.00000000,0
1506099404,22063854,0.00004734,1458.96810000,0
1506099404,22063853,0.00004740,2218.50000000,1
1506099402,22063852,0.00004743,9791.44227944,1
1506099231,22063793,0.00004762,1350.86077278,0
1506099163,22063775,0.00004762,568.38177236,0
1506098956,22063692,0.00004761,4421.05294038,1
1506098956,22063691,0.00004761,9221.69900575,1
1506098791,22063614,0.00004752,2367.63468013,0
1506098637,22063425,0.00004747,574.08594902,0
1506098530,22063301,0.00004737,1309.12898458,0
1506098498,22063242,0.00004730,1403.86595300,1
1506098471,22063231,0.00004733,16598.31086836,0
1506098398,22063190,0.00004730,955.13904900,1
1506098187,22063062,0.00004753,628.31327582,0
1506098139,22063023,0.00004752,3096.95705297,0
1506098123,22063008,0.00004733,211.28248468,1
1506097724,22062594,0.00004757,287.03321421,0
1506097652,22062564,0.00004760,1672.75695585,0
1506097651,22062563,0.00004759,327.24304415,0
1506097618,22062548,0.00004761,60.91031295,0
1506097616,22062547,0.00004760,1452.74936975,0
1506097605,22062544,0.00004760,46.05063025,0
1506097514,22062514,0.00004760,540.85525210,0
1506097355,22062433,0.00004761,2704.09010712,0
1506097025,22062221,0.00004765,200.12906611,0
1506096979,22062194,0.00004764,540.05520570,0
1506096762,22062057,0.00004745,210.74815595,1
1506096761,22062053,0.00004745,752.27211984,1
1506096610,22061916,0.00004764,137.74874055,0
1506096493,22061858,0.00004763,151.69366276,0
1506096485,22061852,0.00004764,1000.85621327,0
1506096448,22061795,0.00004764,496.34881087,0
1506096402,22061716,0.00004763,506.87917369,0
1506096367,22061651,0.00004763,454.00004083,0
1506096223,22061444,0.00004764,2714.29261125,0
1506096061,22061379,0.00004766,541.00000000,0
1506095985,22061325,0.00004768,292.89177852,0
1506095937,22061285,0.00004766,4907.71688300,0
1506095926,22061270,0.00004759,256.05472386,0
1506095903,22061122,0.00004759,2304.49251469,0
1506095883,22061074,0.00004759,505.44000000,0
1506095881,22061069,0.00004760,8709.83000000,1
1506095881,22061068,0.00004761,3224.18276145,1
1506095783,22060970,0.00004765,646.82623294,0
1506095769,22060957,0.00004769,505.44000000,0
1506095758,22060944,0.00004769,505.44000000,0
1506095716,22060901,0.00004771,511.75800000,0
1506095710,22060889,0.00004771,62.86410000,1
1506095704,22060880,0.00004770,628.26192000,1
1506095670,22060798,0.00004772,409.50000000,0
1506095643,22060757,0.00004770,775.58609676,1
1506095389,22060284,0.00004766,208.00000000,0
1506095382,22060260,0.00004737,42208.46289000,1
1506095382,22060258,0.00004753,1469.66020000,1
1506095382,22060257,0.00004757,2211.50000000,1
1506095380,22060254,0.00004758,4110.37691000,1
1506095335,22060194,0.00004768,2031.30000000,0
1506095194,22060040,0.00004760,993.69747899,1
1506095178,22060016,0.00004761,1172.20000000,1
1506094996,22059771,0.00004774,121.13280000,0
1506094991,22059762,0.00004772,1211.26491000,1
1506094820,22059330,0.00004777,4071.31200000,1
1506094810,22059278,0.00004765,361.46041131,0
1506094802,22059224,0.00004765,3614.60411312,0
1506094799,22059204,0.00004766,1006.37127000,1
1506094622,22058790,0.00004727,20887.56156444,1
1506094622,22058789,0.00004728,16687.18635404,1
1506094621,22058787,0.00004744,572.13239148,1
1506094621,22058786,0.00004747,1443.05760000,1
1506094621,22058785,0.00004748,7557.48691147,0
1506094620,22058782,0.00004761,2852.57517857,1
1506094591,22058714,0.00004775,7557.48691100,0
1506094519,22058634,0.00004757,1457.48430000,1
1506094354,22058439,0.00004776,5117.02303183,1
1506094317,22058382,0.00004778,144.00000000,0
1506094229,22058153,0.00004775,109.71120000,0
1506094190,22058040,0.00004772,220.68859101,0
1506094180,22058000,0.00004772,0.00000301,0
1506094180,22057998,0.00004772,766.23184699,0
1506094163,22057945,0.00004772,118.56053286,0
1506094162,22057944,0.00004772,212.35660932,0
1506094153,22057908,0.00004772,247.39534000,0
1506094150,22057897,0.00004772,2364.78587487,0
1506094122,22057800,0.00004772,6312.82598000,0
1506093910,22057400,0.00004756,7203.36009664,0
1506093874,22057381,0.00004756,1056.23723028,0
1506093872,22057379,0.00004756,1998.16844600,0
1506093853,22057371,0.00004756,1048.57022708,0
1506093827,22057363,0.00004756,2693.66400000,0
1506093799,22057355,0.00004749,3097.73679830,1
1506093729,22057304,0.00004755,180.87431926,0
1506093698,22057232,0.00004755,112.97350054,0
1506093698,22057231,0.00004755,1199.86369388,0
1506093676,22057215,0.00004755,1078.05251471,0
1506093663,22057207,0.00004755,1189.92010123,0
1506093650,22057185,0.00004755,983.76014700,0
1506093637,22057175,0.00004755,1093.06682789,0
1506093619,22057141,0.00004755,693.55416869,0
1506093580,22057066,0.00004755,954.74402360,0
1506093566,22057040,0.00004755,954.74402300,0
1506093210,22056757,0.00004734,572.02191580,1
1506092864,22056491,0.00004741,1452.29450000,0
1506092668,22056384,0.00004756,551.14781328,0
1506092668,22056383,0.00004756,957.68406451,0
1506092429,22056216,0.00004735,31872.28510000,1
1506092391,22056185,0.00004740,1312.98680500,0
1506092386,22056180,0.00004729,101.24804398,0
1506092379,22056173,0.00004726,1608.33400000,0
1506092378,22056171,0.00004726,1163.31790000,0
1506092339,22056156,0.00004731,1363.64929000,0
1506092335,22056154,0.00004726,1433.76380000,1
1506092294,22056138,0.00004731,82.19971000,0
1506092270,22056110,0.00004725,584.09341300,0
1506092268,22056107,0.00004725,235.30037000,0
1506092266,22056101,0.00004725,217.78018389,0
1506092265,22056096,0.00004725,90.00000000,0
1506092259,22056082,0.00004725,1442.61380000,0
1506092256,22056078,0.00004725,221.58013892,0
1506092256,22056077,0.00004725,3545.48246451,1
1506092246,22056067,0.00004727,95.22160000,1
1506092246,22056065,0.00004729,1334.90000000,1
1506092156,22055922,0.00004726,863.83935485,0
1506092150,22055915,0.00004726,580.53914515,0
1506092110,22055897,0.00004745,1333.36691253,0
1506091924,22055772,0.00004729,35.15170000,0
1506091923,22055771,0.00004730,1421.00000000,1
1506091876,22055736,0.00004726,240.05850000,1
1506091875,22055735,0.00004729,1422.64150000,1
1506091875,22055734,0.00004735,45.00000000,1
1506091391,22055415,0.00004750,129.85730000,0
1506091309,22055344,0.00004754,2089.64387883,0
1506090591,22054956,0.00004743,3024.35921100,0
1506090584,22054952,0.00004743,16611.59380661,0
1506090381,22054726,0.00004716,1611.57307307,1
1506090380,22054725,0.00004716,828.97874443,1
1506090237,22054565,0.00004738,59.15618404,0
1506090097,22054344,0.00004730,639.68900634,0
1506089927,22054047,0.00004715,1915.36612216,1
1506089927,22054046,0.00004716,1303.08078028,1
1506089927,22054045,0.00004717,3599.14589756,1
1506089742,22053759,0.00004734,421.41951837,0
1506089716,22053748,0.00004734,72.00000000,0
1506089702,22053730,0.00004718,157.09313916,1
1506089647,22053669,0.00004734,737.43134769,0
1506089558,22053466,0.00004734,50.00000000,0
1506089445,22053280,0.00004743,2778.32679738,0
1506089177,22053053,0.00004721,91.94567506,1
1506089177,22053052,0.00004722,438.42078000,1
1506089173,22053047,0.00004723,366.92103227,1
1506089173,22053046,0.00004727,186.11677064,1
1506089168,22053043,0.00004725,547.21850111,1
1506089013,22052961,0.00004740,14000.00000000,0
1506088943,22052909,0.00004747,9241.94567277,0
1506088772,22052673,0.00004749,1177.16492380,0
1506088725,22052651,0.00004750,1307.34676511,0
1506088705,22052640,0.00004774,4028.69271051,1
1506088704,22052639,0.00004757,3536.92038836,0
1506088704,22052638,0.00004750,888.23133031,0
1506088702,22052637,0.00004740,1416.73210000,0
1506088681,22052616,0.00004750,1497.18656969,0
1506088662,22052600,0.00004740,49.64848070,0
1506088661,22052598,0.00004740,1416.73211930,0
1506088542,22052548,0.00004751,417.00000000,1
1506088423,22052517,0.00004734,3158.89601035,0
1506088418,22052516,0.00004734,128.70000000,0
1506088417,22052515,0.00004734,1437.80700000,0
1506088416,22052514,0.00004735,1447.71450000,1
1506088416,22052513,0.00004736,3912.75809820,1
1506088416,22052512,0.00004737,1128.80000000,1
1506088401,22052504,0.00004735,7.01859138,1
1506088401,22052503,0.00004736,16612.93650862,1
1506088048,22052319,0.00004745,3577.90752300,1
1506087965,22052247,0.00004768,209.20847315,0
1506087759,22052061,0.00004759,168.64257196,0
1506087671,22052006,0.00004760,0.00000023,1
1506087659,22052003,0.00004760,4379.26791300,1
1506087635,22051997,0.00004760,155.60667728,1
1506087631,22051987,0.00004760,2939.28827319,1
1506087617,22051982,0.00004760,3492.22369092,0
1506087513,22051901,0.00004760,2515.96638655,1
1506087486,22051875,0.00004761,1252.20226843,0
1506087391,22051818,0.00004760,1017.66616000,0
1506087366,22051785,0.00004761,9787.37590869,1
1506087264,22051655,0.00004755,974.77610682,0
1506087250,22051626,0.00004755,2487.75897306,0
1506087223,22051596,0.00004755,761.09359000,0
1506087218,22051589,0.00004755,668.45467928,0
1506087216,22051584,0.00004753,2015.27479884,0
1506087212,22051578,0.00004753,2246.68414247,0
1506087207,22051567,0.00004753,2313.83812802,0
1506087194,22051530,0.00004753,2036.95319328,0
1506087052,22051302,0.00004753,387.24973700,0
1506086596,22050994,0.00004735,4145.70251800,1
1506086568,22050950,0.00004747,1008.64314304,0
1506086540,22050902,0.00004735,244.56618369,1
1506086540,22050899,0.00004735,4500.00000000,1
1506086279,22050698,0.00004750,542.49263157,0
1506086274,22050696,0.00004735,109.73129792,1
1506086009,22050515,0.00004750,126.00063158,0
1506085916,22050453,0.00004736,54.83212401,1
1506085731,22050331,0.00004751,280.16143969,0
1506085730,22050330,0.00004751,1231.99740352,0
1506085673,22050292,0.00004751,727.77798000,0
1506085673,22050291,0.00004745,99.98000000,0
1506085453,22050106,0.00004738,423.82396386,1
1506085453,22050105,0.00004740,1018.57373614,1
1506085095,22049675,0.00004730,201.03493297,1
1506085090,22049665,0.00004730,1341.23418162,1
1506085085,22049659,0.00004730,1304.83259498,1
1506085081,22049656,0.00004730,1170.81363959,1
1506085080,22049652,0.00004744,671.97976391,0
1506084989,22049597,0.00004730,874.16800000,1
1506084925,22049536,0.00004742,63.10649515,0
1506084864,22049471,0.00004727,758.55295972,1
1506083264,22048091,0.00004765,418.67785939,0
1506082983,22047881,0.00004734,575.02731249,1
1506082680,22047505,0.00004719,632.24541207,1
1506082105,22046685,0.00004748,460.00000000,1
1506082054,22046595,0.00004748,1556.12649000,1
1506081652,22046121,0.00004775,641.61172774,0
1506081005,22045105,0.00004760,4500.00000000,0
1506081002,22045093,0.00004760,313.21510453,0
1506080984,22045084,0.00004760,1325.34243697,0
1506080427,22043661,0.00004746,1350.00000000,0
1506080400,22043636,0.00004746,224.72987779,0
1506080206,22043502,0.00004743,3150.74130297,0
1506080054,22043401,0.00004744,731.44940978,0
1506080053,22043400,0.00004743,1465.15568732,0
1506079546,22043138,0.00004743,2465.31224963,0
1506079384,22043034,0.00004725,800.00000000,1
1506079207,22042896,0.00004720,67.40715902,0
1506079167,22042832,0.00004741,98.56928917,0
1506079165,22042829,0.00004738,2006.70000000,0
1506078788,22042466,0.00004740,104.33080168,1
1506078737,22042444,0.00004722,2700.00000000,1
1506078681,22042411,0.00004744,209.95579877,0
1506078671,22042393,0.00004746,1269.09165613,0
1506078670,22042392,0.00004746,163.92751790,0
1506078663,22042362,0.00004749,137.29206148,0
1506078627,22042345,0.00004756,347.78280067,0
1506078523,22042255,0.00004732,1084.30000000,1
1506078192,22042056,0.00004760,50.19006000,0
1506077379,22040913,0.00004753,498.24000000,0
1506077299,22040783,0.00004752,498.24000000,0
1506077260,22040697,0.00004750,498.24000000,0
1506077240,22040667,0.00004752,498.24000000,0
1506076885,22040366,0.00004754,632.00000000,0
1506076840,22040332,0.00004737,836.95913600,1
1506076836,22040325,0.00004738,1764.31756200,1
1506076446,22039872,0.00004770,355.50524109,0
1506076388,22039764,0.00004765,500.60673000,0
1506076385,22039758,0.00004766,203.35328400,1
1506076344,22039718,0.00004766,246.34323600,1
1506076104,22039483,0.00004772,633.00963956,0
1506075606,22039140,0.00004767,0.00000035,1
1506075529,22039100,0.00004767,36331.49855500,1
1506075516,22039091,0.00004767,2053.84882400,1
1506075474,22039016,0.00004767,632.26537500,1
1506075349,22038911,0.00004759,500.00000000,1
1506075270,22038842,0.00004774,7131.22727272,0
1506075270,22038841,0.00004773,3994.82942814,0
1506075268,22038835,0.00004767,2041.34512000,0
1506075248,22038796,0.00004767,164.95488000,0
1506075071,22038567,0.00004761,1329.72232724,0
1506074783,22038338,0.00004773,27542.82254347,0
1506074783,22038337,0.00004772,4746.33199383,0
1506074783,22038336,0.00004770,597.57807629,0
1506074781,22038335,0.00004768,160.00000000,0
1506074455,22037932,0.00004760,2828.95581000,0
1506074455,22037929,0.00004758,4406.32212000,0
1506074449,22037898,0.00004758,227.90538000,0
1506074442,22037844,0.00004760,1278.62099000,0
1506074442,22037843,0.00004760,1000.00000000,0
1506074422,22037777,0.00004741,3580.92620000,1
1506074280,22037558,0.00004753,531.10919419,0
1506074097,22037256,0.00004741,13519.79877663,0
1506073920,22037075,0.00004734,627.12272919,0
1506073730,22037016,0.00004734,700.29573300,0
1506073612,22036957,0.00004727,373.88755866,1
1506073473,22036728,0.00004730,1014.58887669,1
1506073473,22036726,0.00004731,745.37652331,1
1506073413,22036711,0.00004733,1443.68340000,0
1506073242,22036634,0.00004742,1796.35116887,1
1506073227,22036619,0.00004750,42.00021053,0
1506073076,22036562,0.00004750,7283.84636080,0
1506073076,22036561,0.00004748,4343.69812020,0
1506073072,22036558,0.00004748,1501.60000000,0
1506072765,22036283,0.00004731,3158.13516367,0
1506072686,22036227,0.00004737,628.21295905,0
1506072323,22035957,0.00004740,778.64409282,0
1506072232,22035904,0.00004732,1017.95792400,1
1506070548,22034640,0.00004733,521.58715402,1
1506070531,22034591,0.00004734,6043.27610600,1
1506070448,22034553,0.00004734,1990.61262400,1
1506070053,22034395,0.00004742,583.64438200,1
1506069818,22034104,0.00004739,204.00000000,1
1506069702,22033957,0.00004748,2754.10888795,0
1506068957,22033425,0.00004755,1339.51243754,0
1506068919,22033394,0.00004755,1536.83544718,0
1506068883,22033385,0.00004752,1135.46886184,0
1506068502,22033165,0.00004752,368.70965000,0
1506068197,22032859,0.00004733,10015.96112399,1
1506068197,22032858,0.00004734,1932.30000000,1
1506068197,22032856,0.00004734,1295.61373501,1
1506068089,22032804,0.00004737,823.23438396,1
1506068012,22032703,0.00004737,127.00000000,1
1506067905,22032613,0.00004753,486.85041026,0
1506067762,22032573,0.00004753,2266.56848306,0
1506067683,22032537,0.00004747,334.98738649,0
1506067645,22032525,0.00004751,471.40983639,0
1506067600,22032505,0.00004749,257.03512371,0
1506067566,22032478,0.00004749,567.05087629,0
1506067376,22032391,0.00004747,60.30000000,0
1506067146,22032311,0.00004749,175.91400000,0
1506066525,22031898,0.00004748,559.10551811,0
1506066304,22031718,0.00004735,211.00923000,0
1506066296,22031712,0.00004735,2110.09230000,0
1506066289,22031707,0.00004732,1345.84163449,0
1506066284,22031704,0.00004732,719.22040612,1
1506066282,22031701,0.00004735,4500.00000000,0
1506065926,22031329,0.00004748,1702.45419800,0
1506065586,22031131,0.00004732,2171.69999908,1
1506065586,22031130,0.00004733,711.75813092,1
1506065524,22031082,0.00004739,2769.90237300,0
1506065479,22031062,0.00004722,42.96018538,1
1506065407,22030955,0.00004742,1367.96014339,1
1506065406,22030954,0.00004739,1579.13737503,0
1506064942,22030736,0.00004734,63.90000000,0
1506064903,22030674,0.00004720,0.00000336,0
1506064896,22030671,0.00004720,396.97014000,0
1506064884,22030654,0.00004719,179.87632771,0
1506064882,22030649,0.00004719,1618.88694938,0
1506064879,22030645,0.00004719,3042.14527000,0
1506064874,22030638,0.00004719,226.63944920,1
1506064869,22030634,0.00004720,1372.54514000,0
1506064863,22030627,0.00004720,2592.60885700,0
1506064843,22030605,0.00004720,254.70000000,0
1506064827,22030593,0.00004724,451.85073218,1
1506064789,22030577,0.00004727,71.04041000,0
1506064748,22030552,0.00004720,71.11129000,0
1506064676,22030515,0.00004729,900.64719365,1
1506064649,22030501,0.00004730,2883.63134600,0
1506064632,22030476,0.00004730,118.07610994,0
1506064625,22030466,0.00004730,2457.48320100,0
1506064594,22030399,0.00004730,14836.22803500,0
1506064584,22030373,0.00004730,4774.01473552,0
1506064570,22030328,0.00004730,700.00000000,0
1506064546,22030238,0.00004730,1389.53030000,0
1506064542,22030217,0.00004730,1357.77920000,0
1506064540,22030216,0.00004730,1419.80300000,1
1506064540,22030215,0.00004730,1357.77920000,1
1506064327,22029755,0.00004745,2212.90000000,0
1506064215,22029581,0.00004746,519.03265908,1
1506064073,22029394,0.00004744,959.61000000,0
1506064055,22029324,0.00004739,3170.86304600,0
1506064053,22029319,0.00004737,5232.08611200,0
1506064053,22029318,0.00004737,1382.23830000,0
1506063845,22028983,0.00004710,727.71454137,0
1506063823,22028966,0.00004710,5551.02818000,0
1506063801,22028948,0.00004710,20414.69159900,0
1506063799,22028946,0.00004710,7674.04172118,0
1506063799,22028945,0.00004709,3899.10316482,0
1506063790,22028934,0.00004710,44142.54583518,0
1506063790,22028933,0.00004709,3899.10316482,0
1506063753,22028898,0.00004710,2784.27486518,0
1506063750,22028887,0.00004710,1766.50000000,1
1506063750,22028886,0.00004710,2784.86613188,1
1506063750,22028885,0.00004711,1235.57883225,1
1506063750,22028883,0.00004712,3828.75829414,1
1506063730,22028864,0.00004730,514.93572938,0
1506063658,22028790,0.00004739,514.01266089,0
1506063503,22028685,0.00004738,1533.40987758,0
1506063479,22028654,0.00004714,4415.59391260,0
1506063473,22028647,0.00004718,4415.59391260,0
1506063469,22028642,0.00004708,149.29178470,1
1506063310,22028585,0.00004732,508.35291631,0
1506063179,22028497,0.00004728,200.73625211,1
1506063177,22028495,0.00004719,149.06515580,0
1506063177,22028494,0.00004719,148.83852691,0
1506063114,22028372,0.00004719,148.66855524,0
1506063114,22028371,0.00004719,148.44192634,0
1506062876,22028158,0.00004720,1781.33575567,1
1506062875,22028157,0.00004720,4258.28797000,1
1506062826,22028135,0.00004720,537.27563000,1
1506062782,22028125,0.00004720,1101.76072400,1
1506062782,22028124,0.00004720,890.02876400,1
1506062760,22028105,0.00004720,1425.39480000,1
1506062759,22028099,0.00004720,3140.43515117,1
1506062738,22028014,0.00004720,996.38381500,1
1506062726,22027999,0.00004720,962.16630900,1
1506062724,22027997,0.00004720,620.04778400,1
1506062709,22027983,0.00004720,2719.29257369,1
1506062709,22027982,0.00004721,2054.77029231,1
1506062704,22027954,0.00004721,224.83350536,1
1506062675,22027918,0.00004720,20887.50400000,1
1506062642,22027880,0.00004720,4224.56405000,1
1506062640,22027874,0.00004720,2129.43181818,1
1506062556,22027841,0.00004720,2009.20000000,1
1506062485,22027781,0.00004720,404.00000000,1
1506062485,22027780,0.00004720,28886.29644900,1
1506062483,22027777,0.00004720,20380.44640800,1
1506062481,22027774,0.00004720,3200.16890000,1
1506062474,22027771,0.00004720,9090.62537300,1
1506062464,22027764,0.00004721,1546.20000000,1
1506062437,22027756,0.00004721,70.20000000,1
1506062431,22027752,0.00004720,6517.70542020,1
1506062431,22027751,0.00004721,12159.06957980,1
1506062426,22027750,0.00004721,4500.00000000,1
1506061446,22027241,0.00004706,51069.99999982,0
1506061446,22027240,0.00004705,1659.19393847,0
1506061446,22027239,0.00004704,784.57720971,0
1506061181,22027145,0.00004702,100.00000000,0
1506061113,22027136,0.00004702,105.86495108,0
1506061034,22027106,0.00004685,785.00000000,0
1506061034,22027105,0.00004685,2215.00000000,1
1506060962,22027071,0.00004705,3332.83464399,0
1506060960,22027070,0.00004704,1959.88282756,0
1506059937,22026669,0.00004704,294.78103741,0
1506059582,22026555,0.00004702,5295.87537218,0
1506059582,22026554,0.00004701,446.76776884,0
1506059580,22026553,0.00004698,1508.00000000,0
1506059159,22026440,0.00004683,632.66765328,1
1506058379,22026197,0.00004705,278.86099893,0
1506058252,22026126,0.00004706,5319.71419464,0
1506058067,22026076,0.00004704,77.00191326,0
1506057949,22025972,0.00004702,90.00000000,0
1506057213,22025504,0.00004670,2147.74182517,0
1506057163,22025482,0.00004677,506.79837502,0
1506057157,22025478,0.00004677,405.20889459,0
1506057057,22025428,0.00004676,500.00000000,0
1506056870,22025313,0.00004690,1308.25351812,0
1506056785,22025245,0.00004673,558.13415806,0
1506056778,22025242,0.00004676,632.37699910,1
1506056773,22025241,0.00004673,474.36076923,1
1506056721,22025231,0.00004698,1324.55981268,0
1506056290,22025069,0.00004688,1414.65685103,1
1506056284,22025067,0.00004688,1576.78389685,1
1506056281,22025066,0.00004689,1096.62629695,1
1506055908,22024965,0.00004689,1276.51951375,0
1506055578,22024776,0.00004679,939.68860867,0
1506055488,22024724,0.00004684,499.30444064,0
1506055328,22024616,0.00004667,2151.84356901,1
1506055134,22024458,0.00004680,1205.10000000,0
1506055134,22024457,0.00004675,1398.86360000,0
1506055083,22024382,0.00004667,5611.48885600,1
1506054989,22024146,0.00004661,942.51905990,0
1506054983,22024145,0.00004661,45.00000000,0
1506054977,22024133,0.00004661,45.00000000,0
1506054792,22023789,0.00004655,306.52419559,1
1506054790,22023775,0.00004653,380.72033956,1
1506054785,22023770,0.00004653,277.04578440,1
1506054764,22023738,0.00004673,50.00000000,0
1506054500,22023248,0.00004677,959.75582638,0
1506054152,22022467,0.00004666,2133.29995955,0
1506053984,22021960,0.00004666,2133.30000000,1
1506053740,22021612,0.00004676,1706.59730539,0
1506053605,22021465,0.00004675,2133.70310160,0
1506053409,22021288,0.00004653,163.99155227,1
1506053303,22021224,0.00004654,1780.70216990,0
1506053302,22021223,0.00004654,2215.30000000,1
1506053231,22021133,0.00004681,9709.13180944,0
1506053231,22021131,0.00004680,5100.02058877,0
1506053229,22021125,0.00004679,12504.57908163,0
1506053225,22021109,0.00004679,46.80487283,0
1506053001,22020906,0.00004681,4202.31674500,0
1506052869,22020847,0.00004651,64784.03127251,1
1506052869,22020846,0.00004652,597.96998379,1
1506052869,22020845,0.00004652,2990.79441195,1
1506052868,22020844,0.00004658,1437.28060000,1
1506052868,22020843,0.00004658,100.00000000,1
1506052868,22020842,0.00004660,1000.00000000,1
1506052868,22020841,0.00004660,2538.05500000,1
1506052868,22020840,0.00004660,1028.02000000,1
1506052868,22020839,0.00004661,4523.84873175,1
1506052868,22020838,0.00004670,1000.00000000,1
1506052854,22020832,0.00004677,4495.50251244,0
1506052846,22020826,0.00004676,1555.26566793,1
1506052841,22020823,0.00004679,5295.93976700,0
1506052709,22020710,0.00004717,5890.17489930,1
1506052709,22020708,0.00004716,9573.04101628,1
1506052709,22020707,0.00004682,5089.08208072,0
1506052707,22020697,0.00004680,6645.50390073,0
1506052510,22020439,0.00004676,577.96786500,1
1506052400,22020339,0.00004678,2000.00000000,1
1506052253,22020148,0.00004680,1000.00000000,1
1506052253,22020147,0.00004680,1105.20500000,1
1506052253,22020146,0.00004681,1064.00000000,1
1506052193,22020115,0.00004690,4117.82238805,1
1506052193,22020114,0.00004690,1262.35090900,1
1506052177,22020102,0.00004690,665.26538400,1
1506052172,22020094,0.00004694,6264.77985800,1
1506051325,22019877,0.00004694,959.61000000,1
1506051255,22019847,0.00004710,0.00000024,1
1506051237,22019838,0.00004710,15974.78823800,1
1506051236,22019837,0.00004710,1289.17354900,1
1506051228,22019833,0.00004710,2193.70000000,1
1506051226,22019832,0.00004710,19775.39400000,1
1506051214,22019829,0.00004710,26664.60875628,1
1506051214,22019828,0.00004711,16720.15724372,1
1506051007,22019678,0.00004732,1174.37320372,0
1506050934,22019582,0.00004726,8.68542765,1
1506050934,22019581,0.00004730,2541.86871035,1
1506050933,22019580,0.00004730,1080.45486200,1
1506050931,22019576,0.00004737,528.61895714,0
1506050895,22019536,0.00004730,4034.62800000,1
1506050873,22019517,0.00004724,2193.70000000,1
1506049993,22019145,0.00004744,1000.44983137,0
1506049934,22019139,0.00004750,218.40126316,0
1506049652,22019042,0.00004744,631.63870151,0
1506049615,22019021,0.00004735,4391.75332629,0
1506049614,22019020,0.00004734,16657.17118261,0
1506049460,22018954,0.00004728,6242.27304316,1
1506049460,22018953,0.00004729,16084.32749173,1
1506049403,22018936,0.00004749,1050.22762687,0
1506049388,22018935,0.00004737,6884.96101668,1
1506049368,22018932,0.00004737,1642.56743400,1
1506049340,22018926,0.00004756,100.20971118,0
1506049194,22018906,0.00004761,57.18966603,0
1506049191,22018901,0.00004761,111.33522369,0
1506049120,22018875,0.00004761,1915.15269901,0
1506049118,22018873,0.00004759,733.36954673,0
1506049095,22018832,0.00004745,2867.41094196,0
1506049095,22018831,0.00004734,0.00000004,0
1506049083,22018820,0.00004734,4035.13797400,0
1506049043,22018781,0.00004734,670.86202596,0
1506048302,22018527,0.00004737,75.31603000,0
1506048178,22018457,0.00004734,227.82277144,0
1506047742,22018260,0.00004746,286.76780446,0
1506046614,22017889,0.00004734,3329.89945078,0
1506046612,22017888,0.00004732,1079.77429794,0
1506046288,22017662,0.00004734,589.59809926,0
1506045558,22017490,0.00004741,1177.49419953,0
1506045082,22017305,0.00004741,5362.63615271,0
1506044936,22017289,0.00004741,1116.32566968,0
1506044730,22017260,0.00004736,631.86613176,0
1506044655,22017238,0.00004736,2379.87711148,1
1506044653,22017237,0.00004734,2193.70000000,0
1506043328,22016786,0.00004721,2040.35919100,1
1506043328,22016785,0.00004722,2193.70000000,1
1506043173,22016694,0.00004724,137.06100000,1
1506042994,22016597,0.00004741,336.63973845,0
1506042938,22016570,0.00004732,525.92180896,0
1506042800,22016527,0.00004734,251.38234051,0
1506042493,22016216,0.00004726,346.05416842,0
1506041694,22015731,0.00004741,2068.00000000,0
1506041229,22015637,0.00004728,551.73600000,1
1506041227,22015636,0.00004728,440.47800000,1
1506040970,22015583,0.00004728,544.02112810,1
1506040970,22015582,0.00004729,2097.05200190,1
1506040913,22015554,0.00004739,1540.39037771,0
1506040793,22015429,0.00004728,1019.76701100,1
1506040781,22015418,0.00004728,1552.01143950,1
1506040719,22015386,0.00004728,268.00000000,1
1506040718,22015384,0.00004728,1016.94396400,1
1506040649,22015333,0.00004728,378.75333401,1
1506040649,22015332,0.00004729,302.99999999,1
1506040541,22015316,0.00004728,3892.88697856,1
1506040541,22015315,0.00004729,6106.11302144,1
1506040513,22015298,0.00004730,3685.32925800,1
1506040375,22015265,0.00004735,1224.52038014,0
1506040138,22015193,0.00004734,1711.89167892,1
1506040138,22015192,0.00004734,2192.22444300,1
1506040137,22015189,0.00004760,814.50336134,1
1506040137,22015188,0.00004759,9791.44227944,1
1506040136,22015187,0.00004733,1711.89167892,0
1506040136,22015186,0.00004726,9870.36400000,0
1506040135,22015185,0.00004724,5166.02816735,0
1506040027,22015153,0.00004724,1339.43310754,0
1506039198,22014819,0.00004708,2062.92911400,1
1506039198,22014818,0.00004710,1445.63950000,1
1506039098,22014688,0.00004720,1431.84010000,1
1506039098,22014687,0.00004720,270.00000000,1
