date,tid,price,amount,type
1506124827,22081616,0.14711,8938.95633194,0
1506124826,22081615,0.14711,1510.76854806,0
1506124826,22081614,0.14710,397.01190000,0
1506124826,22081613,0.14708,1985.05948000,0
1506124826,22081612,0.14705,20785.37000000,0
1506124826,22081611,0.14703,16171.83374000,0
1506124826,22081610,0.14658,211.00000000,0
1506124202,22081299,0.14620,2600.00000000,1
1506124167,22081292,0.14706,2035.37120903,0
1506123739,22081181,0.14698,21.99733152,0
1506123739,22081179,0.14650,1212.77743848,0
1506123630,22081113,0.14619,473.09698638,0
1506123629,22081110,0.14616,117.00000000,0
1506123271,22080745,0.14582,1955.51447000,1
1506123269,22080740,0.14582,1955.51447000,1
1506123186,22080702,0.14592,1548.98855538,1
1506123184,22080698,0.14592,7399.05670904,1
1506123184,22080697,0.14593,1130.36078000,1
1506123182,22080696,0.14592,1745.33714450,1
1506123182,22080694,0.14593,5021.41715750,1
1506123181,22080692,0.14593,1285.37812650,0
1506123180,22080691,0.14593,155.09017000,1
1506123178,22080685,0.14650,252.69624573,0
1506123178,22080684,0.14644,15769.46688431,0
1506123177,22080680,0.14600,20020.00000000,0
1506123177,22080679,0.14600,6766.75423208,1
1506123177,22080678,0.14599,182.37816000,0
1506123176,22080677,0.14591,1434.08210000,1
1506123175,22080676,0.14591,1599.91570548,0
1506123175,22080675,0.14591,1754.92276061,0
1506123166,22080672,0.14581,229.91167000,1
1506123153,22080661,0.14581,269.62322000,1
1506123139,22080644,0.14581,155.09017000,1
1506123126,22080641,0.14581,155.09017000,1
1506123118,22080634,0.14581,180.63264000,1
1506122687,22080427,0.14587,6660.20552548,1
1506122599,22080405,0.14587,6716.03105505,1
1506122433,22080344,0.14530,117.00000000,0
1506122417,22080340,0.14579,8433.35681460,1
1506122415,22080330,0.14577,8517.68807025,1
1506122312,22080313,0.14550,5930.50000000,0
1506122312,22080312,0.14548,344.28768000,0
1506122312,22080311,0.14548,10000.00000000,0
1506121205,22080129,0.14550,117.00000000,0
1506120441,22079808,0.14573,7935.96996000,0
1506120131,22079729,0.14541,586.57800000,0
1506120130,22079728,0.14521,430.00000000,1
1506120089,22079705,0.14515,1555.63879000,1
1506120075,22079703,0.14513,1555.63879000,1
1506120062,22079699,0.14511,1555.63879000,1
1506120049,22079690,0.14509,1848.28371000,1
1506120036,22079679,0.14507,2195.98064000,1
1506120023,22079675,0.14505,2609.08591000,1
1506120000,22079662,0.14503,429.59361000,1
1506119324,22079390,0.14542,690.75780000,1
1506119311,22079373,0.14548,577.43154982,1
1506119254,22079319,0.14547,1090.59996000,1
1506118927,22079192,0.14562,5230.28530000,1
1506118914,22079188,0.14560,5007.65815000,1
1506118807,22079122,0.14557,0.40638471,1
1506118492,22078999,0.14572,4262.38473000,1
1506118479,22078991,0.14576,2518.51125000,1
1506118441,22078974,0.14571,235.44749000,1
1506118438,22078972,0.14571,4054.28330000,1
1506118387,22078938,0.14560,706.19880000,1
1506118231,22078806,0.14542,580.24461529,0
1506118228,22078800,0.14527,2932.60070000,1
1506118203,22078787,0.14525,1790.44948000,1
1506118083,22078548,0.14557,577.15393850,1
1506118057,22078500,0.14558,293.98668000,1
1506118013,22078435,0.14592,382.92948191,0
1506117997,22078421,0.14592,109.43023574,0
1506117995,22078418,0.14583,0.00000296,0
1506117872,22078295,0.14583,868.38322704,1
1506117864,22078291,0.14583,2147.80000000,1
1506117815,22078264,0.14583,281.36007680,0
1506117814,22078263,0.14582,1428.78760000,0
1506117799,22078253,0.14586,527.49211750,0
1506117734,22078151,0.14655,315.25839353,0
1506117734,22078150,0.14654,709.95194000,0
1506117734,22078149,0.14602,84.19216115,0
1506117733,22078148,0.14601,1724.02660548,0
1506117733,22078147,0.14579,3549.75970000,0
1506117733,22078146,0.14578,4216.76880000,0
1506117727,22078133,0.14557,1350.50000000,1
1506117708,22078117,0.14592,683.59799890,0
1506117620,22078045,0.14514,488.16630000,1
1506117611,22078040,0.14503,430.00000000,0
1506117327,22077577,0.14464,4235.03472000,1
1506116950,22077360,0.14463,2030.86881000,1
1506116940,22077358,0.14462,2575.00000000,1
1506116900,22077328,0.14453,11.48877000,1
1506116899,22077327,0.14454,18262.01123000,1
1506116885,22077318,0.14602,1915.37783885,0
1506116885,22077317,0.14601,957.87355000,0
1506116883,22077314,0.14534,6865.13271000,1
1506116883,22077313,0.14534,557.88022000,1
1506116883,22077312,0.14534,4789.36777000,0
1506116727,22077142,0.14446,57.11978000,1
1506116710,22077122,0.14445,564.10322332,0
1506116645,22077090,0.14427,6034.20900016,1
1506116645,22077089,0.14428,4565.74860000,1
1506116319,22076956,0.14471,780.00000000,1
1506116317,22076955,0.14500,1030.00000000,1
1506115692,22076541,0.14596,1143.64320000,0
1506115462,22076417,0.14531,40.00000000,1
1506115381,22076383,0.14635,0.43000000,1
1506115278,22076331,0.14602,615.00000000,0
1506115253,22076287,0.14655,31727.12090696,1
1506115235,22076241,0.14655,55.31241000,1
1506115217,22076207,0.14655,2007.99993177,1
1506115212,22076196,0.14655,205.17261000,1
1506115203,22076185,0.14655,1112.54595400,1
1506115201,22076181,0.14655,1820.65781662,1
1506115177,22076139,0.14655,19298.53793100,1
1506115146,22076098,0.14655,7583.68498000,1
1506115142,22076091,0.14655,3995.82000000,1
1506115130,22076061,0.14655,4827.97245500,1
1506115127,22076053,0.14655,1356.17468000,1
1506115126,22076048,0.14655,331.40614900,1
1506115124,22076028,0.14655,5439.87103300,1
1506115121,22076009,0.14655,203.00000000,1
1506115115,22075977,0.14655,1954.89480000,1
1506115114,22075973,0.14655,1188.11200200,1
1506115114,22075972,0.14655,6727.58266000,1
1506115114,22075971,0.14656,5631.49132600,1
1506115113,22075968,0.14656,3518.76217400,1
1506115109,22075927,0.14655,9770.73534780,1
1506115105,22075906,0.14655,1981.28381367,1
1506115101,22075874,0.14655,7206.37279148,1
1506115081,22075808,0.14655,4443.37932400,1
1506114922,22075683,0.14655,2189.72478100,1
1506114806,22075641,0.14686,1960.00000000,0
1506114806,22075640,0.14685,40.00000000,0
1506114774,22075619,0.14655,1016.69650000,1
1506114769,22075616,0.14655,1185.44451500,1
1506114713,22075588,0.14655,623.85709900,1
1506114706,22075581,0.14655,3564.21151199,1
1506114705,22075573,0.14655,1186.69619400,1
1506114700,22075567,0.14655,2477.48303433,1
1506114700,22075566,0.14656,1178.32696567,1
1506114699,22075564,0.14656,3622.10809024,1
1506114697,22075561,0.14656,770.04564292,1
1506114694,22075553,0.14656,2819.21759074,1
1506114691,22075545,0.14656,1069.24200043,1
1506114689,22075541,0.14656,793.85866900,1
1506114687,22075535,0.14656,793.46193156,1
1506114686,22075530,0.14656,2932.87728000,1
1506114684,22075526,0.14656,1069.77661027,1
1506114683,22075521,0.14656,1069.24200043,1
1506114681,22075517,0.14656,3697.97571173,1
1506114675,22075505,0.14656,4468.02143687,1
1506114672,22075496,0.14656,770.43070600,1
1506114672,22075492,0.14656,770.04564292,1
1506114671,22075483,0.14656,493.66595200,1
1506114669,22075477,0.14656,1006.96159135,1
1506114667,22075470,0.14656,2237.58295000,1
1506114665,22075461,0.14656,2237.03440909,1
1506114661,22075439,0.14655,1139.86248564,1
1506114658,22075429,0.14655,725.13500000,1
1506114653,22075410,0.14655,1242.96593042,1
1506114653,22075402,0.14655,1409.29535232,0
1506114653,22075401,0.14641,0.99000000,0
1506114649,22075385,0.14616,1242.96593042,0
1506114644,22075356,0.14655,1410.00000000,1
1506114642,22075346,0.14655,40.00000000,0
1506114527,22075186,0.14653,2332.57348000,0
1506114494,22075107,0.14628,10.92056000,0
1506114493,22075106,0.14626,15593.17944000,0
1506114074,22074702,0.14566,1440.92270000,0
1506114067,22074687,0.14534,549.00000000,0
1506114002,22074654,0.14545,66.00000000,0
1506113457,22074343,0.14510,287.75121712,1
1506113457,22074342,0.14520,61.00000000,1
1506113420,22074283,0.14623,2728.59529508,0
1506113386,22074218,0.14535,1574.50000000,1
1506113385,22074217,0.14535,279.25727855,1
1506113385,22074214,0.14535,1192.71247012,1
1506113385,22074213,0.14536,1573.29233000,1
1506113381,22074189,0.14534,1573.61710000,1
1506113305,22074149,0.14611,748.12500000,1
1506113288,22074138,0.14611,378.74319700,1
1506113282,22074128,0.14611,6294.32680300,1
1506113215,22074063,0.14609,298.09891841,1
1506113214,22074059,0.14609,368.05825721,1
1506113214,22074058,0.14609,0.00004864,1
1506113204,22074031,0.14610,1389.39467624,0
1506113204,22074028,0.14610,9526.17681053,1
1506113202,22074018,0.14610,1394.85246662,1
1506113201,22074014,0.14610,2086.97893285,1
1506113198,22074007,0.14611,536.31935500,1
1506113198,22074003,0.14611,704.90564522,1
1506113120,22073892,0.14619,1009.78179000,1
1506113094,22073853,0.14620,2721.85438000,1
1506113089,22073837,0.14620,352.26221000,1
1506113080,22073815,0.14621,3317.42485000,0
1506113042,22073781,0.14619,1562.18676000,1
1506113022,22073760,0.14614,596.83600000,1
1506113019,22073750,0.14613,596.83600000,1
1506113017,22073746,0.14612,334.36600000,1
1506113010,22073740,0.14609,2115.02645136,0
1506113008,22073738,0.14605,359.33000000,1
1506113007,22073737,0.14601,326.99356100,0
1506113007,22073736,0.14601,393.97896971,0
1506113006,22073735,0.14601,1964.51451476,0
1506113006,22073734,0.14600,2029.53705000,0
1506113006,22073733,0.14600,5970.46295000,0
1506113006,22073732,0.14599,4029.53705000,0
1506113002,22073730,0.14598,6605.43057000,0
1506113002,22073729,0.14598,10000.00000000,0
1506112994,22073724,0.14591,1454.92588900,0
1506112989,22073718,0.14591,2212.76561900,0
1506112967,22073668,0.14595,1454.92638100,0
1506112952,22073638,0.14600,1115.95700000,0
1506112907,22073576,0.14551,0.00001450,0
1506112907,22073575,0.14551,434.19360000,0
1506112879,22073527,0.14520,1918.64327834,0
1506112878,22073526,0.14523,6615.87129166,0
1506112878,22073523,0.14523,4965.48543000,1
1506112870,22073515,0.14600,4736.75492806,1
1506112869,22073509,0.14600,3291.81000000,1
1506112856,22073499,0.14600,58.54496000,1
1506112854,22073497,0.14600,886.22161798,1
1506112852,22073496,0.14600,2595.16000000,1
1506112843,22073489,0.14600,1809.78560000,1
1506112838,22073478,0.14600,247.21864999,1
1506112833,22073466,0.14600,364.93073233,1
1506112830,22073458,0.14600,1414.25720000,1
1506112826,22073436,0.14600,2036.88219961,1
1506112823,22073414,0.14601,2414.51308051,1
1506112822,22073406,0.14601,210.45055684,1
1506112821,22073403,0.14601,3109.39000000,1
1506112819,22073388,0.14601,2590.23951190,1
1506112818,22073381,0.14601,2578.57701074,1
1506112817,22073375,0.14606,1227.08095550,0
1506112817,22073374,0.14604,66.00000000,0
1506112817,22073370,0.14601,432.20645564,1
1506112816,22073367,0.14601,434.19361437,0
1506112813,22073355,0.14601,2193.88474197,1
1506112812,22073353,0.14601,4332.92500000,1
1506112810,22073349,0.14601,437.78701850,1
1506112808,22073341,0.14601,437.78701850,1
1506112805,22073333,0.14601,437.78701850,1
1506112803,22073329,0.14601,437.01430842,0
1506112801,22073324,0.14600,2975.68432500,1
1506112800,22073323,0.14600,2823.49821200,1
1506112800,22073321,0.14600,5384.92122700,1
1506112800,22073320,0.14600,66.00000000,1
1506112799,22073317,0.14600,6120.90963000,1
1506112798,22073316,0.14601,25.58084500,1
1506112798,22073314,0.14601,1815.74474000,1
1506112798,22073313,0.14601,7834.35430700,1
1506112798,22073312,0.14601,3324.32010800,1
1506112765,22073295,0.14601,2686.29797770,1
1506112762,22073286,0.14601,2820.58040800,1
1506112750,22073278,0.14601,5004.01616500,0
1506112720,22073224,0.14609,4012.04729960,0
1506112449,22072740,0.14613,2014.33000000,1
1506112375,22072659,0.14681,189.22784551,0
1506112333,22072616,0.14608,4189.26692688,1
1506112333,22072615,0.14609,17100.88791000,1
1506112309,22072584,0.14603,7000.00000000,1
1506112288,22072556,0.14611,4921.24000000,1
1506112255,22072530,0.14662,1057.36389200,0
1506112199,22072451,0.14666,1057.36389200,0
1506112199,22072450,0.14666,6636.76000000,0
1506112190,22072444,0.14609,1987.32543200,0
1506112170,22072418,0.14605,1398.30637300,1
1506112156,22072408,0.14600,163.73119000,1
1506112155,22072407,0.14600,50000.00000000,0
1506112154,22072406,0.14600,13161.58396460,0
1506112154,22072405,0.14600,1862.10556343,0
1506112149,22072398,0.14600,136.64465753,0
1506112143,22072394,0.14599,194.53211000,1
1506112129,22072380,0.14599,231.12726000,1
1506112116,22072375,0.14599,274.60665000,1
1506112103,22072365,0.14599,326.26532000,1
1506112091,22072350,0.14599,228.60000000,1
1506112090,22072346,0.14599,477.46144000,1
1506112076,22072300,0.14599,567.28092000,1
1506112072,22072298,0.14599,398.04800000,1
1506112066,22072292,0.14599,673.99714000,0
1506112040,22072255,0.14599,4528.85924070,1
1506112040,22072254,0.14599,2316.01274100,1
1506112039,22072253,0.14599,800.78868000,0
1506111845,22072096,0.14545,0.00002871,0
1506111845,22072092,0.14545,146.66940000,0
1506111794,22072026,0.14549,353.77909135,0
1506111712,22071903,0.14559,342.57373446,0
1506111712,22071898,0.14557,499.65353964,1
1506111707,22071895,0.14559,2565.17149293,1
1506111706,22071893,0.14559,1956.01850707,1
1506111706,22071892,0.14560,21.94370193,1
1506111666,22071848,0.14574,100.00000000,0
1506111663,22071847,0.14560,197.49331731,1
1506111660,22071846,0.14574,100.00000000,0
1506111656,22071843,0.14574,100.00000000,0
1506111650,22071840,0.14574,100.00000000,0
1506111645,22071835,0.14574,100.00000000,0
1506111643,22071834,0.14560,1974.93317307,1
1506111639,22071833,0.14574,100.00000000,0
1506111628,22071822,0.14559,1420.81790000,1
1506111622,22071814,0.14559,57.99210000,0
1506111618,22071812,0.14559,100.00000000,0
1506111613,22071806,0.14559,100.00000000,0
1506111605,22071800,0.14559,100.00000000,0
1506111595,22071790,0.14574,100.00000000,0
1506111594,22071789,0.14548,1028.90590000,1
1506111594,22071788,0.14559,397.76900000,1
1506111591,22071786,0.14574,260.62359016,0
1506111591,22071785,0.14573,1720.03649000,0
1506111591,22071784,0.14573,8619.29752000,0
1506111590,22071782,0.14533,230.58503522,0
1506111587,22071774,0.14533,100.00000000,0
1506111587,22071773,0.14533,1651.75820112,0
1506111573,22071750,0.14533,100.00000000,0
1506111566,22071718,0.14533,1214.80856747,0
1506111564,22071710,0.14533,961.32591517,0
1506111564,22071706,0.14524,0.82830040,0
1506111563,22071701,0.14524,164.83177947,0
1506111553,22071677,0.14524,100.00000000,0
1506111543,22071676,0.14524,100.00000000,0
1506111499,22071653,0.14524,100.00000000,0
1506111487,22071641,0.14524,100.00000000,0
1506111481,22071638,0.14524,100.00000000,0
1506111473,22071635,0.14524,100.00000000,0
1506111464,22071631,0.14524,100.00000000,0
1506111458,22071629,0.14524,100.00000000,0
1506111452,22071628,0.14524,100.00000000,0
1506111445,22071615,0.14524,100.00000000,0
1506111438,22071584,0.14524,100.00000000,0
1506111433,22071579,0.14524,100.00000000,0
1506111415,22071546,0.14524,100.00000000,0
1506111408,22071540,0.14524,100.00000000,0
1506111399,22071525,0.14524,100.00000000,0
1506111391,22071522,0.14524,100.00000000,0
1506111377,22071510,0.14524,100.00000000,0
1506111358,22071502,0.14524,34.33992013,0
1506111340,22071484,0.14524,100.00000000,0
1506110832,22071177,0.14524,1458.07973010,0
1506110830,22071176,0.14520,351.80000000,0
1506110744,22071126,0.14520,100.00000000,0
1506110732,22071108,0.14505,100.00000000,0
1506110719,22071106,0.14505,100.00000000,0
1506110704,22071102,0.14505,64.90440000,0
1506110702,22071101,0.14505,100.00000000,0
1506110700,22071096,0.14505,100.00000000,0
1506110698,22071095,0.14465,100.00000000,0
1506110696,22071057,0.14505,100.00000000,0
1506110694,22071056,0.14505,100.00000000,0
1506110555,22071000,0.14461,439.23580969,1
1506110529,22070984,0.14504,1170.60026935,1
1506110529,22070982,0.14504,2261.69208365,1
1506110527,22070978,0.14504,1733.08344999,1
1506110527,22070977,0.14517,23.74022101,1
1506110510,22070924,0.14517,211.24504200,1
1506110510,22070920,0.14511,1736.65039013,0
1506110509,22070918,0.14510,1200.46434686,0
1506110507,22070894,0.14503,3884.16751000,0
1506110504,22070874,0.14504,4080.26151406,0
1506110503,22070872,0.14478,2.19998209,0
1506110503,22070868,0.14478,437.79643644,0
1506110457,22070791,0.14498,4834.16981653,0
1506110252,22070680,0.14417,4231.19840000,1
1506110226,22070658,0.14469,40.00000000,0
1506110185,22070635,0.14476,248.09000000,1
1506109965,22070477,0.14483,2019.05355769,0
1506109965,22070476,0.14483,3490.88899565,0
1506109963,22070474,0.14484,248.09000000,0
1506109552,22070221,0.14439,1843.19573198,0
1506109163,22069948,0.14496,1587.26538355,0
1506108956,22069800,0.14411,1236.21978000,1
1506108950,22069788,0.14414,1000.00000000,0
1506108909,22069738,0.14414,50.10176000,1
1506108884,22069702,0.14414,997.40174000,0
1506108830,22069667,0.14476,31.63037812,1
1506108829,22069665,0.14476,284.67340306,1
1506108817,22069661,0.14476,3148.06610000,1
1506108808,22069656,0.14476,1410.34000000,1
1506108807,22069655,0.14476,429.30000000,1
1506108758,22069631,0.14476,137.81514230,0
1506108756,22069630,0.14478,688.98066031,0
1506108751,22069629,0.14420,69.10558000,1
1506108120,22069386,0.14470,5840.00000000,0
1506107783,22069239,0.14381,536.67000000,1
1506107551,22069097,0.14438,1210.00831352,0
1506107551,22069096,0.14372,0.00000125,0
1506107431,22068994,0.14372,584.58165875,1
1506107422,22068989,0.14373,1406.29320000,0
1506107356,22068934,0.14511,1333.84927429,1
1506107355,22068931,0.14511,403.66946000,0
1506107355,22068929,0.14511,2018.34732000,0
1506107269,22068853,0.14390,1181.23298790,1
1506107092,22068739,0.14505,171.94167528,0
1506107088,22068732,0.14400,420.76000000,1
1506107073,22068703,0.14400,1079.24000000,1
1506106701,22068346,0.14422,69.16078486,0
1506106552,22068268,0.14327,3431.92876000,1
1506105987,22067968,0.14384,100.00000000,0
1506105918,22067950,0.14378,100.00000000,0
1506105897,22067944,0.14383,100.00000000,0
1506105887,22067940,0.14386,100.00000000,0
1506105886,22067939,0.14304,2236.16411000,1
1506105876,22067933,0.14387,100.00000000,0
1506105867,22067927,0.14389,100.00000000,0
1506105856,22067921,0.14392,100.00000000,0
1506105840,22067909,0.14395,100.00000000,0
1506105829,22067901,0.14398,100.00000000,0
1506105827,22067897,0.14398,100.00000000,0
1506105779,22067839,0.14429,100.00000000,0
1506105779,22067838,0.14310,1252.04099000,0
1506105761,22067826,0.14310,100.00000000,0
1506105751,22067818,0.14310,100.00000000,0
1506105743,22067810,0.14310,100.00000000,0
1506105733,22067788,0.14310,100.00000000,0
1506105724,22067782,0.14310,100.00000000,0
1506105712,22067777,0.14310,100.00000000,0
1506105695,22067763,0.14310,100.00000000,0
1506105684,22067752,0.14310,100.00000000,0
1506105675,22067732,0.14310,100.00000000,0
1506105664,22067726,0.14310,100.00000000,0
1506105664,22067724,0.14301,7193.00000000,1
1506105649,22067710,0.14310,100.00000000,0
1506105630,22067676,0.14310,100.00000000,0
1506105613,22067655,0.14362,100.00000000,0
1506105611,22067651,0.14362,100.00000000,0
1506105610,22067650,0.14362,61.00000000,0
1506105610,22067649,0.14335,39.00000000,0
1506105607,22067645,0.14335,100.00000000,0
1506105583,22067617,0.14362,589.37500000,1
1506105582,22067616,0.14340,1581.87641000,0
1506105581,22067614,0.14362,3415.51359000,1
1506105580,22067613,0.14533,10454.91901190,1
1506105580,22067612,0.14520,395.61700000,0
1506105580,22067611,0.14520,1978.08500000,0
1506105579,22067608,0.14361,5252.96950105,0
1506105372,22067457,0.14303,2868.18635000,1
1506105366,22067452,0.14351,3423.59598634,0
1506105364,22067429,0.14350,51.70550523,0
1506105274,22067384,0.14350,300.29449477,0
1506104949,22067127,0.14361,481.03818624,1
1506104946,22067119,0.14361,5255.83650500,1
1506104945,22067116,0.14361,6149.24382731,1
1506104944,22067105,0.14361,289.97763900,1
1506104938,22067097,0.14361,346.53175824,1
1506104936,22067092,0.14361,345.33716316,1
1506104933,22067090,0.14360,1861.02029000,0
1506104933,22067089,0.14357,345.53486105,0
1506104553,22066962,0.14356,35.12524380,1
1506104551,22066961,0.14313,139.00000000,0
1506104407,22066930,0.14263,309.00000000,1
1506104400,22066923,0.14263,88.84258000,1
1506104383,22066914,0.14503,11454.28301578,1
1506104383,22066913,0.14503,460.88439000,0
1506104383,22066912,0.14339,3035.92537100,0
1506104382,22066911,0.14336,2304.42196000,0
1506103814,22066673,0.14350,11616.10273491,0
1506103809,22066672,0.14281,881.16868000,0
1506103794,22066650,0.14281,50.24673000,0
1506103789,22066647,0.14281,501.84000000,0
1506103743,22066638,0.14281,50.24673000,0
1506103735,22066630,0.14281,501.84000000,0
1506103716,22066610,0.14281,501.84000000,0
1506103697,22066595,0.14281,501.84000000,0
1506103369,22066369,0.14319,50.15741323,0
1506103278,22066303,0.14232,770.88734000,1
1506103184,22066205,0.14307,732.07625638,0
1506103104,22066150,0.14287,400.00000000,1
1506103104,22066149,0.14294,247.84524976,1
1506103103,22066148,0.14294,2230.60724779,1
1506103066,22066074,0.14294,4500.00000000,1
1506103036,22066050,0.14349,4161.50564025,1
1506103036,22066048,0.14349,2790.12862000,0
1506102464,22065773,0.14287,34.90956814,0
1506102339,22065662,0.14505,6125.56504653,0
1506102339,22065661,0.14311,3315.00430000,0
1506102339,22065660,0.14311,1472.51460000,0
1506102339,22065659,0.14280,1998.00099950,0
1506102337,22065657,0.14278,13.30156574,0
1506102103,22065484,0.14253,312.00000000,0
1506102000,22065456,0.14224,311.90597000,1
1506101886,22065412,0.14278,639.24366122,0
1506101124,22065032,0.14220,159.00000000,1
1506101059,22065018,0.14185,347.45477304,0
1506101058,22065017,0.14185,299.50024987,0
1506100993,22064986,0.14141,1755.88513800,1
1506100993,22064985,0.14141,1858.84309507,1
1506100992,22064984,0.14147,1.68254902,1
1506100992,22064981,0.14147,98.31745098,1
1506100992,22064980,0.14165,1.68254902,1
1506100980,22064967,0.14185,700.00000000,0
1506100976,22064963,0.14165,3377.46753115,1
1506100972,22064958,0.14165,6840.73279589,1
1506100959,22064945,0.14165,578.04094472,1
1506100957,22064938,0.14165,1846.22809000,1
1506100954,22064930,0.14165,851.98993581,1
1506100954,22064929,0.14185,1000.00000000,1
1506100950,22064922,0.14165,1801.00945947,0
1506100945,22064914,0.14165,1801.90998000,1
1506100942,22064909,0.14165,1693.41594119,1
1506100941,22064908,0.14174,150.00000000,1
1506100861,22064815,0.14185,0.09402615,1
1506100859,22064811,0.14185,317.04144351,1
1506100639,22064646,0.14226,503.28000000,1
1506100572,22064584,0.14271,2949.96580478,0
1506100557,22064565,0.14263,5572.02777000,1
1506100557,22064564,0.14264,18093.50760000,1
1506100493,22064436,0.14280,0.99950025,1
1506100489,22064431,0.14280,1999.00049975,1
1506099990,22064169,0.14280,349.26687675,0
1506099762,22064030,0.14289,569.15701406,1
1506099761,22064028,0.14259,312.00000000,0
1506098711,22063537,0.14373,694.01391498,0
1506098611,22063386,0.14227,6582.06840300,1
1506098610,22063384,0.14528,19441.53476046,0
1506098609,22063382,0.14527,6323.28190600,0
1506098609,22063380,0.14527,3170.93104500,0
1506098609,22063379,0.14527,17805.59104000,1
1506098609,22063377,0.14444,10000.00000000,0
1506098608,22063376,0.14441,843.71218000,0
1506098608,22063375,0.14441,4218.56092000,0
1506098608,22063374,0.14303,1478.29800000,0
1506098608,22063373,0.14300,5318.05125000,0
1506098606,22063370,0.14269,269.00000000,0
1506098521,22063295,0.14249,5318.05125000,1
1506098440,22063221,0.14251,5318.05125000,1
1506098414,22063204,0.14243,503.80070000,1
1506098414,22063203,0.14246,728.55608000,1
1506098350,22063147,0.14309,725.65775000,1
1506098349,22063146,0.14308,5012.15158000,0
1506098349,22063145,0.14308,1454.73250000,0
1506098315,22063123,0.14245,4059.54429160,1
1506098283,22063106,0.14300,400.00000000,1
1506098177,22063055,0.14268,5654.04149000,1
1506098164,22063048,0.14283,1414.73849000,1
1506098151,22063028,0.14278,6645.50390000,1
1506098139,22063024,0.14284,3096.95705000,1
1506098137,22063019,0.14284,6645.50390000,1
1506097908,22062775,0.14305,1763.42874000,0
1506097908,22062774,0.14305,1439.47680000,1
1506097907,22062773,0.14301,17797.09446000,0
1506097713,22062586,0.14222,1386.28584200,1
1506097713,22062585,0.14225,6962.43813800,1
1506097711,22062583,0.14226,897.86402000,1
1506097484,22062504,0.14290,457.88580384,0
1506097438,22062479,0.14223,1303.00000000,1
1506097282,22062383,0.14302,697.45490141,0
1506097261,22062369,0.14241,242.10000000,0
1506097191,22062349,0.14325,7313.24214715,0
1506096867,22062138,0.14442,1036.00609333,0
1506096817,22062076,0.14211,5913.12210000,1
1506096761,22062054,0.14218,752.27217238,0
1506096744,22062046,0.14218,701.57982839,0
1506096689,22061997,0.14200,3011.10000000,1
1506096567,22061899,0.14218,350.64051392,0
1506096565,22061898,0.14193,0.00000697,0
1506096512,22061869,0.14193,62.23420000,0
1506096510,22061867,0.14193,100.00000000,0
1506096509,22061866,0.14193,100.00000000,0
1506096507,22061865,0.14193,100.00000000,0
1506096493,22061856,0.14193,140.56224899,0
1506096485,22061853,0.14193,730.92820404,0
1506096396,22061714,0.14188,996.55607000,1
1506096336,22061633,0.14170,7506.58929172,1
1506096277,22061525,0.14166,1640.78516000,1
1506096147,22061412,0.14217,61.00000000,0
1506096063,22061380,0.14181,242.10000000,0
1506096011,22061352,0.14148,1303.00000000,1
1506096009,22061349,0.14215,55.00000000,0
1506095966,22061311,0.14217,45.00000000,0
1506095946,22061293,0.14217,65.00000000,0
1506095933,22061280,0.14145,256.05472000,1
1506095914,22061206,0.14218,500.00000000,0
1506095905,22061141,0.14504,15509.90609487,0
1506095904,22061138,0.14503,3580.62239700,1
1506095904,22061136,0.14503,7167.54228500,0
1506095904,22061135,0.14503,1452.89190000,1
1506095904,22061132,0.14502,974.91924000,0
1506095903,22061127,0.14225,4874.59618000,0
1506095903,22061125,0.14225,11334.29500000,0
1506095903,22061121,0.14225,15450.93123000,1
1506095903,22061118,0.14224,1473.38010000,0
1506095902,22061113,0.14221,7186.66900000,0
1506095902,22061109,0.14218,3224.18276145,1
1506095902,22061107,0.14170,36.00000000,0
1506095901,22061102,0.14160,36.00000000,0
1506095869,22061050,0.14172,418.83282000,0
1506095866,22061042,0.14170,36.00000000,1
1506095844,22061032,0.14172,36.00000000,0
1506095841,22061029,0.14172,50.60718000,0
1506095832,22061014,0.14278,36.00000000,0
1506095827,22061003,0.14172,505.44000000,1
1506095819,22060989,0.14289,36.00000000,0
1506095788,22060972,0.14180,36.00000000,1
1506095775,22060963,0.14180,36.00000000,1
1506095768,22060954,0.14198,702.56374137,0
1506095762,22060951,0.14190,36.00000000,1
1506095748,22060941,0.14190,36.00000000,1
1506095735,22060915,0.14190,36.00000000,1
1506095722,22060904,0.14190,36.00000000,1
1506095709,22060888,0.14215,1399.80353634,0
1506095697,22060872,0.14225,36.00000000,0
1506095695,22060864,0.14226,41.01300000,0
1506095688,22060837,0.14233,36.00000000,0
1506095655,22060762,0.14252,36.00000000,0
1506095633,22060747,0.14235,317.75390324,0
1506095619,22060737,0.14234,1340.73871500,0
1506095536,22060593,0.14190,36.00000000,1
1506095511,22060534,0.14200,36.00000000,1
1506095335,22060195,0.14173,5404.61492000,1
1506095311,22060162,0.14171,5297.70878074,1
1506095309,22060160,0.14172,6763.59965600,1
1506095260,22060109,0.14164,86.44756000,1
1506095246,22060099,0.14162,5755.80572000,1
1506095233,22060086,0.14160,36.00000000,1
1506095207,22060053,0.14180,36.00000000,1
1506095181,22060027,0.14200,36.00000000,1
1506095153,22059973,0.14225,36.07524000,0
1506095142,22059959,0.14170,36.00000000,1
1506095125,22059927,0.14200,36.00000000,1
1506095077,22059862,0.14245,36.00000000,0
1506095013,22059802,0.14226,100.00000000,0
1506094959,22059709,0.14141,2856.00000000,1
1506094958,22059707,0.14150,36.00000000,1
1506094958,22059706,0.14160,36.00000000,1
1506094958,22059705,0.14170,36.00000000,1
1506094956,22059701,0.14180,36.00000000,1
1506094878,22059564,0.14208,36.00000000,0
1506094857,22059489,0.14190,36.00000000,1
1506094857,22059487,0.14199,130.15800000,1
1506094827,22059364,0.14201,307.80000000,0
1506094824,22059352,0.14192,2108.58229988,1
1506094824,22059350,0.14200,36.00000000,1
1506094824,22059349,0.14200,200.00000000,1
1506094811,22059287,0.14210,36.00000000,1
1506094811,22059284,0.14218,36.00000000,1
1506094811,22059283,0.14220,36.00000000,1
1506094801,22059217,0.14230,36.00000000,1
1506094763,22059031,0.14240,36.00000000,1
1506094763,22059030,0.14250,36.00000000,1
1506094763,22059029,0.14260,36.00000000,1
1506094762,22059028,0.14270,36.00000000,1
1506094760,22059023,0.14279,0.35012692,1
1506094436,22058553,0.14279,700.18422422,1
1506094355,22058440,0.14280,36.00000000,1
1506094328,22058403,0.14290,36.00000000,1
1506094230,22058155,0.14300,2106.93578000,1
1506094206,22058080,0.14300,1380.06422000,1
1506094205,22058079,0.14300,345.00000000,1
1506094205,22058078,0.14300,1000.00000000,1
1506094205,22058077,0.14300,500.00000000,1
1506094205,22058075,0.14300,36.00000000,1
1506094205,22058074,0.14301,2106.93578000,1
1506094185,22058030,0.14301,621.46562000,1
1506094185,22058028,0.14310,36.00000000,1
1506094185,22058027,0.14320,36.00000000,1
1506094185,22058025,0.14330,36.00000000,1
1506094185,22058023,0.14340,36.00000000,1
1506094169,22057960,0.14343,1243.53844300,1
1506094154,22057913,0.14383,1387.06278245,0
1506094092,22057751,0.14393,693.04953797,0
1506093912,22057401,0.14342,0.60323000,0
1506093909,22057399,0.14342,415.00700000,0
1506093907,22057395,0.14342,640.62700000,0
1506093729,22057305,0.14350,180.82919693,1
1506093700,22057235,0.14354,1189.92010000,0
1506093699,22057234,0.14353,1312.83719000,1
1506093677,22057217,0.14350,1042.05251000,1
1506093676,22057216,0.14350,36.00000000,1
1506093650,22057187,0.14363,983.76014700,1
1506093640,22057179,0.14364,607.83000000,0
1506093640,22057178,0.14358,486.00000000,0
1506093619,22057142,0.14380,693.55416869,1
1506093598,22057111,0.14402,285.98043000,1
1506093583,22057075,0.14401,371.33931682,0
1506093580,22057069,0.14401,583.40470318,1
1506093569,22057049,0.14402,954.74402000,0
1506093560,22057024,0.14449,510.86898747,0
1506093489,22056936,0.14393,3000.00000000,1
1506093398,22056896,0.14382,3000.00000000,1
1506093337,22056858,0.14382,3000.00000000,0
1506093305,22056851,0.14386,3000.00000000,1
1506093094,22056716,0.14381,2000.00000000,1
1506093070,22056709,0.14400,668.58100000,0
1506093032,22056676,0.14400,408.70041667,0
1506093009,22056634,0.14400,2078.34527778,0
1506092992,22056620,0.14381,2000.00000000,1
1506092943,22056562,0.14400,1354.00801800,0
1506092943,22056561,0.14399,912.96585000,0
1506092796,22056449,0.14399,69.24091950,0
1506092748,22056411,0.14398,1441.99970000,0
1506092619,22056365,0.14351,2000.00000000,1
1506092579,22056350,0.14398,1286.49906900,0
1506092571,22056343,0.14360,1555.00000000,0
1506092569,22056341,0.14360,36.00000000,1
1506092536,22056275,0.14394,2683.02000000,0
1506092504,22056263,0.14397,1385.71396819,0
1506092492,22056255,0.14386,450.00000000,1
1506092472,22056246,0.14351,100.00000000,1
1506092444,22056233,0.14351,200.00000000,1
1506092400,22056194,0.14370,36.00000000,1
1506092284,22056125,0.14380,36.00000000,1
1506092284,22056124,0.14390,36.00000000,1
1506092284,22056123,0.14398,10.00000000,1
1506092265,22056095,0.14398,90.00000000,1
1506092260,22056085,0.14399,360.00000000,0
1506092218,22056011,0.14400,360.00000000,0
1506092206,22055983,0.14399,360.00000000,0
1506092195,22055963,0.14399,1706.28440100,0
1506092194,22055962,0.14399,1052.94199600,0
1506092192,22055955,0.14399,574.76509400,0
1506092147,22055913,0.14400,360.00000000,0
1506092109,22055896,0.14399,360.00000000,0
1506092101,22055891,0.14399,36.00000000,0
1506092088,22055871,0.14399,36.00000000,0
1506092057,22055860,0.14399,36.00000000,0
1506092015,22055837,0.14399,36.00000000,0
1506092010,22055834,0.14400,36.00000000,0
1506092005,22055833,0.14400,36.00000000,0
1506092000,22055828,0.14400,754.91518900,0
1506092000,22055827,0.14399,2028.72130000,0
1506091998,22055826,0.14400,36.00000000,0
1506091991,22055823,0.14400,1727.56876600,0
1506091991,22055822,0.14399,409.80123400,0
1506091990,22055821,0.14399,2000.56070600,0
1506091979,22055811,0.14400,571.20758200,0
1506091979,22055810,0.14399,2863.79637000,0
1506091973,22055808,0.14400,1131.99974200,0
1506091957,22055806,0.14399,36.00000000,0
1506091952,22055805,0.14399,926.98459400,0
1506091948,22055801,0.14399,36.00000000,0
1506091936,22055790,0.14400,299.97700000,0
1506091935,22055789,0.14400,36.00000000,0
1506091935,22055788,0.14400,2417.44000000,0
1506091929,22055781,0.14399,36.00000000,0
1506091929,22055780,0.14399,691.03312730,0
1506091920,22055768,0.14400,4227.30570000,0
1506091918,22055766,0.14399,36.00000000,0
1506091914,22055762,0.14399,4114.99956000,0
1506091913,22055760,0.14399,36.00000000,0
1506091905,22055756,0.14399,154.00800000,0
1506091904,22055755,0.14399,3223.37074000,0
1506091881,22055739,0.14399,36.00000000,0
1506091864,22055732,0.14399,36.00000000,0
1506091848,22055723,0.14399,36.00000000,0
1506091838,22055717,0.14399,36.00000000,0
1506091823,22055689,0.14399,36.00000000,0
1506091816,22055686,0.14399,36.00000000,0
1506091810,22055645,0.14399,36.00000000,0
1506091806,22055643,0.14399,36.00000000,0
1506091794,22055635,0.14399,36.00000000,0
1506091708,22055541,0.14400,4053.45869700,0
1506091708,22055540,0.14400,24860.58050900,0
1506091707,22055539,0.14399,5294.20543000,0
1506091661,22055520,0.14399,36.00000000,0
1506091610,22055503,0.14400,110.00000000,1
1506091550,22055461,0.14458,3516.23376300,1
1506091546,22055460,0.14458,4116.35080900,1
1506091546,22055459,0.14458,100.00000000,1
1506091366,22055403,0.14487,4766.79422834,1
1506091355,22055401,0.14487,4298.83489600,1
1506091350,22055397,0.14487,2995.17118000,1
1506091343,22055389,0.14487,36.00000000,0
1506091296,22055340,0.14420,4820.00000000,0
1506091296,22055339,0.14420,36.00000000,1
1506091295,22055338,0.14430,36.00000000,1
1506091295,22055337,0.14440,36.00000000,1
1506091295,22055336,0.14450,36.00000000,1
1506091293,22055334,0.14460,36.00000000,1
1506091256,22055320,0.14487,36.00000000,0
1506091243,22055317,0.14489,15.00000000,0
1506091242,22055316,0.14462,21.00000000,0
1506091241,22055315,0.14462,36.00000000,0
1506091236,22055294,0.14462,36.00000000,0
1506091226,22055290,0.14462,36.00000000,0
1506091215,22055283,0.14462,36.00000000,0
1506091201,22055278,0.14462,36.00000000,0
1506091200,22055277,0.14470,36.00000000,1
1506091200,22055276,0.14480,36.00000000,1
1506091173,22055265,0.14490,36.00000000,0
1506091150,22055255,0.14489,36.00000000,0
1506091126,22055241,0.14489,344.15539608,0
1506091094,22055230,0.14490,36.00000000,0
1506091078,22055227,0.14490,206.52298137,0
1506090985,22055166,0.14489,36.00000000,0
1506090919,22055152,0.14484,137.00000000,0
1506090899,22055145,0.14486,68.86000276,0
1506090862,22055128,0.14489,1579.72715713,0
1506090862,22055127,0.14489,2524.33346600,1
1506090862,22055126,0.14489,12325.63487000,1
1506090862,22055125,0.14486,6254.94366400,1
1506090862,22055124,0.14486,2097.79179800,1
1506090862,22055123,0.14486,1398.91649800,1
1506090860,22055121,0.14486,1429.49520000,0
1506090786,22055094,0.14490,36.00000000,1
1506090756,22055078,0.14512,687.36645535,0
1506090740,22055068,0.14526,137.34076828,0
1506090657,22055020,0.14495,32888.76519097,1
1506090657,22055019,0.14496,1082.20238600,1
1506090656,22055018,0.14496,636.93700000,1
1506090655,22055016,0.14496,1120.24880700,1
1506090631,22055003,0.14496,4636.02730600,1
1506090628,22054996,0.14496,2132.87889700,1
1506090622,22054983,0.14500,36.70000000,1
1506090535,22054911,0.14495,12845.94100000,1
1506090535,22054910,0.14500,36.05900000,1
1506090517,22054878,0.14496,4067.14001600,1
1506090487,22054822,0.14533,9623.39855218,0
1506090487,22054821,0.14532,5970.78245000,0
1506090487,22054820,0.14500,35.00000000,0
1506090487,22054819,0.14499,1123.07199782,0
1506090484,22054817,0.14495,109.12625044,1
1506090484,22054814,0.14499,36.00270000,0
1506090484,22054813,0.14495,3764.67651000,1
1506090481,22054808,0.14499,15339.89592693,0
1506090480,22054806,0.14496,1611.57307307,0
1506090480,22054805,0.14495,3295.46000000,1
1506090382,22054728,0.14495,4192.02877300,1
1506090382,22054727,0.14496,8965.14246000,1
1506090372,22054715,0.14496,631.99993103,1
1506090362,22054706,0.14495,631.64898241,1
1506090358,22054702,0.14495,3329.31427800,1
1506090358,22054701,0.14493,5132.64943000,0
1506090358,22054700,0.14492,1188.14359000,0
1506090358,22054699,0.14491,1444.86000000,0
1506090258,22054588,0.14471,702.00000000,0
1506090250,22054580,0.14470,56.23830000,0
1506090248,22054576,0.14470,702.00000000,0
1506090242,22054570,0.14470,702.00000000,0
1506090214,22054539,0.14450,700.00000000,0
1506090212,22054533,0.14449,702.00000000,0
1506090195,22054527,0.14449,702.00000000,0
1506090182,22054520,0.14449,36.00000000,0
1506090177,22054514,0.14449,36.00000000,0
1506090173,22054510,0.14449,36.00000000,0
1506090167,22054504,0.14449,36.00000000,0
1506090121,22054403,0.14449,36.00000000,0
1506090118,22054400,0.14449,36.00000000,0
1506090113,22054398,0.14449,36.00000000,0
1506090112,22054392,0.14449,36.00000000,0
1506090109,22054383,0.14449,36.00000000,0
1506090108,22054380,0.14449,36.00000000,0
1506090107,22054373,0.14449,36.00000000,0
1506090106,22054368,0.14449,36.00000000,0
1506090103,22054351,0.14449,36.00000000,0
1506090100,22054348,0.14449,36.00000000,0
1506090088,22054328,0.14449,36.11198000,0
1506090075,22054284,0.14400,0.18000000,0
1506090074,22054281,0.14400,35.82000000,0
1506090062,22054265,0.14444,558.64830000,0
1506090062,22054263,0.14442,1441.35170000,0
1506090058,22054253,0.14400,36.00000000,1
1506090050,22054234,0.14443,1763.00000000,0
1506090050,22054232,0.14420,237.00000000,0
1506090024,22054208,0.14424,36.00000000,0
1506090023,22054206,0.14424,36.00000000,0
1506090021,22054204,0.14424,36.00000000,0
1506090020,22054200,0.14424,36.00000000,0
1506090019,22054196,0.14424,36.00000000,0
1506090017,22054194,0.14425,36.00000000,0
1506090002,22054173,0.14449,36.00000000,0
1506090000,22054171,0.14402,60.27862000,1
1506090000,22054170,0.14410,36.00000000,1
1506090000,22054169,0.14420,36.00000000,1
1506090000,22054168,0.14430,36.00000000,1
1506089996,22054164,0.14449,36.00000000,0
1506089994,22054162,0.14449,690.36348536,0
1506089990,22054159,0.14449,36.00000000,0
1506089989,22054153,0.14440,36.00000000,1
1506089968,22054114,0.14440,36.00000000,1
1506089954,22054100,0.14440,36.00000000,1
1506089953,22054096,0.14448,36.00000000,0
1506089941,22054075,0.14430,36.00000000,1
1506089933,22054060,0.14405,335.92300000,1
1506089933,22054059,0.14410,36.00000000,1
1506089933,22054058,0.14420,36.00000000,1
1506089932,22054056,0.14440,36.00000000,1
1506089928,22054050,0.14430,36.00000000,1
1506089922,22054038,0.14446,36.00000000,0
1506089921,22054035,0.14440,36.00000000,1
1506089918,22054024,0.14449,36.00000000,0
1506089914,22054017,0.14447,36.00000000,0
1506089911,22054009,0.14447,1243.19831107,0
1506089909,22054008,0.14447,36.00000000,0
1506089904,22053999,0.14448,36.00000000,0
1506089896,22053974,0.14447,36.00000000,0
1506089885,22053941,0.14447,36.00000000,0
1506089860,22053892,0.14440,36.00000000,1
1506089853,22053887,0.14448,36.00000000,0
1506089802,22053848,0.14428,36.00000000,0
1506089778,22053814,0.14428,36.00000000,0
1506089771,22053808,0.14429,36.00000000,0
1506089769,22053805,0.14355,49.61962000,1
1506089767,22053801,0.14429,36.00000000,0
1506089761,22053794,0.14355,445.50500000,1
1506089760,22053792,0.14354,1153.32000000,1
1506089760,22053791,0.14360,36.00000000,1
1506089760,22053790,0.14370,36.00000000,1
1506089760,22053789,0.14380,36.00000000,1
1506089759,22053788,0.14390,36.00000000,1
1506089759,22053787,0.14400,36.00000000,1
1506089756,22053781,0.14420,36.00000000,1
1506089756,22053779,0.14433,36.00000000,0
1506089743,22053763,0.14420,36.00000000,1
1506089743,22053762,0.14430,36.00000000,1
1506089730,22053757,0.14420,36.00000000,1
1506089724,22053754,0.14410,36.00000000,0
1506089717,22053749,0.14410,36.00000000,1
1506089715,22053745,0.14410,36.00000000,1
1506089693,22053725,0.14405,692.46789309,0
1506089690,22053718,0.14400,36.00000000,1
1506089677,22053698,0.14390,36.00000000,1
1506089664,22053689,0.14370,36.00000000,1
1506089650,22053676,0.14350,36.00000000,1
1506089638,22053660,0.14350,36.00000000,1
1506089624,22053646,0.14340,36.00000000,1
1506089611,22053634,0.14332,36.00000000,1
1506089601,22053616,0.14324,36.00000000,0
1506089598,22053601,0.14320,36.00000000,1
1506089585,22053559,0.14310,36.00000000,1
1506089558,22053468,0.14324,14.00000000,1
1506089557,22053462,0.14324,36.00000000,1
1506089552,22053449,0.14334,163.02902191,0
1506089498,22053352,0.14324,696.38802011,0
1506089484,22053323,0.14328,696.82014238,0
1506089417,22053252,0.14303,1394.82094665,0
1506089286,22053134,0.14302,1046.14739197,0
1506089160,22053036,0.14251,761.13711000,1
1506089142,22053025,0.14357,6251.95577648,1
1506089141,22053024,0.14357,9613.57067000,0
1506088996,22052940,0.14221,5587.30679960,1
1506088845,22052843,0.14288,104.72137458,0
1506088800,22052694,0.14231,234.18546000,1
1506088575,22052564,0.14404,350.00000000,0
1506088534,22052544,0.14253,500.00000000,1
1506087966,22052250,0.14376,214.23923687,1
1506087966,22052249,0.14376,1985.76076313,1
1506087965,22052245,0.14376,100.00000000,0
1506087719,22052035,0.14353,303.35915836,0
1506087665,22052004,0.14326,34.81453302,0
1506087632,22051989,0.14277,976.00000000,1
1506087632,22051988,0.14300,100.00000000,1
1506087583,22051952,0.14335,347.88978025,0
1506087488,22051880,0.14253,2288.63247743,1
1506087486,22051874,0.14355,521.14245907,1
1506087324,22051727,0.14376,1017.66616000,1
1506087323,22051724,0.14376,4879.36403000,0
1506087202,22051552,0.14355,1861.45968700,1
1506087179,22051504,0.14355,2138.54031300,1
1506087179,22051502,0.14356,6951.00000000,1
1506087175,22051493,0.14400,5400.00000000,0
1506087100,22051413,0.14419,3458.99930647,0
1506086991,22051216,0.14356,613.21925200,1
1506086878,22051138,0.14353,3648.14700000,1
1506086811,22051097,0.14398,1225.00000000,1
1506086570,22050951,0.14353,244.56618369,0
1506086540,22050908,0.14144,269.00000000,0
1506086540,22050898,0.14113,17170.99448450,1
1506086539,22050896,0.14114,4283.21688400,1
1506086539,22050894,0.14114,8565.18964200,1
1506086539,22050893,0.14114,118.66301104,0
1506086539,22050892,0.14114,1779.94516559,0
1506086539,22050891,0.14124,351.00000000,1
1506086538,22050890,0.14140,125.00000000,1
1506086538,22050889,0.14164,1436.60390000,1
1506086538,22050888,0.14164,347.53300000,0
1506086537,22050886,0.14170,50.00000000,1
1506086537,22050885,0.14170,2550.84820200,0
1506086537,22050884,0.14180,5000.00000000,1
1506086537,22050882,0.14181,2100.69122000,0
1506086536,22050880,0.14249,856.80000000,1
1506086536,22050879,0.14275,3062.25663000,0
1506086536,22050876,0.14275,6043.69941600,0
1506086536,22050875,0.14275,18168.06838000,0
1506086535,22050873,0.14277,10476.90424000,0
1506086535,22050872,0.14277,17726.27400000,0
1506086533,22050870,0.14287,6.32182487,1
1506086285,22050701,0.14371,100.00000000,0
1506086174,22050618,0.14380,1000.00000000,1
1506086010,22050516,0.14388,138.65721434,0
1506085835,22050380,0.14373,6675.28590607,0
1506085835,22050379,0.14372,3143.41685000,1
1506085833,22050378,0.14372,3143.41685000,0
1506085833,22050377,0.14372,918.57373614,0
1506085761,22050351,0.14372,100.00000000,0
1506085413,22050068,0.14371,1733.76134600,1
1506085406,22050055,0.14399,1684.43709000,1
1506085339,22049975,0.14399,165.56291000,1
1506085329,22049972,0.14450,1107.20480588,1
1506085328,22049971,0.14449,3058.73629000,0
1506085328,22049970,0.14448,1426.84710000,0
1506085328,22049969,0.14440,350.00000000,0
1506085326,22049967,0.14400,269.00000000,0
1506085326,22049966,0.14400,695.10576389,0
1506085177,22049803,0.14399,150.00000000,0
1506085019,22049620,0.14399,1317.22327793,0
1506085018,22049619,0.14398,1453.82970000,0
1506085010,22049614,0.14398,1052.36809612,1
1506085009,22049613,0.14366,148.50000000,1
1506085008,22049611,0.14366,854.58108704,0
1506084969,22049569,0.14392,21655.12999000,0
1506084969,22049568,0.14390,8344.87001000,0
1506084899,22049495,0.14400,4810.46423611,0
1506084899,22049491,0.14398,4033.69956000,1
1506084899,22049490,0.14397,806.73991000,1
1506084897,22049489,0.14361,1437.11940000,0
1506084723,22049280,0.14287,57.38400000,1
1506084708,22049260,0.14287,573.84000000,1
1506084686,22049244,0.14287,104.40000000,1
1506084383,22048957,0.14287,54.18000000,0
1506084190,22048815,0.14305,35.00000000,0
1506084168,22048799,0.14276,856.80000000,0
1506084124,22048783,0.14279,764.65437300,1
1506083996,22048700,0.14326,696.29079994,0
1506083909,22048663,0.14265,1300.73400000,0
1506083888,22048655,0.14267,307.44108000,0
1506083874,22048650,0.14271,43.34643000,0
1506083868,22048648,0.14273,433.08792000,0
1506083859,22048639,0.14275,8282.74827800,0
1506083859,22048638,0.14275,630.93750600,0
1506083858,22048637,0.14275,4149.42643400,0
1506083724,22048500,0.14230,5197.00000000,1
1506083690,22048482,0.14233,2500.77145560,1
1506083622,22048450,0.14263,852.82700000,1
1506083620,22048445,0.14263,147.17300000,0
1506083605,22048433,0.14267,804.82700000,0
1506083494,22048324,0.14343,347.69574008,0
1506083411,22048203,0.14395,692.94894060,0
1506083196,22048042,0.14304,10000.00000000,0
1506083194,22048036,0.14350,1000.00000000,1
1506083033,22047919,0.14399,603.06924091,0
1506083033,22047918,0.14398,1432.60580000,1
1506083032,22047917,0.14394,1428.72440000,0
1506082996,22047894,0.14286,2337.91157000,1
1506082945,22047861,0.14415,2367.74269857,1
1506082943,22047859,0.14300,1101.00000000,0
1506082904,22047833,0.14263,200.00000000,1
1506082765,22047633,0.14270,219.06848540,1
1506082760,22047629,0.14270,219.06848540,1
1506082746,22047601,0.14254,214.60000000,1
1506082598,22047284,0.14271,2445.00000000,0
1506082576,22047250,0.14276,150.00000000,0
1506082536,22047186,0.14303,697.41047333,0
1506082505,22047135,0.14219,938.84560400,1
1506082505,22047133,0.14220,5957.57181400,1
1506082493,22047110,0.14218,2138.42058200,1
1506082493,22047109,0.14218,1797.94021000,1
1506082485,22047103,0.14347,3476.33651634,0
1506082444,22047063,0.14213,2440.12989200,1
1506082231,22046850,0.14309,697.11803760,0
1506082105,22046686,0.14238,460.00000000,0
1506081995,22046554,0.14170,200.00000000,1
1506081982,22046542,0.14232,4191.68615989,0
1506081918,22046481,0.14234,350.32099199,0
1506081860,22046441,0.14174,2159.28680600,1
1506081860,22046440,0.14175,1475.82486000,1
1506081856,22046435,0.14174,2143.90808152,1
1506081856,22046434,0.14200,2540.00000000,1
1506081856,22046433,0.14200,2500.00000000,1
1506081856,22046432,0.14200,100.00000000,1
1506081855,22046430,0.14201,5000.00000000,1
1506081855,22046429,0.14201,5000.00000000,1
1506081855,22046428,0.14204,100.60000000,1
1506081855,22046425,0.14210,10000.00000000,1
1506081854,22046423,0.14217,150.00000000,1
1506081854,22046422,0.14230,350.49191848,1
1506081854,22046421,0.14238,115.00000000,1
1506081849,22046411,0.14240,110.00000000,1
1506081849,22046410,0.14242,98.28527259,1
1506081848,22046408,0.14242,0.73162700,1
1506081847,22046407,0.14250,1048.82837300,1
1506081837,22046391,0.14250,824.50881800,1
1506081819,22046366,0.14250,4565.19561800,1
1506081816,22046364,0.14250,561.46719100,1
1506081816,22046363,0.14250,626.66280900,1
1506081806,22046349,0.14250,1873.33719100,1
1506081613,22046046,0.14277,745.28988041,0
1506081601,22045987,0.14255,221.29803569,1
1506081601,22045986,0.14276,100.00000000,1
1506081601,22045985,0.14282,200.00000000,1
1506081600,22045984,0.14287,34.32922431,1
1506081533,22045934,0.14287,114.71253600,1
1506081514,22045907,0.14287,50.95823969,1
1506081443,22045778,0.14336,3479.02559989,0
1506081291,22045523,0.14348,1112.35015333,0
1506081284,22045514,0.14353,1111.96265589,0
1506081246,22045387,0.14383,3467.65702566,0
1506081193,22045226,0.14304,5000.00000000,1
1506081005,22045108,0.14403,1767.61725194,0
1506081005,22045106,0.14403,10355.61340058,0
1506081005,22045103,0.14403,20752.36615942,1
1506081005,22045102,0.14403,6755.78657225,1
1506081005,22045100,0.14403,4500.00000000,1
1506081004,22045097,0.14403,5338.61189000,1
1506081003,22045094,0.14403,17324.71151000,1
1506081002,22045092,0.14403,313.21510453,1
1506081002,22045091,0.14397,16348.67500000,0
1506081002,22045090,0.14397,38408.70000000,0
1506080997,22045088,0.14401,346.33226859,0
1506080858,22044717,0.14287,2420.90658900,0
1506080858,22044713,0.14287,6579.09341100,0
1506080750,22044480,0.14285,2035.00000000,1
1506080750,22044477,0.14285,1249.79817200,1
1506080750,22044474,0.14286,5958.87982800,1
1506080749,22044470,0.14290,791.32200000,0
1506080745,22044454,0.14285,4195.32222356,1
1506080745,22044452,0.14298,587.60656000,1
1506080745,22044450,0.14299,2000.00000000,1
1506080744,22044449,0.14299,5958.88477500,0
1506080744,22044447,0.14300,180.00000000,1
1506080744,22044445,0.14300,668.18545000,1
1506080744,22044444,0.14300,700.00000000,1
1506080744,22044443,0.14300,160.00000000,1
1506080741,22044437,0.14306,1810.25197000,0
1506080738,22044424,0.14306,587.27803000,1
1506080738,22044422,0.14308,7769.47000000,1
1506080679,22044166,0.14337,12544.90794100,1
1506080668,22044129,0.14411,54.68246478,0
1506080667,22044127,0.14411,317.79798000,0
1506080643,22044069,0.14433,132.83489226,0
1506080627,22044027,0.14338,3253.00000000,1
1506080559,22043883,0.14419,172.94992718,0
1506080433,22043664,0.14375,94.37273043,0
1506080276,22043558,0.14338,3350.69384000,1
1506080274,22043556,0.14339,1649.30616000,1
1506080227,22043509,0.14338,150.00000000,1
1506080182,22043487,0.14338,9135.72100000,1
1506080182,22043486,0.14350,740.73400000,1
1506080181,22043485,0.14350,759.26600000,1
1506080181,22043484,0.14352,8376.00000000,1
1506080181,22043483,0.14382,0.45500000,1
1506080123,22043458,0.14408,346.16400611,0
1506079950,22043305,0.14409,632.81310292,0
1506079710,22043196,0.14418,1000.00000000,0
1506079427,22043068,0.14363,650.00000000,0
1506079207,22042895,0.14341,4304.08524443,0
1506079207,22042894,0.14341,10000.00000000,0
1506079207,22042893,0.14341,10000.00000000,0
1506079206,22042892,0.14341,10000.00000000,0
1506079205,22042891,0.14341,10000.00000000,0
1506079205,22042890,0.14341,11900.66500000,0
1506079205,22042889,0.14341,10000.00000000,0
1506079205,22042888,0.14341,10000.00000000,0
1506079204,22042887,0.14341,10000.00000000,0
1506079203,22042884,0.14341,11079.42700000,0
1506079200,22042880,0.14340,253.84882000,1
1506079195,22042878,0.14340,1740.77904000,1
1506079192,22042853,0.14340,0.00002000,0
1506079191,22042847,0.14340,2068.25230000,0
1506079144,22042816,0.14341,10066.43198000,0
1506079068,22042763,0.14341,695.63189457,0
1506079047,22042711,0.14341,1789.28940200,0
1506079043,22042705,0.14341,2475.87220000,0
1506079043,22042704,0.14341,2475.87220000,0
1506079042,22042703,0.14341,2475.87220000,0
1506079042,22042702,0.14341,2475.87220000,0
1506079042,22042701,0.14341,10000.00000000,0
1506079042,22042700,0.14341,10000.00000000,0
1506079041,22042699,0.14341,10000.00000000,0
1506079041,22042698,0.14341,10000.00000000,0
1506079041,22042697,0.14341,10000.00000000,0
1506079041,22042696,0.14341,10000.00000000,0
1506079040,22042694,0.14341,10000.00000000,0
1506079040,22042693,0.14341,10000.00000000,0
1506079040,22042692,0.14341,10000.00000000,0
1506079040,22042691,0.14341,10000.00000000,0
1506079039,22042690,0.14341,7524.12777000,0
1506079039,22042689,0.14340,2475.87223000,0
1506078931,22042565,0.14341,2367.10324100,0
1506078915,22042550,0.14340,40.00000000,0
1506078859,22042494,0.14341,7503.02781900,0
1506078859,22042493,0.14340,2949.15512000,0
1506078812,22042477,0.14340,272.92064040,0
1506078806,22042472,0.14340,499.68000000,0
1506078791,22042469,0.14340,499.68000000,0
1506078786,22042463,0.14340,1413.89539679,1
1506078783,22042460,0.14341,498.96000000,0
1506078775,22042458,0.14341,499.68000000,0
1506078773,22042456,0.14340,4014.82316000,1
1506078768,22042455,0.14340,4737.84850000,0
1506078765,22042454,0.14340,42.22584000,0
1506078758,22042452,0.14340,53.09100000,0
1506078751,22042449,0.14340,53.09100000,0
1506078744,22042447,0.14340,530.84754000,0
1506078730,22042442,0.14340,173.88756000,0
1506078724,22042440,0.14340,173.88756000,0
1506078720,22042439,0.14340,100.00000000,1
1506078718,22042431,0.14341,1738.75086000,0
1506078712,22042427,0.14341,49.88628000,0
1506078707,22042425,0.14341,498.24000000,0
1506078705,22042424,0.14341,8757.92044700,0
1506078703,22042421,0.14351,8757.93010200,1
1506078703,22042420,0.14352,8710.35416000,1
1506078687,22042413,0.14422,2074.96789627,0
1506078539,22042279,0.14444,48342.17418998,0
1506078536,22042278,0.14447,4833.21353914,0
1506078523,22042254,0.14343,2045.97337600,1
1506078177,22041983,0.14407,50.00000000,1
1506078084,22041836,0.14407,346.15117651,0
1506078071,22041805,0.14428,50.00000000,0
1506077940,22041642,0.14420,8646.89868239,0
1506077931,22041633,0.14426,1731.53080119,0
1506077807,22041439,0.14398,1783.23362295,1
1506077663,22041291,0.14398,1410.00000000,1
1506077662,22041286,0.14398,2193.29063100,1
1506077662,22041285,0.14398,9894.00000000,1
1506077661,22041282,0.14398,50116.34142000,1
1506077659,22041273,0.14397,4472.61881000,0
1506077658,22041272,0.14341,1201.88778600,1
1506077658,22041271,0.14341,798.11221400,1
1506077658,22041270,0.14342,1000.00000000,1
1506077658,22041269,0.14343,8095.88778600,1
1506077658,22041268,0.14343,1000.00000000,1
1506077656,22041265,0.14343,205.00000000,1
1506077654,22041262,0.14343,206.00000000,1
1506077651,22041256,0.14343,205.00000000,1
1506077644,22041252,0.14343,205.00000000,1
1506077643,22041249,0.14343,1565.52425400,1
1506077606,22041206,0.14411,1038.37943238,0
1506077451,22040979,0.14340,206.00000000,1
1506077310,22040807,0.14498,344.01510553,0
1506077292,22040773,0.14340,206.00000000,1
1506077289,22040767,0.14338,2092.00000000,1
1506077289,22040766,0.14339,1000.00000000,1
1506077286,22040762,0.14338,206.00000000,1
1506077283,22040756,0.14338,3092.00000000,1
1506077282,22040755,0.14338,206.00000000,1
1506077279,22040752,0.14338,3092.00000000,1
1506077276,22040750,0.14338,206.00000000,1
1506077272,22040735,0.14338,206.00000000,1
1506077270,22040731,0.14390,49.88628000,0
1506077269,22040723,0.14391,69.31457161,0
1506077267,22040719,0.14338,206.00000000,1
1506077266,22040717,0.14337,1669.24540000,1
1506077266,22040716,0.14340,1000.00000000,1
1506077264,22040708,0.14341,5014.14614600,1
1506077256,22040691,0.14341,2667.75190000,1
1506077249,22040679,0.14337,206.00000000,1
1506077247,22040674,0.14337,579.84665900,1
1506077241,22040669,0.14338,1166.69825400,1
1506077236,22040661,0.14338,3298.00000000,1
1506077231,22040644,0.14338,2757.67997000,1
1506077226,22040636,0.14338,206.00000000,1
1506077225,22040635,0.14338,760.33619400,1
1506077224,22040631,0.14338,1811.28558200,1
1506077224,22040630,0.14380,302.66734700,1
1506077180,22040560,0.14380,697.33265300,1
1506077179,22040559,0.14380,1000.00000000,1
1506077161,22040548,0.14381,206.00000000,1
1506077158,22040542,0.14381,3298.00000000,1
1506077148,22040528,0.14381,175.53624700,1
1506077148,22040527,0.14382,1385.27777000,1
1506077148,22040526,0.14385,694.83829900,1
1506077141,22040516,0.14476,1378.14313346,0
1506077137,22040509,0.14435,3928.02430366,1
1506077137,22040508,0.14435,844.50080100,1
1506077137,22040507,0.14435,844.14489200,1
1506077137,22040506,0.14435,1158.19565800,1
1506077135,22040504,0.14435,135.46500000,0
1506077101,22040470,0.14385,305.16170100,1
1506076940,22040383,0.14400,39.53500000,1
1506076820,22040316,0.14412,693.69187000,1
1506076715,22040244,0.14506,687.64649110,0
1506076654,22040204,0.14400,0.00003543,0
1506076654,22040203,0.14400,96.85710000,0
1506076557,22040076,0.14341,6758.78980339,0
1506076556,22040074,0.14341,10000.00000000,0
1506076556,22040073,0.14341,10000.00000000,0
1506076555,22040072,0.14340,4923.91896000,1
1506076554,22040071,0.14341,252.95468782,0
1506076552,22040070,0.14345,2389.54997000,1
1506076545,22040067,0.14400,2929.46403776,0
1506076535,22040036,0.14400,45.04705598,1
1506076534,22040035,0.14400,1000.00000000,1
1506076534,22040034,0.14400,2000.00000000,1
1506076534,22040032,0.14400,1105.63177083,1
1506076522,22040015,0.14404,310.57686000,0
1506076509,22039995,0.14407,50.48730000,0
1506076504,22039986,0.14407,504.56250000,0
1506076498,22039980,0.14409,533.86500000,0
1506076497,22039978,0.14407,77.31450000,0
1506076492,22039969,0.14409,772.95870000,0
1506076492,22039968,0.14409,667.42500000,0
1506076489,22039966,0.14410,1500.00000000,1
1506076480,22039946,0.14411,4564.45428878,1
1506076454,22039885,0.14411,1824.81956300,1
1506076441,22039859,0.14411,800.00000000,1
1506076431,22039830,0.14411,10599.95760016,1
1506076420,22039807,0.14448,231.11127000,0
1506076415,22039797,0.14449,294.42545758,1
1506076346,22039721,0.14412,45.01926000,1
1506076343,22039717,0.14411,1510.76854806,1
1506076341,22039715,0.14412,1508.35443100,1
1506076333,22039703,0.14412,2068.64556900,1
1506076332,22039700,0.14412,207.00000000,1
1506076307,22039649,0.14412,3108.00000000,1
1506076299,22039646,0.14412,3108.00000000,1
1506076251,22039588,0.14469,5859.90738820,0
1506076197,22039557,0.14469,458.45711521,0
1506075876,22039334,0.14417,0.47728000,1
1506075876,22039333,0.14418,1719.86162000,1
1506075842,22039315,0.14429,140.00000000,1
1506075720,22039197,0.14527,199.62221676,0
1506075720,22039196,0.14497,4455.97836000,0
1506075720,22039195,0.14470,1433.65210000,0
1506075718,22039194,0.14449,175.00000000,0
1506075651,22039152,0.14420,2224.09932333,0
1506075651,22039151,0.14423,2718.55164667,1
1506075651,22039150,0.14424,6907.34903000,1
1506075650,22039149,0.14436,10000.00000000,1
1506075529,22039103,0.14450,4184.53222700,1
1506075529,22039102,0.14452,6145.50390073,1
1506075529,22039101,0.14453,5761.35972000,1
1506075522,22039097,0.14453,4238.64028000,1
1506075487,22039052,0.14451,4238.64028000,1
1506075474,22039015,0.14460,350.00000000,1
1506075459,22039006,0.14512,135.00000000,0
1506075377,22038942,0.14450,2900.00000000,1
1506075368,22038934,0.14450,1000.00000000,1
1506075355,22038917,0.14450,666.42414000,1
1506075311,22038874,0.14450,3001.28463300,1
1506075291,22038861,0.14519,383.71086162,1
1506075291,22038860,0.14480,256.53069914,0
1506075289,22038859,0.14479,2114.41300000,0
1506075269,22038838,0.14479,385.58700000,0
1506075142,22038643,0.14480,482.18232044,0
1506075112,22038594,0.14450,8247.75900000,1
1506075111,22038593,0.14452,545.75000000,1
1506075111,22038591,0.14453,10000.00000000,1
1506075031,22038549,0.14480,6888.76691988,0
1506074829,22038362,0.14480,494.64000000,0
1506074804,22038344,0.14480,1500.00000000,1
1506074804,22038343,0.14480,494.88006054,1
1506074597,22038215,0.14511,377.77165679,0
1506074563,22038175,0.14522,700.00000000,0
1506074553,22038157,0.14480,4305.85731300,1
1506074506,22038093,0.14480,3580.92620000,0
1506074506,22038092,0.14480,36.00000000,0
1506074506,22038091,0.14480,3995.15302752,0
1506074498,22038075,0.14480,205.95542168,0
1506074470,22038006,0.14480,110.00000000,1
1506074470,22038005,0.14480,250.00000000,1
1506074470,22038002,0.14480,10475.67920663,1
1506074469,22037999,0.14480,5762.98943200,1
1506074403,22037714,0.14581,35064.39345723,1
1506074403,22037712,0.14544,71.54734003,0
1506074401,22037706,0.14533,2189.59946330,0
1506074401,22037705,0.14533,2915.61525084,0
1506074401,22037704,0.14507,139.00000000,0
1506074088,22037223,0.14480,2002.42765410,1
1506073890,22037067,0.14480,755.90000000,1
1506073622,22036967,0.14489,531.08886200,0
1506073618,22036965,0.14489,2321.51814200,0
1506073612,22036960,0.14500,1030.00000000,1
1506073612,22036958,0.14500,170.00000000,1
1506073612,22036956,0.14500,171.57351952,1
1506073610,22036952,0.14500,2279.85851548,1
1506073599,22036928,0.14544,1417.05580026,1
1506073597,22036925,0.14544,1488.60314029,1
1506073346,22036688,0.14544,139.00000000,0
1506072883,22036403,0.14572,1311.72000000,0
1506072851,22036360,0.14518,139.00000000,0
1506072828,22036313,0.14502,4950.00000000,0
1506072828,22036312,0.14502,50.00000000,0
1506072827,22036310,0.14502,10000.00000000,1
1506072781,22036288,0.14594,824.11285459,1
1506072779,22036287,0.14556,1435.18840000,0
1506072639,22036204,0.14570,8431.24063143,0
1506072286,22035939,0.14500,548.56796500,1
1506072251,22035927,0.14491,17007.74663000,0
1506072251,22035926,0.14492,9483.38762000,1
1506072251,22035925,0.14500,2751.72413793,1
1506072232,22035907,0.14500,1000.00000000,1
1506072232,22035906,0.14501,100.00000000,1
1506072232,22035905,0.14510,100.00000000,1
1506072232,22035903,0.14520,100.00000000,1
1506072032,22035780,0.14572,1238.98362199,1
1506072031,22035779,0.14574,2500.00000000,1
1506072030,22035777,0.14570,190.21067801,0
1506071800,22035632,0.14600,0.99988952,1
1506071797,22035628,0.14600,1999.75011048,1
1506071753,22035587,0.14628,306.11054142,0
1506071752,22035586,0.14559,315.23773268,0
1506071745,22035579,0.14559,984.62323900,0
1506071719,22035572,0.14559,342.53726217,0
1506071706,22035530,0.14559,68.51473315,0
1506071646,22035423,0.14559,1011.65218300,0
1506071602,22035399,0.14560,2722.56515000,1
1506071515,22035341,0.14645,681.11983612,0
1506071422,22035294,0.14579,273.60000000,1
1506071363,22035268,0.14600,1000.00000000,1
1506071341,22035266,0.14579,2276.97289000,1
1506071333,22035263,0.14676,6824.04095121,0
1506071299,22035225,0.14607,992.88945649,0
1506071299,22035224,0.14607,748.39896688,0
1506071257,22035162,0.14600,1000.00000000,1
1506071196,22035140,0.14600,1000.00000000,1
1506071039,22035061,0.14610,2389.59616700,0
1506070961,22034971,0.14587,139.00000000,1
1506070462,22034561,0.14603,1984.84557968,0
1506070393,22034542,0.14622,1043.75906169,0
1506070344,22034509,0.14677,4170.78120814,1
1506070344,22034508,0.14613,3161.06950000,0
1506070344,22034507,0.14613,1433.14980000,1
1506070342,22034505,0.14611,2369.56831000,0
1506070342,22034504,0.14611,2500.00000000,0
1506070251,22034454,0.14614,682.56466402,0
1506070222,22034437,0.14600,3416.16438356,1
1506070222,22034436,0.14600,76.69412607,1
1506070073,22034399,0.14648,15000.00000000,0
1506070022,22034385,0.14654,680.70574587,0
1506069801,22034092,0.14600,204.00000000,1
1506069791,22034081,0.14601,204.00000000,1
1506069785,22034077,0.14601,204.00000000,1
1506069713,22033992,0.14614,91.13014917,0
1506069711,22033989,0.14600,1275.22930700,0
1506069679,22033933,0.14600,724.77069300,0
1506069615,22033897,0.14536,392.00000000,0
1506069521,22033851,0.14592,35.00000000,0
1506069517,22033848,0.14504,4822.51318927,1
1506069517,22033847,0.14507,493.92000000,1
1506069311,22033770,0.14480,1003.00370727,1
1506069311,22033769,0.14500,100.00000000,1
1506069311,22033768,0.14508,6645.50390073,1
1506069310,22033767,0.14508,1542.89000000,0
1506069310,22033766,0.14510,1347.07969000,0
1506069310,22033765,0.14510,6736.51423000,0
1506069310,22033763,0.14554,760.05902000,1
1506069308,22033761,0.14555,4410.58425000,1
1506069212,22033695,0.14555,5589.41575000,1
1506069161,22033671,0.14598,683.22023564,0
1506068917,22033393,0.14599,687.70800000,0
1506068692,22033307,0.14557,1356.82351000,1
1506068504,22033170,0.14605,152.01157137,0
1506068504,22033169,0.14593,823.23438396,0
1506068503,22033168,0.14583,392.00000000,1
1506068484,22033143,0.14628,756.21404000,1
1506068048,22032777,0.14676,5.50000000,1
1506067898,22032606,0.14676,49.50000000,1
1506067833,22032590,0.14716,3375.63264474,0
1506067343,22032387,0.14676,108.00000000,1
1506067342,22032386,0.14676,392.00000000,0
1506067266,22032362,0.14672,1000.00000000,1
1506067235,22032352,0.14672,705.00000000,1
1506067069,22032226,0.14672,6793.56346300,1
1506067069,22032224,0.14672,371.41667500,1
1506067069,22032222,0.14690,1150.39782000,1
1506066694,22031998,0.14743,1850.11459358,1
1506066694,22031997,0.14721,3579.27632000,1
1506066692,22031994,0.14721,1280.60908642,0
1506066692,22031990,0.14731,4210.00000000,1
1506066691,22031989,0.14731,2500.00000000,0
1506066504,22031884,0.14753,3380.68941910,0
1506066434,22031858,0.14740,151.65000000,0
1506066414,22031850,0.14664,35.00000000,1
1506066314,22031774,0.14740,1025.76330000,0
1506066222,22031670,0.14761,2055.12607546,0
1506066222,22031669,0.14761,2500.00000000,1
1506066221,22031668,0.14753,1394.12750000,1
1506066220,22031667,0.14753,2500.00000000,0
1506066056,22031388,0.14765,4090.10926691,0
1506066056,22031387,0.14764,3432.61939000,0
1506066054,22031386,0.14732,342.00000000,0
1506065863,22031312,0.14700,0.54100000,1
1506065863,22031311,0.14720,773.24400000,1
1506065781,22031282,0.14720,363.75600000,1
1506065773,22031278,0.14731,203.14425361,0
1506065498,22031075,0.14753,330.72300000,0
1506065461,22031047,0.14753,750.58788043,1
1506065460,22031046,0.14754,269.66925000,1
1506065305,22030917,0.14759,1692.00020327,1
1506065304,22030915,0.14759,1797.12500846,0
1506064921,22030710,0.14800,728.22204844,1
1506064921,22030709,0.14800,1642.63000000,1
1506064910,22030692,0.14801,346.82658670,1
1506064905,22030677,0.14800,346.82658670,1
1506064901,22030673,0.14800,396.57317000,1
1506064884,22030656,0.14800,1618.88694938,1
1506064883,22030653,0.14800,3781.90945500,1
1506064883,22030652,0.14800,5125.61412100,1
1506064883,22030651,0.14800,832.01130400,1
1506064878,22030643,0.14800,1030.53084505,1
1506064878,22030642,0.14800,768.23243195,1
1506064874,22030637,0.14800,1371.17260000,1
1506064860,22030625,0.14801,4174.45405000,0
1506064860,22030624,0.14801,342.00000000,0
1506064859,22030621,0.14800,3042.14527000,1
1506064833,22030599,0.14800,496.45199300,1
1506064794,22030579,0.14800,70.96937000,1
1506064753,22030557,0.14800,71.04018000,1
1506064729,22030542,0.14800,6677.47071500,1
1506064637,22030485,0.14800,2500.00000000,1
1506064632,22030477,0.14800,118.07611000,1
1506064609,22030430,0.14872,1000.00000000,0
1506064584,22030377,0.14801,4774.01474000,1
1506064570,22030329,0.14805,700.00000000,1
1506064450,22030038,0.14817,589.53228094,1
1506064450,22030035,0.14900,5.22118906,1
1506064442,22030015,0.14900,11801.78340525,1
1506064409,22029977,0.14900,212.32632000,1
1506064409,22029976,0.14900,212.32632000,1
1506064408,22029975,0.14900,892.34562900,1
1506064401,22029925,0.14900,2201.85843300,1
1506064389,22029911,0.14900,1325.12948200,1
1506064365,22029857,0.14900,5590.26721100,1
1506064333,22029763,0.14900,2500.00000000,1
1506064319,22029743,0.14900,3000.00000000,1
1506064316,22029737,0.14901,400.00000000,1
1506064307,22029726,0.14901,202.00000000,1
1506064279,22029675,0.14900,679.69375000,1
1506064278,22029672,0.14900,2701.84000000,1
1506064275,22029666,0.14900,12656.42237900,1
1506064273,22029657,0.14900,12650.09727430,1
1506064271,22029653,0.14900,1526.81675500,1
1506064269,22029640,0.14900,14909.65565375,1
1506064267,22029635,0.14900,1505.27936500,1
1506064267,22029633,0.14901,5160.59765000,1
1506064267,22029632,0.14904,951.43254000,0
1506064267,22029631,0.14903,1392.06330000,0
1506064265,22029627,0.14900,3396.77030995,1
1506064264,22029624,0.14900,1525.44865772,1
1506064262,22029614,0.14900,1523.92536914,1
1506064219,22029585,0.14947,10127.11968956,1
1506064219,22029583,0.14905,499.75012493,0
1506064132,22029470,0.14904,3346.43793612,0
1506064070,22029388,0.14851,3249.44426000,1
1506064070,22029387,0.14852,10000.00000000,1
1506064066,22029370,0.14850,2711.06888823,1
1506064066,22029365,0.14850,113.96011396,1
1506064066,22029364,0.14850,1709.40170940,1
1506064064,22029353,0.14846,2283.69710263,1
1506064056,22029325,0.14904,662.59467257,0
1506063967,22029101,0.14857,2471.08051200,1
1506063933,22029033,0.14905,5938.21615121,1
1506063932,22029032,0.14905,756.21404000,0
1506063796,22028944,0.14872,3231.69260000,0
1506063796,22028943,0.14842,342.00000000,0
1506063105,22028366,0.14826,1814.53728000,1
1506063062,22028308,0.14822,15000.00000000,1
1506062709,22027985,0.14785,8379.97750400,1
1506062611,22027859,0.14863,22545.63479782,0
1506062595,22027854,0.14781,477.11306300,1
1506062419,22027732,0.14902,6313.77801637,1
1506062418,22027731,0.14830,760.05902000,0
1506062418,22027730,0.14830,45.00000000,1
1506062418,22027729,0.14810,189.92684000,0
1506062416,22027728,0.14756,763.89054000,0
1506062400,22027694,0.14724,44.99999000,1
1506061996,22027419,0.14720,63.00000000,1
1506061817,22027347,0.14751,1256.15951460,0
1506061816,22027346,0.14699,775.26212084,0
1506061681,22027302,0.14699,690.00000000,0
1506061512,22027250,0.14699,1000.00000000,0
1506061200,22027155,0.14699,0.00000387,1
1506060977,22027082,0.14699,699.99999613,1
1506060976,22027081,0.14713,0.00000387,1
1506060951,22027066,0.14713,6699.42740000,1
1506060947,22027065,0.14713,6031.82175400,1
1506060942,22027064,0.14713,2145.07137900,1
1506060931,22027054,0.14713,10000.00000000,1
1506060930,22027053,0.14713,10000.00000000,1
1506060930,22027052,0.14713,10000.00000000,1
1506060930,22027051,0.14713,10000.00000000,1
1506060929,22027050,0.14713,10000.00000000,1
1506060929,22027049,0.14713,10000.00000000,1
1506060929,22027048,0.14713,10000.00000000,1
1506060928,22027047,0.14713,2550.07103500,1
1506060928,22027046,0.14714,2004.28499000,1
1506060926,22027045,0.14713,5703.74483600,1
1506060926,22027044,0.14713,1004.59893500,1
1506060926,22027043,0.14713,1468.54936200,1
1506060925,22027042,0.14713,2500.00000000,1
1506060925,22027041,0.14713,5000.00000000,1
1506060924,22027040,0.14711,1951.52994000,0
1506060923,22027039,0.14708,2500.00000000,0
1506060923,22027038,0.14708,5000.00000000,0
1506060923,22027037,0.14706,16376.58159000,0
1506060769,22027024,0.14707,200.00000000,0
1506060727,22027005,0.14728,324.96156980,0
1506060372,22026826,0.14725,2992.03167647,1
1506060371,22026824,0.14674,621.82282353,0
1506060369,22026823,0.14674,1696.82661647,0
1506060369,22026822,0.14671,84.60000000,0
1506060367,22026821,0.14646,1832.42788353,0
1506060078,22026722,0.14646,91.25085347,0
1506060077,22026721,0.14612,45.00000000,0
1506060001,22026691,0.14573,399.44824000,1
1506059673,22026585,0.14637,170.37405206,0
1506059532,22026545,0.14633,50.95820243,0
1506059297,22026472,0.14639,681.40323793,0
1506059169,22026443,0.14640,100.52661000,0
1506059132,22026436,0.14537,1534.45347021,0
1506059127,22026435,0.14537,451.20609000,0
1506059117,22026429,0.14537,1405.57610000,0
1506059110,22026421,0.14538,1597.06129000,1
1506059110,22026420,0.14539,10000.00000000,1
1506058982,22026387,0.14511,700.00000000,0
1506058937,22026376,0.14568,223.55175727,0
1506058800,22026302,0.14528,300.30764000,1
1506058772,22026289,0.14646,2576.32126300,1
1506058772,22026288,0.14646,4600.41477700,1
1506058635,22026253,0.14624,59.55607911,0
1506057887,22025948,0.14502,2000.00000000,1
1506057750,22025758,0.14631,776.61900000,1
1506057631,22025715,0.14554,322.25635155,1
1506057600,22025704,0.14573,0.43600000,1
1506056862,22025306,0.14605,350.00000000,1
1506056407,22025125,0.14554,623.00000000,0
1506055749,22024871,0.14589,2103.13353300,0
1506055739,22024862,0.14568,77.00000000,0
1506055204,22024521,0.14630,17602.09667000,1
1506055199,22024517,0.14630,4238.27822000,1
1506055199,22024516,0.14630,11268.61050300,1
1506055184,22024503,0.14630,9824.71520000,1
1506055184,22024502,0.14630,3000.00000000,1
1506055173,22024492,0.14630,9227.24167700,1
1506055173,22024491,0.14630,10000.00000000,1
1506055147,22024480,0.14630,2551.09368800,1
1506055147,22024479,0.14631,1669.11039000,1
1506055139,22024471,0.14630,2601.35964000,1
1506055133,22024455,0.14630,36309.46183900,1
1506055125,22024441,0.14631,1000.00000000,1
1506055116,22024428,0.14630,7966.64935000,1
1506055116,22024427,0.14631,2033.35065000,1
1506055088,22024402,0.14630,6996.78061200,1
1506055084,22024389,0.14630,1630.89000000,1
1506055083,22024377,0.14630,10219.73317100,1
1506055082,22024374,0.14630,2546.98471600,1
1506055082,22024372,0.14630,2432.47102200,1
1506055081,22024369,0.14631,1629.74675000,1
1506055076,22024358,0.14630,1521.27412700,1
1506055076,22024356,0.14631,1301.72973000,1
1506055066,22024324,0.14631,499.20533000,0
1506055065,22024321,0.14630,3304.01550600,1
1506055065,22024320,0.14630,6826.65511200,1
1506055062,22024315,0.14630,5595.84938200,1
1506055060,22024313,0.14630,4497.62000000,1
1506055057,22024307,0.14630,1991.51000000,1
1506055054,22024288,0.14631,142.00830362,1
1506055054,22024286,0.14631,115.50678602,1
1506055054,22024285,0.14631,1732.60179036,1
1506055028,22024228,0.14630,9643.30597400,1
1506055027,22024224,0.14630,3896.16215400,1
1506055027,22024223,0.14631,2457.35065000,1
1506055027,22024221,0.14631,14696.11714000,1
1506055014,22024194,0.14631,1852.63923200,1
1506054996,22024164,0.14630,1596.44727300,1
1506054995,22024163,0.14630,10000.00000000,1
1506054995,22024162,0.14630,10000.00000000,1
1506054995,22024160,0.14630,10000.00000000,1
1506054995,22024159,0.14630,10000.00000000,1
1506054994,22024158,0.14630,10000.00000000,1
1506054994,22024157,0.14630,10000.00000000,1
1506054994,22024156,0.14630,10000.00000000,1
1506054993,22024155,0.14630,10000.00000000,1
1506054993,22024152,0.14630,2884.38873400,1
1506054993,22024151,0.14630,1999.88762700,1
1506054993,22024150,0.14630,1943.18274300,1
1506054992,22024149,0.14630,2451.26000000,1
1506054992,22024148,0.14631,946.43169000,1
1506054938,22024070,0.14600,400.00000000,1
1506054860,22023998,0.14597,867.21748688,0
1506054858,22023996,0.14596,83.23315000,0
1506054858,22023995,0.14596,416.16575000,0
1506054836,22023942,0.14700,4494.88365316,0
1506054836,22023939,0.14699,2500.00000000,0
1506054836,22023937,0.14699,5000.00000000,0
1506054835,22023934,0.14681,767.76089000,0
1506054835,22023931,0.14675,151.75070000,0
1506054835,22023926,0.14672,758.75349000,0
1506054835,22023925,0.14672,2003.49594000,1
1506054833,22023917,0.14671,223.35532684,0
1506054833,22023916,0.14671,2500.00000000,0
1506054833,22023913,0.14671,5000.00000000,0
1506054669,22023595,0.14653,490.35125500,1
1506054668,22023592,0.14653,4413.16129500,1
1506054667,22023591,0.14653,1596.48745000,0
1506054667,22023590,0.14652,2500.00000000,0
1506054567,22023459,0.14669,10599.95760016,0
1506054540,22023373,0.14577,4811.49749027,0
1506054540,22023370,0.14577,2500.00000000,0
1506054540,22023369,0.14577,2253.64369000,0
1506054540,22023366,0.14573,7016.25608000,0
1506054540,22023365,0.14536,77.00000000,0
1506054252,22022620,0.14474,758.78079100,1
1506054251,22022619,0.14475,528.91232000,1
1506054046,22022213,0.14461,2297.98480000,1
1506053685,22021551,0.14435,448.79000000,1
1506053638,22021504,0.14413,77.00000000,0
1506053538,22021418,0.14468,2335.89879000,1
1506052542,22020472,0.14425,1000.00000000,0
1506052492,22020419,0.14417,2481.68848021,0
1506052489,22020408,0.14418,5222.76333225,0
1506052485,22020400,0.14418,1910.62236949,0
1506052477,22020390,0.14422,835.55000000,0
1506052475,22020389,0.14420,857.14200000,0
1506052325,22020228,0.14425,524.00000000,0
1506052180,22020110,0.14462,2628.71392405,0
1506052174,22020096,0.14385,3354.49609927,1
1506052174,22020095,0.14386,6645.50390073,1
1506051421,22019908,0.14487,248.54778981,1
1506051421,22019907,0.14487,839.69104500,1
1506051419,22019906,0.14481,0.00000404,0
1506050082,22019179,0.14390,3957.66576000,0
1506049924,22019137,0.14390,49.32576000,0
1506049917,22019136,0.14390,493.00848000,0
1506049759,22019085,0.14419,618.30700000,0
1506049729,22019068,0.14426,3435.51000000,0
1506049509,22018976,0.14370,8653.67944016,1
1506049509,22018975,0.14371,1946.27816000,1
1506049043,22018783,0.14481,670.86202596,1
1506048554,22018627,0.14548,577.71941160,0
1506048554,22018626,0.14547,3406.82488000,0
1506048552,22018625,0.14515,75.00000000,0
1506047938,22018377,0.14546,190.53837000,1
1506047758,22018273,0.14547,4625.34927000,0
1506047757,22018271,0.14481,2146.88691500,1
1506047463,22018174,0.14481,108.22878300,1
1506046821,22017986,0.14539,62.35724602,0
1506046820,22017985,0.14512,75.00000000,0
1506045796,22017539,0.14455,75.00000000,0
1506044455,22017198,0.14449,36.00000000,1
1506043820,22017064,0.14543,320.77428933,1
1506043768,22017059,0.14554,609.67736552,1
1506043762,22017057,0.14554,396.48419405,0
1506043762,22017056,0.14553,213.19317147,0
1506043341,22016813,0.14544,1416.42430000,1
1506043334,22016808,0.14544,382.75354000,1
1506043333,22016805,0.14544,722.36440000,0
1506043333,22016804,0.14544,722.61550000,0
1506043333,22016803,0.14544,721.64280000,0
1506043333,22016802,0.14544,721.63420000,0
1506043333,22016800,0.14544,728.43790000,0
1506043332,22016798,0.14544,712.13100000,0
1506043332,22016797,0.14544,712.13100000,0
1506043332,22016796,0.14543,96.89820000,0
1506043332,22016795,0.14543,656.19470000,1
1506043332,22016794,0.14543,754.12630000,1
1506043330,22016790,0.14553,20.21593100,1
1506043329,22016789,0.14553,683.26410000,1
1506043329,22016788,0.14553,683.10530000,1
1506043329,22016787,0.14553,689.83310000,1
1506043325,22016783,0.14553,3802.18966900,1
1506043325,22016782,0.14554,17658.27862000,1
1506042303,22016099,0.14612,3706.27084887,0
1506042303,22016098,0.14609,5000.00000000,0
1506042303,22016097,0.14609,221.62913000,0
1506042303,22016095,0.14609,1108.14567000,0
1506042303,22016094,0.14510,563.91195129,0
1506040141,22015195,0.14486,733.36954673,0
1506039749,22015047,0.14459,1982.53414200,0
1506039180,22014804,0.14450,1644.10877581,1
1506039178,22014799,0.14460,2041.28000000,0
1506039174,22014791,0.14460,2133.42732000,0
1506039174,22014790,0.14459,2406.88268000,0
1506039172,22014788,0.14460,2108.55000000,0
1506039172,22014786,0.14448,7073.42692000,0
1506039170,22014781,0.14450,234.08574394,0
1506039170,22014777,0.14450,1389.84473082,0
