date,tid,price,amount,type
1506124800,22081594,0.17166,172.83958674,1
1506124800,22081593,0.17227,238.11836326,1
1506124725,22081563,0.17401,28.66231826,0
1506124610,22081490,0.17234,127.13245900,1
1506124301,22081332,0.17417,261.78096480,1
1506124300,22081331,0.17417,426.80800000,1
1506124300,22081329,0.17410,40.00000000,0
1506124300,22081328,0.17407,238.11836326,0
1506124300,22081327,0.17407,649.26045000,1
1506124299,22081326,0.17394,0.38506867,0
1506124299,22081325,0.17387,237.58296068,0
1506124299,22081324,0.17387,3246.30225000,1
1506124299,22081323,0.17367,237.04787134,0
1506124298,22081322,0.17367,428.64300000,1
1506124298,22081321,0.17341,649.26045000,0
1506124298,22081320,0.17339,3246.30225000,0
1506124296,22081319,0.17332,17447.48198000,0
1506123767,22081225,0.17347,2873.36853002,1
1506123763,22081223,0.17347,19017.19058000,1
1506123763,22081222,0.17348,982.80942000,1
1506123757,22081214,0.17347,10536.57386000,1
1506123757,22081213,0.17348,17464.71083000,1
1506123752,22081206,0.17347,16755.04672500,1
1506123751,22081200,0.17347,97.63949800,1
1506123751,22081198,0.17347,18041.60914400,1
1506123746,22081193,0.17347,1979.58000000,1
1506123746,22081192,0.17347,3151.87460000,1
1506123745,22081191,0.17347,1655.95400000,1
1506123745,22081190,0.17348,1086.04600000,1
1506123743,22081187,0.17347,1913.55783602,1
1506123741,22081183,0.17347,1212.77743800,1
1506123740,22081182,0.17347,22914.56839700,1
1506123739,22081180,0.17347,3681.63208000,1
1506123739,22081178,0.17347,230.73083396,0
1506123727,22081166,0.17303,581.19260000,1
1506123724,22081162,0.17341,1231.64158000,1
1506123713,22081159,0.17340,1932.40517539,0
1506123692,22081144,0.17305,581.36150000,1
1506123659,22081131,0.17303,1089.86280000,1
1506123648,22081123,0.17303,216.53066200,1
1506123615,22081090,0.17302,4692.86428400,1
1506123615,22081089,0.17303,1175.44243000,1
1506123606,22081084,0.17302,3148.56780000,1
1506123605,22081083,0.17303,1451.43220000,1
1506123604,22081082,0.17321,69.04204400,0
1506123596,22081075,0.17302,4070.78128600,1
1506123589,22081068,0.17302,17951.27554300,1
1506123589,22081066,0.17310,10000.00000000,1
1506123589,22081064,0.17311,1613.60052000,1
1506123579,22081055,0.17311,331.10310000,1
1506123533,22080990,0.17336,2674.66999308,0
1506123523,22080971,0.17303,2250.00000000,1
1506123517,22080961,0.17303,1009.31136300,1
1506123510,22080943,0.17303,499.84675600,1
1506123504,22080922,0.17302,949.61379600,1
1506123504,22080921,0.17302,18843.17454000,1
1506123502,22080915,0.17303,368.99664000,0
1506123499,22080907,0.17302,35225.48111000,1
1506123498,22080903,0.17302,17607.20413600,1
1506123498,22080901,0.17302,18843.17454000,1
1506123497,22080894,0.17302,23506.08599900,1
1506123496,22080888,0.17303,4093.58196000,1
1506123463,22080845,0.17302,10000.00000000,1
1506123463,22080844,0.17302,10000.00000000,1
1506123461,22080843,0.17303,1426.33620000,1
1506123460,22080842,0.17302,6334.10896900,1
1506123459,22080840,0.17301,17008.55900000,0
1506123458,22080839,0.17297,6334.13527500,0
1506123458,22080838,0.17297,1422.87020000,0
1506123298,22080757,0.17310,936.30174534,0
1506123271,22080744,0.17316,404.29645000,0
1506123269,22080741,0.17317,1955.51447000,0
1506123255,22080731,0.17320,616.50870000,0
1506123198,22080719,0.17189,179.43304828,0
1506123196,22080715,0.17189,156.20788172,0
1506123193,22080713,0.17189,1478.21500000,0
1506123189,22080712,0.17190,1478.21504635,0
1506123188,22080711,0.17190,155.85089663,0
1506123187,22080707,0.17190,29323.41032700,0
1506123187,22080706,0.17190,2258.35449300,0
1506123187,22080705,0.17190,1549.66742292,0
1506123185,22080700,0.17190,8533.64421175,0
1506123182,22080695,0.17190,8529.41756834,0
1506123179,22080689,0.17190,1755.58016288,0
1506123178,22080688,0.17190,6769.64927283,0
1506123177,22080681,0.17190,53.93357000,0
1506123164,22080669,0.17190,70.81350000,0
1506123164,22080667,0.17190,155.09017000,0
1506123155,22080665,0.17190,155.63965265,0
1506123151,22080656,0.17190,198.95567000,0
1506123149,22080653,0.17190,155.40689399,0
1506123143,22080648,0.17190,10000.00000000,0
1506123138,22080642,0.17190,191.65694000,0
1506123124,22080637,0.17190,191.65694000,0
1506123089,22080627,0.17190,3785.74784500,0
1506123089,22080625,0.17189,214.61304000,0
1506123056,22080614,0.17190,14508.51867365,0
1506123054,22080613,0.17190,976.64648700,0
1506123029,22080607,0.17190,155.12191797,0
1506123018,22080605,0.17190,520.33387500,0
1506122932,22080530,0.17190,6000.00000000,0
1506122882,22080480,0.17190,3725.76926900,0
1506122882,22080479,0.17189,254.98579000,0
1506122688,22080428,0.17190,6661.24258289,0
1506122683,22080426,0.17190,40639.29395474,0
1506122683,22080425,0.17189,302.95341000,0
1506122609,22080414,0.17190,282.36835000,0
1506122609,22080413,0.17189,359.94465000,0
1506122608,22080412,0.17190,1546.72000000,0
1506122605,22080411,0.17190,630.82600000,0
1506122600,22080408,0.17190,6717.06457241,0
1506122598,22080404,0.17190,1773.69299000,0
1506122598,22080403,0.17189,427.65701000,0
1506122595,22080400,0.17190,628.82400000,0
1506122583,22080394,0.17190,1574.24048000,0
1506122583,22080393,0.17189,625.83952000,0
1506122580,22080392,0.17190,0.43848000,0
1506122580,22080391,0.17189,625.83952000,0
1506122569,22080385,0.17190,626.27800000,0
1506122550,22080377,0.17190,2486.71000000,0
1506122544,22080376,0.17190,0.52029000,0
1506122544,22080375,0.17189,743.57171000,0
1506122537,22080372,0.17147,62.31974900,1
1506122527,22080367,0.17190,2346.53000000,0
1506122524,22080361,0.17190,0.61846000,0
1506122524,22080360,0.17189,883.45154000,0
1506122478,22080349,0.17189,1049.64539000,0
1506122418,22080341,0.17180,8434.97374776,0
1506122415,22080332,0.17180,2811.19370396,0
1506122415,22080331,0.17180,5706.79570232,0
1506122407,22080328,0.17180,1664.11019900,0
1506122403,22080325,0.17148,106.59299500,0
1506122402,22080324,0.17148,373.40700500,0
1506122280,22080308,0.17180,4887.80365468,0
1506122048,22080273,0.17180,2278.27533800,0
1506122033,22080269,0.17177,55.58806300,0
1506121832,22080245,0.17180,393.33408200,0
1506121803,22080240,0.17180,69.68102400,0
1506121675,22080226,0.17189,1247.10344000,0
1506121458,22080197,0.17147,35.31974900,1
1506121458,22080196,0.17205,27.00000000,1
1506121211,22080131,0.17204,480.00000000,0
1506120683,22079845,0.17258,1285.78765000,0
1506120579,22079825,0.17259,275.04490410,0
1506120565,22079823,0.17259,1446.63897097,0
1506120367,22079794,0.17258,5786.89118090,1
1506120365,22079793,0.17200,0.00000414,0
1506120103,22079711,0.17200,558.13246000,0
1506120089,22079706,0.17200,1555.63879000,0
1506120075,22079704,0.17200,1555.63879000,0
1506120062,22079698,0.17200,1555.63879000,0
1506120051,22079692,0.17200,26128.82319767,0
1506120049,22079691,0.17200,382.12683000,0
1506120036,22079680,0.17200,454.01207000,0
1506120023,22079676,0.17200,539.42029000,0
1506120020,22079674,0.17200,23675.64779069,0
1506120018,22079673,0.17199,2459.00866000,0
1506120009,22079669,0.17163,437.39595000,0
1506120004,22079666,0.17163,69.60404700,0
1506119994,22079659,0.17200,2184.52154600,0
1506119992,22079658,0.17200,3500.88589500,0
1506119986,22079657,0.17200,17262.69162790,0
1506119984,22079655,0.17199,2921.59445000,0
1506119936,22079643,0.17200,20646.82191860,0
1506119898,22079628,0.17347,5.78226782,0
1506119898,22079627,0.17327,235.98052591,0
1506119898,22079626,0.17327,336.91303432,1
1506119896,22079622,0.17315,336.63328916,1
1506119896,22079619,0.17315,755.81549000,0
1506119896,22079618,0.17315,3779.07747000,0
1506119884,22079612,0.17316,4873.54423654,0
1506119879,22079608,0.17271,336.91303000,0
1506119846,22079595,0.17252,1348.81457222,0
1506119814,22079551,0.17260,4947.21865585,0
1506119777,22079549,0.17321,241.15201200,0
1506119776,22079545,0.17245,4680.35074000,0
1506119328,22079394,0.17278,55.58806300,1
1506119328,22079393,0.17278,635.16973700,1
1506119327,22079392,0.17281,55.58806300,1
1506119318,22079389,0.17314,43.07495095,1
1506119318,22079388,0.17314,5758.36275200,1
1506119318,22079387,0.17314,997.49749400,1
1506119316,22079385,0.17277,577.45968047,0
1506119310,22079372,0.17280,577.43155000,0
1506119258,22079320,0.17291,1171.80448000,0
1506118939,22079196,0.17214,61.93146400,1
1506118927,22079193,0.17306,5230.28530000,0
1506118914,22079187,0.17307,5007.65815000,0
1506118808,22079123,0.17241,507.00000000,0
1506118796,22079115,0.17323,17657.22446862,0
1506118796,22079114,0.17322,896.23355000,1
1506118795,22079113,0.17296,7354.72800000,0
1506118795,22079112,0.17295,4481.16775000,1
1506118794,22079111,0.17268,55.58810000,0
1506118794,22079110,0.17268,55.58810000,0
1506118794,22079109,0.17268,55.58810000,0
1506118735,22079089,0.17309,6107.39927205,1
1506118735,22079088,0.17275,5324.15970000,0
1506118733,22079087,0.17274,5879.58993600,0
1506118581,22079033,0.17303,43663.36846431,0
1506118519,22079006,0.17315,5595.03501000,0
1506118509,22079005,0.17308,1110.91220000,1
1506118492,22078998,0.17311,4262.38473000,0
1506118479,22078992,0.17310,2518.51125000,0
1506118466,22078987,0.17312,4171.56181900,0
1506118466,22078986,0.17310,307.67868100,0
1506118463,22078985,0.17310,581.32131900,1
1506118459,22078984,0.17310,308.04629100,1
1506118425,22078967,0.17307,235.44748969,0
1506118270,22078822,0.17242,531.98900000,1
1506118204,22078791,0.17244,69.41838200,0
1506118189,22078770,0.17246,4668.48919000,0
1506118162,22078693,0.17254,3891.70488000,0
1506118083,22078545,0.17296,577.15394000,0
1506118071,22078529,0.17300,0.00000460,1
1506118070,22078526,0.17301,706.55337000,0
1506118057,22078498,0.17300,293.98667540,0
1506118044,22078484,0.17300,706.89320000,0
1506117858,22078285,0.17184,62.51572300,1
1506117727,22078132,0.17290,1350.50000000,0
1506117624,22078049,0.17261,96.00000000,0
1506117620,22078046,0.17203,488.16630000,0
1506117615,22078042,0.17209,18.83370000,1
1506117591,22078014,0.17287,1761.21793098,1
1506117568,22078005,0.17287,203.00000000,1
1506117567,22078004,0.17287,3045.00000000,1
1506117566,22078003,0.17287,234.91479827,0
1506117545,22077988,0.17253,4232.05271000,0
1506117410,22077714,0.17209,1429.24160000,1
1506117345,22077592,0.17204,55.58806000,0
1506117252,22077484,0.17198,1060.03962000,1
1506116714,22077126,0.17091,399.04985051,1
1506116712,22077123,0.17144,0.00000300,1
1506116710,22077121,0.17144,1.40999700,1
1506116710,22077120,0.17147,55.58806300,1
1506116611,22077075,0.17232,567.29114438,0
1506116525,22077035,0.17119,2008.00000000,0
1506116404,22076986,0.17223,69.48688200,0
1506116400,22076984,0.17089,187.34218000,1
1506116368,22076969,0.17107,14032.17520173,0
1506116367,22076968,0.17107,234.91479827,1
1506116366,22076967,0.17248,399.04875928,0
1506116303,22076953,0.17127,235.44748969,1
1506116246,22076924,0.17147,235.98052591,1
1506116230,22076915,0.17151,236.51310178,0
1506116229,22076913,0.17151,2125.62000000,0
1506116228,22076912,0.17151,1001.26000000,0
1506116227,22076911,0.17151,634.14000000,0
1506116224,22076909,0.17187,232.30495761,1
1506116144,22076847,0.17187,4.74291373,1
1506116144,22076846,0.17200,31.25886627,1
1506116062,22076784,0.17293,1758.18962625,0
1506116061,22076782,0.17214,202.84084072,0
1506115918,22076686,0.17106,1158.26679211,1
1506115918,22076685,0.17106,6347.53100000,1
1506115917,22076684,0.17106,1718.04530000,1
1506115917,22076683,0.17207,18.58296068,1
1506115823,22076631,0.17207,219.00000000,1
1506115732,22076559,0.17210,3061.00000000,0
1506115730,22076558,0.17210,1428.41990000,1
1506115390,22076385,0.17270,1945.68018277,1
1506115338,22076345,0.17270,62.31974900,1
1506115207,22076188,0.17348,205.37799000,0
1506115201,22076180,0.17270,1820.65781662,0
1506115185,22076147,0.17221,1112.54595370,1
1506115148,22076103,0.17342,4006.88000000,1
1506115141,22076089,0.17351,1020.88222300,0
1506115141,22076087,0.17316,6570.39403700,0
1506115127,22076050,0.17317,106.02477676,0
1506115127,22076049,0.17317,112.69070000,0
1506115126,22076047,0.17317,112.69067224,0
1506115125,22076037,0.17320,0.00002776,1
1506115125,22076035,0.17320,112.69070000,1
1506115124,22076033,0.17353,5439.87103300,0
1506115109,22075928,0.17359,3247.27170980,0
1506115109,22075924,0.17357,6523.46363800,0
1506115105,22075903,0.17358,1981.28381367,0
1506115101,22075868,0.17358,7206.37279148,0
1506115073,22075784,0.17320,1129.65371200,1
1506115073,22075782,0.17322,237.58295500,1
1506114839,22075654,0.17389,2818.11326375,1
1506114819,22075649,0.17389,712.95000000,1
1506114769,22075614,0.17389,91.04482649,1
1506114762,22075610,0.17390,682.59482461,0
1506114713,22075587,0.17392,623.85709900,0
1506114705,22075579,0.17392,3564.21151199,0
1506114704,22075572,0.17392,1186.69619400,0
1506114696,22075560,0.17394,770.04564292,0
1506114694,22075556,0.17390,2819.21759074,1
1506114691,22075546,0.17390,1069.24200043,0
1506114689,22075542,0.17390,793.85866900,0
1506114687,22075539,0.17391,793.46193156,1
1506114687,22075538,0.17391,2139.01860543,1
1506114687,22075533,0.17391,793.85867457,0
1506114684,22075523,0.17391,1069.77661027,0
1506114683,22075519,0.17391,1069.24200043,0
1506114680,22075516,0.17391,3697.97571173,0
1506114676,22075507,0.17393,768.19669514,1
1506114675,22075504,0.17393,3699.82474173,0
1506114673,22075500,0.17393,770.43070600,0
1506114672,22075493,0.17393,770.04564292,0
1506114671,22075488,0.17393,493.66595200,1
1506114671,22075487,0.17393,1006.96159135,1
1506114668,22075473,0.17393,1999.99999500,0
1506114665,22075462,0.17394,1229.56928841,0
1506114665,22075458,0.17393,769.88216000,0
1506114664,22075457,0.17387,237.58296068,0
1506114661,22075440,0.17386,949.79040564,0
1506114661,22075438,0.17378,190.07208000,0
1506114653,22075403,0.17320,0.62149066,0
1506114649,22075384,0.17320,1242.96593042,0
1506114645,22075358,0.17320,1409.29535232,0
1506114628,22075310,0.17320,21743.93569600,0
1506114615,22075306,0.17320,1730.49177300,0
1506114604,22075288,0.17320,69.11778300,0
1506114577,22075266,0.17320,10058.96518556,0
1506114577,22075265,0.17319,1129.14105000,0
1506114548,22075203,0.17320,14080.94413800,0
1506114547,22075202,0.17319,1341.55372000,0
1506114543,22075201,0.17320,6305.76060900,0
1506114540,22075196,0.17320,809.64672100,0
1506114533,22075192,0.17320,1341.31066400,0
1506114533,22075191,0.17319,1593.92521000,0
1506114527,22075187,0.17320,724.62800000,0
1506114524,22075183,0.17320,6171.60266800,0
1506114524,22075182,0.17318,2332.57348000,0
1506114514,22075164,0.17320,32436.48889802,0
1506114514,22075163,0.17319,2771.37444000,0
1506114514,22075162,0.17319,4988.55414465,0
1506114512,22075159,0.17319,8237.54133200,0
1506114502,22075128,0.17319,1150.00000000,0
1506114496,22075118,0.17319,4575.31000000,0
1506114466,22075046,0.17318,866.00000000,0
1506114315,22074913,0.17319,15531.89837750,0
1506114315,22074912,0.17318,1755.63299000,0
1506114310,22074904,0.17318,1700.00000000,0
1506114257,22074882,0.17218,62.31974900,1
1506114239,22074864,0.17207,200.00000000,1
1506114221,22074826,0.17319,6556.73402472,0
1506114220,22074825,0.17318,4105.70257000,0
1506114220,22074824,0.17291,427.86400000,0
1506114218,22074823,0.17300,150.00000000,1
1506114201,22074800,0.17315,3000.00000000,1
1506114192,22074793,0.17312,4878.06246000,0
1506114129,22074736,0.17300,1701.39065000,0
1506114030,22074666,0.17317,267.04625512,1
1506114029,22074665,0.17281,2008.00000000,0
1506114001,22074653,0.17192,198.43169000,1
1506113889,22074549,0.17190,2105.12883000,1
1506113889,22074548,0.17191,2262.12187000,1
1506113889,22074547,0.17191,2500.00000000,0
1506113887,22074545,0.17203,1427.74930000,1
1506113421,22074288,0.17314,6803.72963100,0
1506113404,22074253,0.17211,1699.03786400,1
1506113393,22074237,0.17318,4244.51631500,0
1506113393,22074236,0.17317,18501.48487000,0
1506113383,22074209,0.17005,115316.55296076,1
1506113383,22074208,0.17005,6827.36586100,0
1506113383,22074207,0.17005,1699.03786400,0
1506113383,22074206,0.17005,5289.69527800,0
1506113383,22074204,0.17005,1699.03786400,0
1506113381,22074198,0.17006,18511.40780000,0
1506113381,22074196,0.17006,3999.31202698,0
1506113381,22074194,0.17006,1573.61710000,0
1506113381,22074192,0.17006,116.96590444,0
1506113381,22074187,0.17070,250.00000000,1
1506113380,22074186,0.17091,2500.00000000,1
1506113380,22074183,0.17099,6838.99158000,1
1506113380,22074181,0.17107,439.23580969,1
1506113379,22074180,0.17120,150.00000000,1
1506113379,22074179,0.17149,61701.39065000,1
1506113379,22074178,0.17152,1061.67909000,1
1506113378,22074176,0.17153,36501.08900000,0
1506113378,22074175,0.17200,150.00000000,1
1506113377,22074174,0.17207,217.99012429,1
1506113377,22074173,0.17208,5305.39141000,1
1506113377,22074172,0.17250,14832.43226365,1
1506113214,22074062,0.17319,298.09891841,0
1506113214,22074057,0.17319,368.05830585,0
1506113211,22074051,0.17319,536.31935500,1
1506113211,22074050,0.17319,383.47944852,1
1506113204,22074032,0.17320,1391.36282669,0
1506113203,22074026,0.17320,10915.57148677,0
1506113202,22074017,0.17320,1391.34926557,0
1506113201,22074013,0.17320,1391.35631199,0
1506113198,22074005,0.17319,321.42619670,0
1506113197,22074002,0.17319,701.73185330,0
1506113184,22073993,0.17319,377.70286598,1
1506113171,22073966,0.17319,1286.68634000,1
1506113166,22073958,0.17319,1547.54813000,0
1506113094,22073852,0.17320,562.73481000,0
1506113079,22073814,0.17320,685.86713000,0
1506113077,22073813,0.17318,2029.77162000,1
1506113065,22073807,0.17319,3309.65918000,1
1506113064,22073806,0.17319,3002.85852000,0
1506113064,22073805,0.17318,10573.06492000,0
1506113055,22073788,0.17318,1937.68844000,1
1506112961,22073659,0.17319,153.90001154,0
1506112955,22073648,0.17318,153.60326296,0
1506112948,22073630,0.17319,153.25560767,0
1506112927,22073604,0.17320,1762.24979200,0
1506112925,22073602,0.17320,2273.73346800,0
1506112902,22073562,0.17347,529.02847755,0
1506112869,22073507,0.17300,3291.81000000,0
1506112842,22073488,0.17313,1809.78560000,0
1506112842,22073487,0.17251,441.35000000,1
1506112840,22073485,0.17253,824.90441768,0
1506112839,22073481,0.17253,247.21864999,1
1506112839,22073479,0.17253,364.93073233,1
1506112835,22073474,0.17316,0.00000007,1
1506112834,22073469,0.17316,17041.74462800,1
1506112834,22073468,0.17316,28184.77585800,1
1506112832,22073465,0.17254,11368.64800133,0
1506112832,22073464,0.17253,2404.83151260,0
1506112829,22073457,0.17253,326.99356100,0
1506112828,22073449,0.17253,2590.23951190,1
1506112828,22073447,0.17253,434.19361450,1
1506112827,22073441,0.17254,393.97896971,0
1506112826,22073434,0.17254,1763.85464280,0
1506112826,22073431,0.17253,273.02755681,0
1506112824,22073416,0.17254,3115.88000000,0
1506112823,22073411,0.17254,4379.02759527,0
1506112823,22073410,0.17254,2641.74487000,0
1506112822,22073404,0.17254,1396.75671253,0
1506112820,22073395,0.17254,2593.35000000,0
1506112818,22073378,0.17254,815.53370748,0
1506112818,22073377,0.17253,2159.32822852,0
1506112817,22073369,0.17253,432.20645564,0
1506112815,22073364,0.17253,434.19361437,0
1506112815,22073362,0.17253,1186.60180147,1
1506112813,22073354,0.17253,1007.28294050,0
1506112811,22073351,0.17253,439.83185950,0
1506112811,22073350,0.17253,2477.61814050,0
1506112810,22073348,0.17253,437.78701850,0
1506112807,22073339,0.17253,437.78701850,0
1506112805,22073332,0.17253,437.78701850,0
1506112804,22073331,0.17253,69.38619400,0
1506112801,22073325,0.17254,437.01430842,0
1506112800,22073322,0.17252,517.00000000,1
1506112800,22073319,0.17253,318.56830696,0
1506112798,22073315,0.17254,1167.99000000,0
1506112794,22073308,0.17254,2686.29797770,1
1506112762,22073288,0.17250,10486.56773635,1
1506112760,22073283,0.17254,579.47499565,1
1506112729,22073239,0.17257,9911.01456140,0
1506112729,22073237,0.17257,579.37427578,1
1506112699,22073176,0.17263,6127.07375096,0
1506112694,22073173,0.17263,2500.00000000,0
1506112671,22073163,0.17350,40.36017291,0
1506112101,22072362,0.17400,14829.63600000,0
1506112100,22072359,0.17366,2868.73000000,0
1506112096,22072354,0.17400,2388.96316091,0
1506112096,22072353,0.17399,477.46144000,0
1506112062,22072288,0.17382,2000.00000000,0
1506112034,22072249,0.17383,245.66093310,0
1506112032,22072248,0.17384,500.00000000,0
1506112001,22072227,0.17300,56.00000000,0
1506112001,22072226,0.17300,1363.09658814,0
1506111994,22072218,0.17300,308.47734104,0
1506111922,22072133,0.17252,738.91531600,1
1506111922,22072132,0.17252,1537.45432400,1
1506111922,22072131,0.17252,1419.65958000,1
1506111867,22072109,0.17299,1000.00000000,0
1506111741,22071989,0.17207,19.59283639,1
1506111741,22071988,0.17211,43.12009761,1
1506111722,22071960,0.17300,1932.42607082,0
1506111722,22071959,0.17299,107.19693000,0
1506111722,22071958,0.17299,535.98467000,0
1506111722,22071956,0.17220,1977.96220918,0
1506111712,22071897,0.17220,986.47208100,0
1506111693,22071879,0.17347,200.00000000,1
1506111616,22071809,0.17348,89.35442965,0
1506111588,22071778,0.17379,301.87860219,1
1506111588,22071776,0.17379,344.00730000,1
1506111587,22071772,0.17379,1720.03649000,1
1506111587,22071769,0.17379,1655.11304713,1
1506111586,22071768,0.17379,5814.90000000,0
1506111586,22071767,0.17379,1072.80021866,0
1506111568,22071734,0.17400,20441.94235632,0
1506111568,22071733,0.17400,5000.00000000,0
1506111568,22071732,0.17400,328.03188151,0
1506111568,22071731,0.17400,271.96811849,0
1506111568,22071730,0.17400,5752.00000000,0
1506111568,22071729,0.17399,2500.00000000,0
1506111567,22071728,0.17399,5841.36977800,0
1506111567,22071727,0.17399,638.00000000,1
1506111567,22071726,0.17399,931.91000000,1
1506111567,22071723,0.17387,237.58296068,0
1506111566,22071722,0.17380,600.00000000,0
1506111566,22071721,0.17380,849.90380000,1
1506111566,22071719,0.17379,355.25711000,1
1506111565,22071717,0.17367,237.04813685,0
1506111565,22071714,0.17367,6995.00000000,1
1506111565,22071713,0.17367,961.09353348,1
1506111565,22071712,0.17367,1137.08238000,1
1506111565,22071711,0.17367,578.65500000,1
1506111564,22071708,0.17360,600.00000000,0
1506111564,22071707,0.17360,161.74823232,0
1506111564,22071705,0.17360,1741.55830335,1
1506111564,22071704,0.17360,931.44500000,1
1506111563,22071703,0.17360,2255.21559302,1
1506111563,22071702,0.17347,236.51363405,0
1506111563,22071700,0.17347,18852.86500000,1
1506111563,22071698,0.17347,4295.70000000,1
1506111563,22071696,0.17347,4300.00000000,1
1506111562,22071695,0.17347,11609.80096200,1
1506111562,22071693,0.17347,2887.03485000,1
1506111562,22071691,0.17340,600.00000000,0
1506111561,22071690,0.17327,235.97999240,0
1506111561,22071689,0.17320,600.00000000,0
1506111561,22071688,0.17310,1000.00000000,0
1506111560,22071687,0.17310,2805.26000000,1
1506111560,22071686,0.17293,3935.85451800,1
1506111560,22071685,0.17293,6021.43624900,1
1506111560,22071684,0.17293,74576.02803700,1
1506111558,22071682,0.17293,7461.85300000,0
1506111532,22071675,0.17293,200.00000000,0
1506111496,22071649,0.17294,61.76318376,0
1506111466,22071632,0.17295,2604.07880293,0
1506111436,22071583,0.17298,68.58419561,0
1506111380,22071511,0.17309,76.13523193,0
1506111343,22071486,0.17315,45523.65247790,0
1506111342,22071485,0.17315,15423.80100000,0
1506111319,22071476,0.17319,84.53392228,0
1506111285,22071433,0.17320,1061.05360796,1
1506111284,22071432,0.17320,7982.15912500,1
1506111284,22071431,0.17320,3474.83639100,1
1506111284,22071430,0.17320,8700.15726900,1
1506111284,22071429,0.17310,40.00000000,0
1506111283,22071428,0.17307,235.44695493,0
1506111283,22071427,0.17307,2471.70775600,1
1506111283,22071426,0.17300,1000.00000000,0
1506111283,22071425,0.17300,500.00000000,0
1506111283,22071424,0.17300,580.64706000,0
1506111282,22071423,0.17290,150.00000000,0
1506111282,22071422,0.17290,5221.25533200,1
1506111282,22071421,0.17290,2471.70775600,1
1506111282,22071420,0.17287,234.91399425,0
1506111282,22071419,0.17287,4019.80234600,1
1506111281,22071418,0.17287,3085.88662900,1
1506111281,22071417,0.17280,6095.25300000,0
1506111280,22071416,0.17279,488.47125000,0
1506111280,22071415,0.17279,1087.03600000,1
1506111280,22071414,0.17279,3474.83639100,1
1506111280,22071413,0.17279,3295.55758800,1
1506111280,22071412,0.17274,2442.35624000,0
1506111279,22071411,0.17274,31942.61700000,1
1506111279,22071410,0.17273,7453.89300000,0
1506111278,22071409,0.17267,6632.47200000,0
1506111278,22071408,0.17265,3181.67938000,0
1506111201,22071386,0.17261,94.21977289,0
1506111122,22071309,0.17266,14947.62860305,1
1506111122,22071308,0.17266,11629.31490000,1
1506111121,22071307,0.17266,2269.19958300,1
1506111120,22071306,0.17266,2518.90994100,1
1506111119,22071305,0.17266,1435.36780000,0
1506111078,22071290,0.17261,104.66493830,0
1506111005,22071257,0.17272,69.30986600,0
1506110729,22071107,0.17184,259.38306600,1
1506110659,22071047,0.17184,62.71293400,1
1506110647,22071046,0.17218,109.68471000,0
1506110601,22071038,0.17184,2.90400000,0
1506110570,22071025,0.17184,385.04600000,0
1506110568,22071012,0.17184,1331.13000000,0
1506110552,22070998,0.17107,2116.35880590,0
1506110549,22070996,0.17107,234.91399425,1
1506110513,22070946,0.17001,305.05850908,1
1506110513,22070943,0.17050,511.61374780,1
1506110513,22070941,0.17050,22715.00000000,1
1506110513,22070939,0.17053,2195.82190000,1
1506110513,22070937,0.17054,150.00000000,1
1506110513,22070936,0.17069,1455.27690000,1
1506110512,22070935,0.17110,8235.61230000,1
1506110512,22070934,0.17148,154.71864312,1
1506110512,22070933,0.17149,718.01702000,1
1506110512,22070932,0.17149,3606.88098000,1
1506110510,22070926,0.17300,12800.28641919,1
1506110510,22070925,0.17300,14183.07292800,1
1506110509,22070919,0.17300,7866.06252886,1
1506110509,22070917,0.17300,7976.08253500,1
1506110509,22070916,0.17300,3387.21129400,1
1506110509,22070915,0.17300,2309.23726500,1
1506110509,22070914,0.17300,11019.45279800,1
1506110509,22070913,0.17300,2433.83806200,1
1506110509,22070911,0.17300,4080.26150290,1
1506110509,22070909,0.17300,153.14694000,1
1506110508,22070907,0.17300,10620.51433500,1
1506110508,22070905,0.17300,28007.82167900,1
1506110508,22070903,0.17300,3179.51500000,1
1506110508,22070901,0.17300,1917.42569400,1
1506110508,22070900,0.17300,5824.92000000,1
1506110508,22070899,0.17300,690.31100000,1
1506110506,22070892,0.17300,2250.01570539,1
1506110506,22070888,0.17300,10355.98003700,1
1506110506,22070887,0.17300,5928.45171700,1
1506110505,22070886,0.17300,1686.75948100,1
1506110505,22070885,0.17300,3690.88147100,1
1506110505,22070884,0.17300,1997.03520700,1
1506110505,22070883,0.17300,547.49600000,1
1506110504,22070879,0.17300,2145.62474500,1
1506110504,22070877,0.17300,2509.03000000,1
1506110503,22070871,0.17300,1748.92291067,1
1506110503,22070869,0.17300,116.59486071,1
1506110503,22070865,0.17300,4514.58682082,1
1506110501,22070864,0.17300,145.10856264,1
1506110500,22070863,0.17300,277.96000000,0
1506110500,22070862,0.17287,234.91399425,0
1506110500,22070860,0.17284,727.53431091,0
1506110500,22070859,0.17283,700.00000000,0
1506110500,22070857,0.17282,700.00000000,0
1506110500,22070856,0.17280,700.00000000,0
1506110500,22070854,0.17280,2500.00000000,0
1506110500,22070853,0.17280,433.00000000,0
1506110500,22070852,0.17280,3755.53028901,0
1506110499,22070851,0.17267,234.38218981,0
1506110499,22070850,0.17247,233.85074635,0
1506110499,22070849,0.17227,959.05371000,0
1506110499,22070848,0.17157,2304.59282453,0
1506110499,22070847,0.17156,4795.26854000,0
1506110162,22070593,0.17052,1843.19573198,1
1506110146,22070577,0.17157,6645.06908547,1
1506110146,22070576,0.17158,11050.33809000,1
1506110139,22070565,0.17158,610.70951200,1
1506110133,22070559,0.17157,1209.77548800,1
1506110132,22070558,0.17159,267.34792331,1
1506110132,22070557,0.17160,109.92196969,1
1506110131,22070556,0.17199,110.19599977,0
1506110130,22070554,0.17158,124.00000000,1
1506110113,22070550,0.17157,20453.22950953,1
1506110091,22070543,0.17157,4971.81547500,1
1506110023,22070519,0.17157,25485.02470200,1
1506110006,22070515,0.17157,339.59279400,1
1506109988,22070502,0.17158,1203.95900000,1
1506109988,22070501,0.17159,1203.95900000,1
1506109984,22070494,0.17158,2000.00000000,1
1506109944,22070425,0.17157,122.00000000,1
1506109908,22070406,0.17158,3205.16965400,1
1506109845,22070389,0.17157,569.06800000,1
1506109825,22070381,0.17157,28231.43617700,1
1506109820,22070378,0.17157,1435.84190000,1
1506109812,22070375,0.17157,587.78950000,1
1506109781,22070362,0.17158,1773.16530100,1
1506109758,22070350,0.17158,2325.43888000,1
1506109758,22070349,0.17158,1140.59656000,1
1506109694,22070314,0.17158,581.79700000,1
1506109653,22070294,0.17157,460.05888700,1
1506109635,22070279,0.17157,1032.27279500,1
1506109635,22070278,0.17157,320.72150500,1
1506109635,22070277,0.17158,3891.21262000,1
1506109610,22070262,0.17158,3830.54699900,1
1506109590,22070250,0.17158,3898.42716000,1
1506109590,22070249,0.17158,1353.74892000,1
1506109575,22070236,0.17158,781.73500000,1
1506109575,22070235,0.17206,2280.58680273,0
1506109568,22070232,0.17158,1385.94500000,1
1506109551,22070219,0.17246,12399.69503759,1
1506109551,22070218,0.17246,6619.94830000,0
1506109525,22070208,0.17157,2293.14650800,1
1506109525,22070207,0.17158,62.11887200,1
1506109524,22070205,0.17158,3389.00370700,1
1506109522,22070203,0.17158,2580.43334100,1
1506109513,22070199,0.17157,3387.82919000,1
1506109510,22070198,0.17157,2455.32848400,1
1506109510,22070197,0.17158,2572.47228200,0
1506109473,22070170,0.17158,3500.00000000,0
1506109203,22070000,0.17179,69.66480400,0
1506109106,22069912,0.17119,337.79018042,0
1506109067,22069900,0.17119,407.88264501,0
1506108962,22069806,0.17119,1511.54111747,0
1506108956,22069798,0.17119,1236.21978000,0
1506108909,22069737,0.17119,50.10176000,0
1506108869,22069688,0.17119,1196.48314000,0
1506108863,22069681,0.17119,997.40174000,0
1506108830,22069666,0.17119,316.30378000,0
1506108765,22069638,0.17080,445.98404100,1
1506108751,22069628,0.17119,69.10558000,0
1506108625,22069573,0.17119,5244.72907296,0
1506108139,22069397,0.17080,62.71293400,1
1506107458,22069058,0.17120,693.59707943,0
1506107458,22069057,0.17094,234.91400000,0
1506107458,22069056,0.17093,234.91400000,0
1506107458,22069055,0.17093,234.91400000,0
1506107458,22069054,0.17093,234.91400000,0
1506107457,22069053,0.17093,234.91400000,0
1506107457,22069052,0.17093,164.87831300,0
1506107457,22069051,0.17085,234.38220000,0
1506107457,22069050,0.17085,234.38220000,0
1506107457,22069049,0.17085,234.38220000,0
1506107457,22069048,0.17085,234.38220000,0
1506107457,22069047,0.17085,234.38220000,0
1506107456,22069046,0.17085,234.38220000,0
1506107456,22069045,0.17082,0.00001019,0
1506107456,22069044,0.17081,234.38220000,0
1506107455,22069043,0.17080,234.38220000,0
1506107455,22069042,0.17079,234.38220000,0
1506107455,22069041,0.17079,234.38220000,0
1506107455,22069040,0.17079,234.38220000,0
1506107455,22069039,0.17079,234.38220000,0
1506107455,22069038,0.17079,234.38220000,0
1506107454,22069037,0.17079,234.38220000,0
1506107454,22069036,0.17077,234.38220000,0
1506107454,22069035,0.17077,234.38220000,0
1506107454,22069034,0.17077,579.15158164,1
1506107454,22069033,0.17076,234.38220000,0
1506107453,22069032,0.17076,234.38220000,0
1506107453,22069031,0.17076,234.38220000,0
1506107453,22069030,0.17076,118.56494000,0
1506107453,22069029,0.17071,6365.89698300,0
1506107451,22069027,0.17065,233.85070000,0
1506107451,22069026,0.17065,233.85065365,0
1506107446,22069024,0.17067,0.00004635,1
1506107446,22069023,0.17067,233.85070000,1
1506107431,22068993,0.17076,115.81726000,0
1506107431,22068992,0.17076,234.38220000,0
1506107431,22068991,0.17076,234.38220000,0
1506107417,22068987,0.17075,1406.29320000,0
1506107410,22068981,0.17087,234.38218981,1
1506107404,22068974,0.17093,70.03568700,0
1506107398,22068970,0.17107,234.91399425,1
1506107362,22068945,0.17109,3785.35587000,1
1506107360,22068940,0.17125,1736.65039013,0
1506107353,22068923,0.17307,144.15927434,1
1506107353,22068921,0.17307,117.01060784,1
1506107353,22068920,0.17307,1755.15911764,1
1506107352,22068917,0.17300,600.00000000,0
1506107352,22068915,0.17300,300.00000000,0
1506107351,22068912,0.17287,234.91399425,0
1506107351,22068911,0.17280,600.00000000,0
1506107351,22068910,0.17267,234.38192118,0
1506107351,22068909,0.17267,403.66946000,1
1506107350,22068908,0.17260,600.00000000,0
1506107350,22068907,0.17247,233.85020782,0
1506107350,22068906,0.17247,2018.34732000,1
1506107349,22068905,0.17227,233.31940090,0
1506107349,22068904,0.17220,22240.00000000,0
1506107349,22068903,0.17210,40.00000000,0
1506107348,22068902,0.17207,232.78897016,0
1506107348,22068901,0.17200,20512.65469900,0
1506107348,22068900,0.17187,232.25946497,0
1506107347,22068899,0.17180,2060.00000000,0
1506107347,22068898,0.17180,500.00000000,0
1506107347,22068896,0.17173,99.35098000,0
1506107347,22068895,0.17167,231.73035269,0
1506107346,22068894,0.17147,3000.00000000,0
1506107346,22068893,0.17147,231.20164052,0
1506107346,22068892,0.17146,498.35736000,0
1506107346,22068891,0.17127,230.67333570,0
1506107345,22068890,0.17126,2491.78682000,0
1506107345,22068889,0.17110,40.00000000,0
1506107345,22068888,0.17107,230.14599303,0
1506107344,22068887,0.17100,9271.19447955,0
1506107248,22068829,0.17100,964.87171929,0
1506107228,22068806,0.17089,2000.00000000,0
1506107164,22068778,0.17007,5995.00000000,0
1506107158,22068769,0.17100,2763.93380116,0
1506107158,22068768,0.17100,1060.00000000,0
1506107158,22068767,0.17094,6549.08426200,0
1506107156,22068766,0.17093,1821.76846000,0
1506107091,22068734,0.17096,420.76000000,1
1506107056,22068694,0.17005,62.12500000,1
1506106994,22068606,0.17001,2168.81756634,1
1506106994,22068605,0.17002,1440.82480000,1
1506106806,22068395,0.17061,70.16704800,0
1506106800,22068390,0.17000,238.74647000,1
1506106698,22068344,0.17000,735.83000000,1
1506106552,22068269,0.17000,3331.92876000,1
1506106552,22068267,0.17000,100.00000000,0
1506106540,22068257,0.17000,5966.99465634,1
1506106540,22068256,0.17000,5922.90534366,1
1506106538,22068253,0.17000,3945.22159900,1
1506106537,22068252,0.17000,3342.87305734,1
1506106489,22068228,0.17000,257.98204300,1
1506106377,22068199,0.17000,129.48048290,0
1506106344,22068187,0.17038,1692.68546777,0
1506106343,22068186,0.17000,4171.21460568,0
1506106078,22067991,0.17098,431.71985027,0
1506105993,22067970,0.17000,3214.37149724,1
1506105992,22067969,0.17000,0.00000276,0
1506105940,22067953,0.16998,2934.18702200,0
1506105886,22067938,0.17000,2236.16411000,0
1506105869,22067928,0.16999,3520.81734220,0
1506105811,22067880,0.16999,657.15987810,0
1506105811,22067878,0.16999,11078.89789000,0
1506105762,22067828,0.16993,5870.10080621,0
1506105728,22067785,0.16989,657.00000000,0
1506105703,22067769,0.16996,1428.65476000,0
1506105689,22067756,0.17000,7742.64808016,1
1506105677,22067741,0.17012,50.00000000,0
1506105646,22067707,0.16998,3657.79642725,1
1506105646,22067705,0.16998,2076.21126004,1
1506105646,22067704,0.16998,2915.25307196,1
1506105637,22067682,0.16998,3233.99075500,1
1506105636,22067680,0.16998,0.00000035,1
1506105636,22067679,0.16999,894.41777665,1
1506105621,22067662,0.17000,3571.23624000,1
1506105614,22067657,0.17040,3971.35522300,0
1506105614,22067656,0.17036,117.77154230,0
1506105612,22067654,0.17023,1766.57313457,0
1506105604,22067641,0.17020,70.25352100,0
1506105601,22067638,0.16999,842.50778535,1
1506105574,22067603,0.17000,805.74982400,1
1506105573,22067602,0.17000,4194.14117600,1
1506105529,22067545,0.17008,1764.63713451,1
1506105529,22067544,0.17100,9623.96286549,1
1506105529,22067541,0.17099,1000.00000000,0
1506105528,22067540,0.17087,229.61934939,0
1506105528,22067539,0.17086,419.42818000,0
1506105527,22067538,0.17086,3569.55645000,1
1506105527,22067537,0.17086,4803.26488900,1
1506105527,22067535,0.17067,229.09286413,0
1506105527,22067534,0.17047,228.56709418,0
1506105526,22067533,0.17043,2097.14089000,0
1506105526,22067532,0.17043,6550.27468500,1
1506105526,22067531,0.17027,228.04177276,0
1506105524,22067530,0.17007,227.51746151,0
1506105446,22067487,0.17000,10599.95760016,0
1506105441,22067482,0.17000,4197.29974937,0
1506105431,22067472,0.16999,813.07443800,0
1506105372,22067456,0.16999,2868.18635000,0
1506105235,22067363,0.16999,3129.68312500,0
1506105234,22067362,0.16999,448.53600000,0
1506105231,22067361,0.16999,5130.92395700,0
1506105168,22067307,0.16999,7609.59613000,1
1506105078,22067173,0.17000,4150.70411764,0
1506105076,22067171,0.16999,1271.69720000,0
1506104945,22067114,0.17000,1068.48049956,0
1506104945,22067112,0.16999,1861.02029000,0
1506104945,22067110,0.16998,5862.34082044,0
1506104944,22067107,0.16998,289.97763900,0
1506104937,22067096,0.16998,346.53175824,0
1506104937,22067095,0.16998,345.57489116,0
1506104936,22067093,0.16998,345.57489116,0
1506104538,22066958,0.16907,62.31974900,1
1506104407,22066929,0.16952,309.00000000,0
1506104320,22066897,0.17000,50583.51563343,0
1506104320,22066896,0.17000,1645.73789598,0
1506104320,22066895,0.16991,2737.92708000,0
1506104318,22066893,0.16984,18397.63093000,0
1506104277,22066887,0.16890,905.30562242,1
1506104276,22066886,0.16892,6781.32733000,0
1506104276,22066885,0.16900,1451.31020000,0
1506104276,22066884,0.16902,13529.35966158,1
1506104275,22066883,0.16903,7582.88941000,1
1506104255,22066874,0.16990,296.34415509,1
1506104254,22066873,0.16990,8618.49015891,1
1506104239,22066866,0.17000,11.97364705,0
1506104237,22066863,0.16999,1977.28743000,0
1506104191,22066818,0.16999,1408.32690158,0
1506104156,22066813,0.16999,1078.60238838,0
1506103804,22066670,0.16990,70.44783100,0
1506103716,22066611,0.16967,3537.52219700,0
1506103709,22066606,0.16970,2989.02214000,1
1506103681,22066571,0.16974,2491.68233000,0
1506103500,22066441,0.16901,496.51200000,1
1506103458,22066414,0.16900,62.12500000,1
1506103355,22066363,0.16945,309.00000000,0
1506102911,22065954,0.16901,3700.00000040,1
1506102811,22065916,0.16997,2587.00000000,0
1506102689,22065861,0.16900,150.89169259,1
1506102688,22065860,0.16949,4119.71207741,1
1506102510,22065782,0.16949,29.42669184,0
1506102188,22065581,0.16894,336.00000000,0
1506102187,22065577,0.16892,9201.76420000,1
1506102186,22065575,0.16895,1469.23580000,1
1506102186,22065574,0.16895,2615.00000000,1
1506102131,22065512,0.16891,360.98128569,1
1506102004,22065461,0.16992,8.37012900,0
1506102004,22065460,0.16927,62.31974900,0
1506101683,22065333,0.17000,8342.28845697,0
1506101683,22065332,0.17000,6081.75007244,0
1506101683,22065330,0.16999,17671.03947291,0
1506101682,22065329,0.16998,12741.35571200,0
1506101682,22065328,0.16987,226.99333916,0
1506101682,22065327,0.16987,6369.49666000,1
1506101682,22065326,0.16967,226.46996814,0
1506101681,22065324,0.16966,844.29756000,0
1506101681,22065322,0.16947,225.94707934,0
1506101681,22065321,0.16933,4221.48779000,0
1506101679,22065318,0.16900,1763.13565387,0
1506100992,22064982,0.16760,1858.76907721,0
1506100992,22064979,0.16760,1855.88513800,0
1506100977,22064965,0.16760,2245.80523000,0
1506100976,22064962,0.16760,3377.46753115,0
1506100972,22064957,0.16760,6840.73279589,0
1506100959,22064946,0.16760,578.04094472,0
1506100958,22064943,0.16760,1000.00000000,0
1506100957,22064940,0.16760,999.50024987,0
1506100954,22064928,0.16760,1851.98993581,0
1506100952,22064925,0.16760,1848.07617000,0
1506100947,22064920,0.16760,1801.00945947,0
1506100945,22064917,0.16760,315.00000000,0
1506100945,22064916,0.16760,114.67535800,0
1506100944,22064913,0.16760,1843.41594119,0
1506100944,22064912,0.16760,158.10073545,0
1506100942,22064911,0.16760,3445.00863700,0
1506100941,22064906,0.16760,1843.41594119,0
1506100939,22064905,0.16747,62.31974900,1
1506100938,22064903,0.16760,157.73132810,0
1506100937,22064900,0.16760,6116.22961100,0
1506100924,22064888,0.16760,1682.85205000,0
1506100924,22064886,0.16760,1946.78217300,0
1506100916,22064859,0.16760,3189.32129200,0
1506100915,22064858,0.16760,2271.25700000,0
1506100915,22064857,0.16760,9573.03191000,0
1506100912,22064856,0.16760,100.00000000,0
1506100910,22064850,0.16760,6258.43984100,0
1506100910,22064849,0.16759,4192.63813000,0
1506100908,22064846,0.16760,8023.60359700,0
1506100908,22064844,0.16760,9000.00000000,0
1506100907,22064843,0.16760,3300.41012200,0
1506100907,22064842,0.16760,832.16779100,0
1506100896,22064836,0.16760,1007.81695000,0
1506100891,22064835,0.16767,225.94707934,1
1506100889,22064834,0.16799,4791.76291000,0
1506100859,22064810,0.16778,317.04144351,0
1506100769,22064726,0.16874,626.61882186,0
1506100493,22064439,0.16889,703.57550975,0
1506100493,22064437,0.16888,1295.42499000,0
1506100489,22064430,0.16890,1999.00049975,0
1506100204,22064293,0.16937,70.67658500,0
1506100063,22064239,0.16926,217.18084485,0
1506099884,22064121,0.16927,106.33435000,1
1506099882,22064118,0.16911,4893.66565000,0
1506099859,22064112,0.16777,62.31974900,1
1506099656,22063977,0.16831,336.00000000,0
1506099295,22063830,0.16935,9687.44357839,0
1506099179,22063785,0.16706,16878.20651162,0
1506099178,22063784,0.16787,226.46996814,1
1506099178,22063783,0.16805,928.68060000,1
1506099178,22063782,0.16805,4652.76690000,1
1506099176,22063781,0.16875,1448.48220000,1
1506099023,22063719,0.16940,4416.34988194,0
1506098985,22063710,0.16905,349.02389825,0
1506098897,22063674,0.16931,66.00000000,0
1506098864,22063662,0.16875,1006.06000000,1
1506098863,22063660,0.16757,10421.72299089,0
1506098862,22063659,0.16758,625.00842000,0
1506098862,22063658,0.16807,226.99333916,1
1506098861,22063657,0.16851,128.02685395,1
1506098768,22063589,0.16887,3015.93738000,1
1506098746,22063573,0.16887,9540.07815900,1
1506098746,22063572,0.16887,6684.69577900,1
1506098746,22063570,0.16887,4769.23966200,1
1506098610,22063385,0.16945,6582.06840300,0
1506098595,22063363,0.16948,565.91606100,0
1506098521,22063294,0.16940,5318.05125000,0
1506098441,22063222,0.16935,5318.05125000,0
1506098419,22063214,0.16917,1232.35678000,1
1506098404,22063194,0.16917,70.64322000,0
1506098180,22063058,0.16950,2000.00000000,1
1506098164,22063047,0.16949,1414.73849000,0
1506098151,22063027,0.16951,6645.50390000,0
1506098136,22063018,0.16952,6645.50390000,0
1506098123,22063007,0.16953,211.28248000,0
1506098040,22062925,0.16996,586.90644858,0
1506097935,22062788,0.16954,29.41801345,0
1506097918,22062778,0.16887,8402.63872000,1
1506097918,22062777,0.16888,1597.36128000,1
1506097874,22062762,0.16953,3000.00000000,0
1506097857,22062757,0.16887,3765.58981000,1
1506097857,22062756,0.16888,9436.02534000,1
1506097855,22062753,0.16900,800.00000000,1
1506097712,22062584,0.16951,2672.53974786,1
1506097697,22062578,0.16951,6872.80650600,1
1506097695,22062576,0.16951,1822.21254200,1
1506097678,22062573,0.16951,268.03303639,0
1506097670,22062570,0.16947,2961.78627700,1
1506097665,22062569,0.16944,7038.21372300,0
1506097623,22062551,0.16956,5210.81652200,1
1506097618,22062549,0.16956,7239.18347800,0
1506097562,22062531,0.16941,848.16315447,0
1506097560,22062529,0.16915,1303.00000000,0
1506097462,22062495,0.16918,1303.00000000,1
1506097437,22062476,0.16913,1303.00000000,1
1506097339,22062427,0.16889,62.91139200,1
1506097307,22062398,0.16900,250.00000000,1
1506096977,22062193,0.16888,1635.33464900,1
1506096934,22062180,0.16990,800.80354079,1
1506096934,22062179,0.16987,226.99333916,0
1506096934,22062178,0.16967,226.46968982,0
1506096933,22062177,0.16947,225.94680036,0
1506096933,22062176,0.16938,7358.94905000,1
1506096933,22062175,0.16933,100.04905000,0
1506096931,22062173,0.16927,78.08528210,0
1506096892,22062153,0.16927,147.33939859,0
1506096890,22062150,0.16907,0.00000050,0
1506096857,22062096,0.16907,224.90306000,0
1506096818,22062077,0.16900,3777.60671919,0
1506096790,22062074,0.16900,1018.28402366,0
1506096605,22061910,0.16899,70.83969500,0
1506096489,22061855,0.16887,1233.72466000,1
1506096459,22061829,0.16887,1233.72466000,0
1506096434,22061770,0.16890,3685.84602000,0
1506096432,22061767,0.16892,590.48126400,0
1506096395,22061713,0.16882,740.50135095,0
1506096392,22061710,0.16882,256.05472000,0
1506096329,22061626,0.16882,203.44392905,0
1506096322,22061618,0.16878,540.06464036,0
1506096290,22061549,0.16877,1685.55389200,0
1506096259,22061484,0.16851,62.33276200,1
1506096258,22061479,0.16866,975.71584000,0
1506096236,22061460,0.16851,472.96300000,1
1506096227,22061449,0.16851,500.53760000,1
1506096178,22061416,0.16851,200.00000000,0
1506096011,22061351,0.16797,1303.00000000,0
1506095991,22061333,0.16724,15000.00000000,1
1506095918,22061237,0.16705,31301.44983191,1
1506095918,22061234,0.16727,32493.11000179,1
1506095917,22061232,0.16727,224.90306050,1
1506095917,22061229,0.16728,18314.23780000,1
1506095917,22061227,0.16772,1448.11810000,1
1506095915,22061213,0.16800,2678.83514880,1
1506095907,22061156,0.16860,6130.69883000,0
1506095903,22061128,0.16800,8709.83000000,1
1506095889,22061081,0.16863,3869.02775307,0
1506095875,22061060,0.16801,60.21878526,0
1506095874,22061059,0.16850,358.19520474,1
1506095866,22061043,0.16870,36.00000000,0
1506095840,22061028,0.16874,505.44000000,1
1506095827,22061004,0.16877,505.44000000,0
1506095788,22060971,0.16883,36.00000000,0
1506095775,22060964,0.16884,36.00000000,0
1506095761,22060950,0.16886,36.00000000,0
1506095748,22060940,0.16888,36.00000000,0
1506095735,22060914,0.16891,36.00000000,0
1506095722,22060903,0.16894,36.00000000,0
1506095536,22060594,0.16896,36.00000000,0
1506095511,22060530,0.16899,36.00000000,0
1506095496,22060495,0.16901,1312.23596236,0
1506095451,22060414,0.16733,64103.35722896,1
1506095451,22060413,0.16800,2100.00000000,1
1506095451,22060412,0.16806,1502.71850000,1
1506095384,22060266,0.16877,30.00000000,0
1506095260,22060110,0.16850,86.44755961,0
1506095246,22060100,0.16850,5755.80572000,0
1506095233,22060085,0.16850,36.00000000,0
1506095220,22060071,0.16850,36.00000000,0
1506095206,22060052,0.16850,36.00000000,0
1506095206,22060051,0.16850,434.84924039,0
1506095193,22060039,0.16850,993.69748000,0
1506095181,22060026,0.16850,36.00000000,0
1506095178,22060012,0.16850,1172.20000000,0
1506095141,22059957,0.16845,36.00000000,0
1506095137,22059948,0.16842,36.00000000,1
1506095137,22059947,0.16845,36.00000000,1
1506095043,22059819,0.16831,4944.94370429,0
1506095041,22059818,0.16829,18274.62431000,0
1506094977,22059746,0.16756,1895.75000000,1
1506094973,22059744,0.16642,3048.37507492,1
1506094973,22059743,0.16652,1000.00000000,1
1506094973,22059742,0.16660,600.00000000,1
1506094973,22059741,0.16680,22858.00000000,1
1506094973,22059740,0.16680,600.00000000,1
1506094973,22059739,0.16681,50.15610000,1
1506094973,22059738,0.16696,100.04905000,1
1506094973,22059737,0.16700,600.00000000,1
1506094973,22059736,0.16700,500.00000000,1
1506094972,22059735,0.16700,30.00000000,1
1506094972,22059734,0.16710,40.00000000,1
1506094972,22059733,0.16710,40.00000000,1
1506094972,22059731,0.16720,600.00000000,1
1506094972,22059730,0.16720,40.00000000,1
1506094972,22059729,0.16721,685.92351000,1
1506094972,22059728,0.16740,600.00000000,1
1506094972,22059727,0.16741,2010.00000000,1
1506094971,22059726,0.16742,3426.40673000,1
1506094971,22059725,0.16747,225.42468069,1
1506094971,22059724,0.16750,10000.00000000,1
1506094971,22059723,0.16750,1335.76825679,1
1506094971,22059722,0.16754,1458.60740000,1
1506094971,22059721,0.16755,2500.00000000,1
1506094971,22059720,0.16790,17.24436418,1
1506094941,22059684,0.16790,828.31959200,0
1506094927,22059667,0.16799,1310.99000000,0
1506094923,22059653,0.16799,798.77200000,0
1506094909,22059624,0.16790,2118.87033400,1
1506094867,22059541,0.16799,83.91520000,0
1506094867,22059538,0.16799,112.95919300,0
1506094858,22059498,0.16750,6164.23174321,1
1506094858,22059494,0.16752,809.82145643,1
1506094856,22059483,0.16767,225.94680036,1
1506094853,22059473,0.16752,190.17854357,1
1506094852,22059470,0.16753,89.84210000,1
1506094852,22059467,0.16760,600.00000000,1
1506094849,22059450,0.16780,600.00000000,1
1506094849,22059449,0.16787,226.46968982,1
1506094842,22059428,0.16800,89.00000000,1
1506094842,22059426,0.16800,8254.11254175,1
1506094839,22059410,0.16800,32434.72617030,1
1506094833,22059389,0.16838,2439.16605207,0
1506094833,22059388,0.16831,41.57394793,0
1506094830,22059380,0.16800,51529.60151800,1
1506094830,22059377,0.16801,2487.73899000,1
1506094822,22059338,0.16840,1411.01000000,0
1506094820,22059328,0.16800,17739.41110384,1
1506094820,22059327,0.16801,2749.05119000,1
1506094820,22059326,0.16807,126.99333916,1
1506094813,22059302,0.16842,4996.47000000,0
1506094813,22059300,0.16819,693.00000000,0
1506094807,22059258,0.16807,100.00000000,1
1506094805,22059247,0.16800,8792.32711849,1
1506094805,22059246,0.16800,10000.00000000,1
1506094805,22059245,0.16800,30000.00000000,1
1506094805,22059244,0.16800,26000.00000000,1
1506094804,22059243,0.16800,40.00000000,1
1506094804,22059242,0.16800,50.00000000,1
1506094804,22059240,0.16800,328.03188151,1
1506094804,22059239,0.16838,71.09210800,0
1506094803,22059234,0.16838,831.17520675,0
1506094803,22059231,0.16836,593.39479325,0
1506094801,22059216,0.16800,271.96811849,1
1506094801,22059214,0.16810,49.77120000,1
1506094801,22059213,0.16810,40.00000000,1
1506094800,22059211,0.16827,227.51746151,1
1506094749,22058997,0.16849,89.19900000,0
1506094719,22058922,0.16812,3091.99050541,1
1506094719,22058921,0.16820,600.00000000,1
1506094719,22058920,0.16820,40.00000000,1
1506094719,22058919,0.16833,2963.22699459,1
1506094718,22058915,0.16840,600.00000000,1
1506094718,22058914,0.16847,228.04177276,1
1506094717,22058913,0.16848,593.43659130,1
1506094717,22058912,0.16850,6659.50622281,1
1506094701,22058883,0.16850,2331.66646500,1
1506094687,22058856,0.16850,1231.03520782,1
1506094687,22058855,0.16867,228.56709418,1
1506094593,22058716,0.16887,1226.48860568,0
1506094557,22058667,0.16887,448.57079410,0
1506094485,22058607,0.16887,5078.18637600,0
1506094436,22058550,0.16887,700.18422422,0
1506094429,22058546,0.16887,2246.57000000,0
1506094325,22058397,0.16850,2726.61689460,1
1506094325,22058396,0.16887,129.90607464,1
1506094324,22058395,0.16902,1264.60274506,1
1506094324,22058394,0.16902,7547.18681700,1
1506094322,22058393,0.16902,229.61930000,0
1506094322,22058392,0.16902,229.61930000,0
1506094322,22058391,0.16901,229.61930000,0
1506094322,22058389,0.16901,229.61930000,0
1506094322,22058387,0.16901,229.61930000,0
1506094321,22058386,0.16901,229.61930000,0
1506094321,22058385,0.16898,7547.23585200,0
1506094270,22058290,0.16887,99.18678949,1
1506094269,22058288,0.16900,433.01300000,0
1506094241,22058222,0.16851,6.29588661,1
1506094241,22058221,0.16907,229.61934939,1
1506094225,22058142,0.16927,230.14599303,1
1506094218,22058126,0.16850,9829.17520977,1
1506094218,22058125,0.16850,170.00000000,1
1506094218,22058123,0.16852,1000.00000000,1
1506094218,22058122,0.16855,1472.38820000,1
1506094218,22058121,0.16860,600.00000000,1
1506094217,22058119,0.16861,399.70613000,1
1506094217,22058118,0.16870,51000.00000000,1
1506094217,22058117,0.16871,17828.69934000,1
1506094217,22058116,0.16872,1997.29180000,1
1506094215,22058106,0.16877,1980.39926931,1
1506094215,22058105,0.16933,0.00000469,1
1506094214,22058104,0.16933,99.35097531,1
1506094214,22058103,0.16947,9.98474469,1
1506094190,22058041,0.16947,220.68859101,1
1506094181,22058008,0.16985,2734.28623686,0
1506094181,22058006,0.16962,209.58815301,0
1506094179,22057994,0.16962,21.61344699,0
1506094179,22057993,0.16962,231.20155948,0
1506094177,22057984,0.16967,0.00004052,1
1506094176,22057980,0.16967,231.20160000,1
1506094170,22057965,0.16985,1134.54498412,0
1506094167,22057959,0.16950,1441.78670843,1
1506094167,22057958,0.16950,13630.48467800,1
1506094163,22057946,0.16987,19.37374337,1
1506094162,22057942,0.16987,212.35660932,1
1506094155,22057923,0.17000,4712.20882042,1
1506094152,22057905,0.17000,2943.87438987,1
1506094152,22057903,0.17000,1635.21412513,1
1506094150,22057898,0.17000,2364.78587487,1
1506094145,22057864,0.17007,232.25946497,1
1506094145,22057863,0.17010,4224.20357100,1
1506094144,22057861,0.17010,10000.00000000,1
1506094142,22057846,0.17010,1199.85153700,1
1506094138,22057840,0.17010,5431.70950100,1
1506094127,22057815,0.17010,6306.51315000,1
1506094121,22057797,0.17010,1000.00000000,1
1506094116,22057791,0.17010,2230.65180900,1
1506094115,22057789,0.17010,8131.30202200,1
1506094115,22057787,0.17010,3370.43300100,1
1506094115,22057785,0.17010,17670.00000000,1
1506094114,22057779,0.17010,2007.04115200,1
1506094113,22057775,0.17010,3573.02204600,1
1506094113,22057774,0.17011,2719.73104000,1
1506094108,22057768,0.17010,2200.96188900,1
1506094095,22057759,0.17010,4584.54930900,1
1506094088,22057744,0.17010,12167.62177200,1
1506094085,22057738,0.17010,12904.24976100,1
1506094084,22057736,0.17010,2997.88948000,1
1506094033,22057640,0.17011,3312.78571000,1
1506093995,22057572,0.17011,480.64300000,1
1506093994,22057566,0.17011,876.13213700,1
1506093986,22057541,0.17013,1267.86600000,1
1506093985,22057538,0.17013,753.39331884,1
1506093985,22057537,0.17027,232.78897016,1
1506093900,22057392,0.17036,2040.16759000,1
1506093757,22057334,0.17030,61.93146400,1
1506093713,22057264,0.17030,135.00000000,1
1506093689,22057220,0.17030,423.70728000,1
1506093687,22057219,0.17031,6576.29272000,1
1506093633,22057167,0.17032,1431.66132700,0
1506093633,22057165,0.17034,1446.72030000,1
1506093624,22057154,0.17080,103.74321367,0
1506093623,22057152,0.17078,589.25678633,0
1506093597,22057108,0.17131,285.98043000,0
1506093567,22057045,0.17140,285.22792872,1
1506093436,22056916,0.17139,343.30182624,0
1506093087,22056715,0.17139,132.69817376,0
1506093004,22056627,0.17138,69.84771600,0
1506092864,22056492,0.17129,697.47407900,0
1506092659,22056372,0.17031,62.51572300,1
1506092568,22056338,0.17140,3775.52467911,0
1506092568,22056337,0.17138,225.68659000,1
1506092568,22056336,0.17131,1128.43293000,0
1506092566,22056333,0.17081,693.00000000,0
1506092401,22056195,0.17033,868.38785000,1
1506092395,22056190,0.17032,147.38340910,1
1506092395,22056189,0.17047,233.31940090,1
1506092288,22056135,0.17030,11585.92997607,1
1506092286,22056129,0.17067,16.07002393,1
1506092266,22056100,0.17067,217.78018389,1
1506092258,22056081,0.17087,12.80178226,1
1506092257,22056079,0.17087,221.58013892,1
1506092249,22056075,0.17112,584.09373539,0
1506092137,22055906,0.17137,5820.77510649,1
1506091988,22055820,0.17169,34.27852525,0
1506091840,22055718,0.17158,441.35056000,0
1506091785,22055634,0.17170,4926.04073298,0
1506091785,22055633,0.17168,612.61960000,0
1506091593,22055491,0.17132,1443.97349988,0
1506091491,22055437,0.17150,543.50388122,1
1506091472,22055434,0.17182,170.74038890,0
1506091387,22055414,0.17178,5821.39946443,0
1506091337,22055375,0.17150,25158.89177300,1
1506091336,22055370,0.17150,3878.51046822,1
1506091336,22055369,0.17151,5260.43534878,1
1506091334,22055367,0.17151,321.00592100,1
1506091259,22055323,0.17196,2791.00000000,0
1506091205,22055280,0.17174,69.61214200,0
1506091119,22055238,0.17151,3000.00000000,1
1506090865,22055129,0.17150,1583.12970600,1
1506090853,22055115,0.17200,7371.78012700,1
1506090853,22055112,0.17200,10000.00000000,1
1506090852,22055111,0.17200,10000.00000000,1
1506090851,22055109,0.17200,1413.38787300,1
1506090729,22055055,0.17138,3583.19358400,1
1506090592,22054958,0.17132,2225.65379420,1
1506090479,22054804,0.17102,3027.31863717,0
1506090478,22054803,0.17102,109.12631943,0
1506090478,22054802,0.17102,632.00000000,0
1506090478,22054801,0.17102,1428.45150000,1
1506090466,22054795,0.17197,721.49363261,0
1506090464,22054794,0.17196,8926.53279400,0
1506090464,22054793,0.17196,1954.69673000,0
1506090371,22054714,0.17143,631.99993103,0
1506090338,22054686,0.17146,234.00000000,0
1506090137,22054465,0.17100,61.93146400,1
1506090086,22054323,0.17101,1950.34201800,1
1506090082,22054316,0.17100,2295.17527950,1
1506090082,22054313,0.17102,3139.54986650,1
1506090075,22054287,0.17102,2609.24172350,1
1506090072,22054278,0.17146,36.00000000,1
1506090059,22054255,0.17126,36.00000000,0
1506089989,22054156,0.17100,34499.72778000,1
1506089989,22054155,0.17101,5512.27222000,1
1506089989,22054154,0.17107,36.00000000,1
1506089987,22054144,0.17287,173.10800023,1
1506089987,22054143,0.17287,3826.85729160,1
1506089987,22054142,0.17267,234.38192118,0
1506089986,22054141,0.17247,233.85047709,0
1506089986,22054138,0.17227,233.31967080,0
1506089986,22054136,0.17207,232.78924069,0
1506089986,22054134,0.17206,4244.56828000,0
1506089985,22054133,0.17205,18898.57412200,1
1506089985,22054132,0.17205,848.91366000,0
1506089985,22054131,0.17205,9449.28706100,1
1506089985,22054130,0.17187,232.25973614,0
1506089984,22054129,0.17184,9231.19600000,0
1506089984,22054128,0.17173,98.64836000,0
1506089984,22054126,0.17167,231.73062450,0
1506089983,22054125,0.17147,231.20191296,0
1506089983,22054124,0.17146,9449.40765800,0
1506089983,22054123,0.17127,230.67388188,0
1506089981,22054122,0.17107,50.14654050,0
1506089969,22054115,0.17101,591.71597700,1
1506089967,22054113,0.17107,36.00000000,0
1506089955,22054101,0.17101,118.69436200,1
1506089954,22054098,0.17107,36.00000000,0
1506089941,22054074,0.17107,36.00000000,0
1506089934,22054062,0.17101,614.16336000,1
1506089927,22054048,0.17107,36.00000000,0
1506089927,22054044,0.17101,569.75070000,1
1506089921,22054033,0.17107,36.00000000,0
1506089920,22054031,0.17100,127.04370000,1
1506089873,22053925,0.17101,4386.58889018,0
1506089869,22053914,0.17100,710.45100000,1
1506089862,22053898,0.17100,1000.00000000,1
1506089861,22053895,0.17100,945.27847600,1
1506089861,22053893,0.17101,36.00000000,0
1506089860,22053890,0.17101,5831.41111000,0
1506089857,22053888,0.17100,9469.67780400,1
1506089851,22053884,0.17100,9632.55264700,1
1506089848,22053883,0.17100,3112.92000000,1
1506089846,22053880,0.17100,15000.00000000,0
1506089846,22053879,0.17098,9799.60926900,0
1506089845,22053878,0.17087,0.00000377,0
1506089769,22053804,0.17087,49.61962000,0
1506089756,22053780,0.17087,36.00000000,0
1506089743,22053761,0.17087,72.00000000,0
1506089729,22053756,0.17087,36.00000000,0
1506089715,22053746,0.17087,36.00000000,0
1506089702,22053731,0.17067,157.09313916,0
1506089690,22053717,0.17067,36.00000000,0
1506089678,22053699,0.17065,36.00000000,1
1506089663,22053688,0.17065,36.00000000,0
1506089650,22053675,0.17065,36.00000000,0
1506089637,22053658,0.17067,36.00000000,0
1506089603,22053619,0.17066,36.00000000,1
1506089584,22053556,0.17045,36.00000000,0
1506089565,22053482,0.17047,1712.37021176,0
1506089563,22053478,0.17000,10563.95760016,0
1506089557,22053465,0.17000,36.00000000,1
1506089404,22053240,0.16971,70.53499900,0
1506089268,22053127,0.16991,149.17679948,0
1506089253,22053114,0.16998,11787.02647528,0
1506089252,22053113,0.16987,5736.90000000,0
1506089252,22053112,0.16960,7476.07352472,0
1506089252,22053111,0.16959,10000.00000000,0
1506089184,22053057,0.16960,10000.00000000,0
1506089174,22053049,0.16962,150.00000000,0
1506089149,22053033,0.16968,6261.47324375,1
1506089113,22053007,0.16975,10000.00000000,0
1506089058,22052986,0.16878,36.07304484,1
1506089058,22052984,0.16887,25.85841916,1
1506089037,22052965,0.16966,1246.16745172,1
1506089036,22052964,0.16962,10000.00000000,0
1506088949,22052910,0.16984,2000.00000000,0
1506088904,22052867,0.16999,1691.28676471,0
1506088903,22052866,0.16996,10000.00000000,0
1506088892,22052861,0.16997,8466.61840000,0
1506088845,22052844,0.17000,8466.61840000,1
1506088844,22052842,0.16998,595.38160000,0
1506088844,22052841,0.16943,938.00000000,0
1506088800,22052695,0.16887,203.23472000,1
1506088678,22052614,0.16999,1506.55975175,0
1506088662,22052599,0.17000,1466.38060000,1
1506088661,22052597,0.17000,1416.73211930,1
1506088514,22052543,0.17076,357.84721300,0
1506088476,22052532,0.17000,4389.67247058,1
1506088474,22052531,0.16996,5434.10870000,0
1506088393,22052500,0.16998,10000.00000000,0
1506088280,22052458,0.16878,0.78282623,0
1506088278,22052457,0.16907,39.21717377,1
1506088243,22052453,0.16907,30.00000000,1
1506087993,22052279,0.16999,1343.30607118,0
1506087976,22052258,0.16950,529.28779652,0
1506087973,22052257,0.16950,445.19400000,0
1506087968,22052251,0.16950,1756.72000000,0
1506087966,22052248,0.16950,1985.76076313,0
1506087931,22052226,0.16950,394.35333333,0
1506087879,22052124,0.16950,672.77233038,0
1506087866,22052115,0.16950,417.90200000,0
1506087864,22052113,0.16950,3257.20000000,0
1506087743,22052048,0.16950,303.35915800,0
1506087737,22052045,0.16950,1501.87452000,0
1506087636,22051998,0.16953,155.76527599,0
1506087604,22051973,0.16974,70.52668800,0
1506087600,22051968,0.16907,160.40245000,1
1506087600,22051967,0.16950,140.00000000,1
1506087512,22051900,0.16982,1265.00000000,0
1506087433,22051848,0.17000,10599.95759969,1
1506087433,22051847,0.17000,2365.95136331,1
1506087411,22051836,0.17000,523.04863669,1
1506087411,22051835,0.17000,25549.28036331,1
1506087392,22051819,0.17000,2952.15362600,1
1506087307,22051692,0.17000,21907.35468235,1
1506087300,22051689,0.17000,43002.52216749,1
1506087270,22051664,0.17000,973.80133000,1
1506087253,22051631,0.17000,10000.00000000,1
1506087250,22051627,0.17000,2487.75897306,1
1506087244,22051618,0.17000,37147.45331800,1
1506087244,22051617,0.17000,2596.50904567,1
1506087243,22051615,0.17002,100.00000000,1
1506087243,22051614,0.17002,100.00000000,1
1506087243,22051613,0.17002,70362.94011933,1
1506087228,22051600,0.17002,760.33249000,1
1506087222,22051595,0.17002,23312.33276600,1
1506087219,22051593,0.17002,13633.60932300,1
1506087219,22051592,0.17002,1872.24929300,1
1506087212,22051579,0.17002,2246.68414247,1
1506087208,22051569,0.17002,437.92058802,1
1506087207,22051568,0.17003,1875.91754000,1
1506087194,22051531,0.17002,2036.95319328,1
1506087102,22051419,0.17081,911.10877583,0
1506086596,22050995,0.17002,21482.05527170,1
1506086596,22050993,0.17003,916.22193730,1
1506086549,22050933,0.17002,5964.46000000,1
1506086548,22050931,0.17002,4855.69000000,1
1506086543,22050917,0.17002,5964.71000000,1
1506086542,22050911,0.17002,1400.05028808,1
1506086541,22050910,0.17002,6864.40000000,1
1506086540,22050909,0.17002,20000.00000000,1
1506086540,22050903,0.17002,18149.90031000,1
1506086540,22050901,0.17002,297.73634826,1
1506086540,22050900,0.17002,1102.32174437,1
1506086539,22050897,0.17002,118.66301104,1
1506086539,22050895,0.17002,1779.94516559,1
1506086537,22050887,0.17002,61.32670900,1
1506086421,22050809,0.17023,58.59754450,0
1506086391,22050783,0.17000,36.00000000,1
1506086334,22050725,0.17065,911.00000000,0
1506086294,22050706,0.17089,613.27415800,0
1506086223,22050658,0.17001,314.28660045,1
1506086178,22050633,0.17046,410.62170010,1
1506086175,22050623,0.17052,2643.52216749,1
1506086175,22050622,0.17052,10000.00000000,1
1506086174,22050620,0.17052,10000.00000000,1
1506086174,22050617,0.17052,10000.00000000,1
1506086163,22050612,0.17052,10000.00000000,1
1506086163,22050611,0.17040,359.00000000,0
1506085804,22050366,0.17090,70.28239300,0
1506085529,22050183,0.17025,920.32213800,1
1506085529,22050182,0.17040,100.66245455,1
1506085495,22050149,0.17025,61858.48759400,1
1506085458,22050114,0.17025,60.98159500,1
1506085453,22050107,0.17025,10270.85940000,1
1506085453,22050103,0.17025,27415.34927300,1
1506085452,22050102,0.17026,2867.73891000,1
1506085452,22050101,0.17027,8151.02532000,1
1506085200,22049813,0.17025,557.66136227,1
1506085200,22049812,0.17070,89.91980773,1
1506085088,22049662,0.17070,465.78028484,1
1506085088,22049661,0.17080,373.71209016,1
1506085011,22049617,0.17070,0.65147877,0
1506084940,22049548,0.17087,930.43452123,1
1506084935,22049543,0.17087,3909.51133400,1
1506084928,22049540,0.17087,930.43452100,1
1506084925,22049535,0.17087,229.61962377,0
1506084846,22049447,0.17002,4651.16891803,1
1506084832,22049416,0.17083,198.59134812,1
1506084822,22049381,0.17037,65.80573842,0
1506084751,22049302,0.17000,64.54447059,0
1506084749,22049299,0.17000,5736.90000000,0
1506084683,22049240,0.17068,147.34421138,1
1506084683,22049239,0.16988,23119.82677000,0
1506084682,22049236,0.16987,3567.77600000,0
1506084674,22049226,0.16987,387.12473000,0
1506084581,22049128,0.16988,250.00000000,1
1506084526,22049070,0.16998,586.83739263,0
1506084352,22048908,0.16981,320.00000000,0
1506084004,22048705,0.16967,70.41882400,0
1506083853,22048622,0.16900,0.00002626,0
1506083853,22048621,0.16900,928.43860000,0
1506083848,22048613,0.16900,218.00000000,0
1506083841,22048610,0.16900,245.00000000,1
1506083841,22048609,0.16901,2500.00000000,1
1506083841,22048608,0.16902,1800.09470000,1
1506083723,22048499,0.16982,5580.67789424,0
1506083713,22048488,0.16982,1468.47573902,0
1506083627,22048459,0.16981,288.12190094,0
1506083625,22048454,0.16970,299.49700000,0
1506083621,22048447,0.16970,0.50300000,1
1506083568,22048372,0.16951,718.00000000,0
1506083539,22048355,0.17000,10378.90175100,1
1506083425,22048258,0.17000,221.05584900,1
1506083416,22048215,0.17033,4255.64258314,0
1506083338,22048128,0.17049,1126.28306645,0
1506083094,22047949,0.17010,2428.01955000,1
1506083094,22047947,0.17010,1465.29690000,1
1506083092,22047942,0.17011,15062.68355000,1
1506083034,22047921,0.17001,133.17278488,1
1506083034,22047920,0.17064,6295.74459000,1
1506083020,22047910,0.17087,3383.95716041,1
1506083020,22047909,0.17067,229.09341419,0
1506083019,22047908,0.17063,1854.55572000,0
1506082997,22047896,0.17000,787.08306487,0
1506082997,22047895,0.17000,1550.82850513,0
1506082993,22047890,0.17000,1594.83641176,0
1506082983,22047880,0.17000,1097.27963000,0
1506082943,22047858,0.17000,1380.79705294,0
1506082943,22047857,0.17000,2592.97430000,1
1506082941,22047856,0.16999,2592.97430000,0
1506082938,22047853,0.16937,61.16923100,1
1506082904,22047832,0.16956,200.00000000,0
1506082799,22047660,0.16997,989.49520521,0
1506082756,22047617,0.16994,555.84000000,0
1506082745,22047600,0.16950,214.60000000,0
1506082645,22047442,0.17000,14425.63411764,0
1506082645,22047441,0.16999,3080.76154000,0
1506082645,22047437,0.16983,1449.74450000,0
1506082589,22047268,0.16935,1565.15036179,0
1506082554,22047220,0.16999,20.20767680,1
1506082554,22047218,0.16982,3660.31075000,0
1506082553,22047217,0.16956,1667.99910000,1
1506082552,22047214,0.16956,9623.83361800,0
1506082524,22047157,0.16937,3000.00000000,0
1506082510,22047142,0.16871,3084.84517400,1
1506082466,22047097,0.16931,99.72762660,0
1506082368,22046952,0.17000,6594.13211764,0
1506082367,22046951,0.16999,19681.53074300,1
1506082367,22046950,0.16999,3983.93374000,0
1506082367,22046949,0.16970,1620.99240000,0
1506082366,22046947,0.16969,796.78675000,0
1506082366,22046946,0.16922,1000.00000000,1
1506082366,22046945,0.16900,10952.85016897,0
1506082364,22046944,0.16886,793.56712200,0
1506082335,22046926,0.16886,106.43287800,1
1506082299,22046903,0.16900,957.85900000,0
1506082256,22046863,0.16900,300.00000000,0
1506082249,22046860,0.16900,1201.02106509,0
1506082210,22046841,0.16900,409.28514800,0
1506082205,22046839,0.16900,206.58408284,0
1506082205,22046837,0.16900,300.00000000,0
1506082204,22046836,0.16900,70.83550300,0
1506082201,22046835,0.16900,590.24035503,0
1506082101,22046678,0.16900,875.60644000,0
1506082094,22046661,0.16886,253.47500000,0
1506081942,22046490,0.16886,464.52500000,0
1506081914,22046478,0.16871,1476.16598000,1
1506081914,22046477,0.16875,500.00000000,1
1506081858,22046437,0.16876,61.16923100,1
1506081852,22046416,0.16880,600.00000000,1
1506081852,22046415,0.16887,229.09341419,1
1506081852,22046413,0.16900,870.64654050,1
1506081601,22045989,0.16906,340.37335623,1
1506081601,22045988,0.16907,229.61962377,1
1506081538,22045943,0.16900,2489.85345950,1
1506081538,22045942,0.16900,600.00000000,1
1506081538,22045941,0.16900,2000.00000000,1
1506081537,22045940,0.16910,40.00000000,1
1506081537,22045939,0.16910,40.00000000,1
1506081537,22045938,0.16920,600.00000000,1
1506081535,22045937,0.16927,230.14654050,1
1506081405,22045708,0.16973,649.77200000,0
1506081273,22045481,0.16920,236.43255745,1
1506081273,22045479,0.16920,40.00000000,1
1506081273,22045477,0.16933,98.64836000,1
1506081273,22045473,0.16939,49.39210000,1
1506081272,22045471,0.16940,600.00000000,1
1506081272,22045469,0.16947,230.67388188,1
1506081272,22045467,0.16949,1697.63890567,1
1506081260,22045418,0.17000,0.00004251,1
1506081259,22045416,0.17000,1236.74970000,1
1506081257,22045406,0.17000,1236.74974300,1
1506081256,22045398,0.17000,1236.74974251,1
1506081238,22045339,0.17000,16111.25064700,1
1506081237,22045334,0.17000,872.82788800,1
1506081237,22045332,0.17000,2648.20020300,1
1506081237,22045327,0.17000,1038.32620184,1
1506081236,22045323,0.17000,2603.31271316,1
1506081236,22045320,0.17000,2500.00000000,1
1506081236,22045317,0.17000,3023.14540100,1
1506081232,22045295,0.17000,1236.74974300,1
1506081021,22045131,0.17001,2202.00000000,1
1506081016,22045127,0.17000,3648.05146000,1
1506081015,22045122,0.17000,10599.95760016,0
1506081014,22045121,0.16996,14284.48765000,0
1506081007,22045114,0.16973,1168.61256000,1
1506081006,22045111,0.16972,3919.40021641,0
1506081005,22045104,0.16972,1419.21167359,0
1506081004,22045099,0.16971,1767.61725194,0
1506080958,22045075,0.16990,118.90260000,0
1506080954,22045073,0.16990,2054.02537318,0
1506080940,22045047,0.16950,833.54513274,1
1506080940,22045046,0.16950,851.00000000,1
1506080940,22045045,0.16967,231.20191296,1
1506080883,22044858,0.16952,749.00000050,1
1506080883,22044857,0.16952,250.99999950,1
1506080883,22044856,0.16960,600.00000000,1
1506080883,22044855,0.16980,0.00000050,1
1506080881,22044846,0.16980,599.99999950,1
1506080880,22044844,0.16980,1000.00000000,1
1506080880,22044843,0.16987,231.73062450,1
1506080880,22044842,0.16991,88.58431000,1
1506080858,22044719,0.17000,636.61800000,1
1506080853,22044690,0.17000,1685.26479600,1
1506080853,22044689,0.17000,3107.08106700,1
1506080850,22044686,0.17000,1920.31493400,1
1506080842,22044664,0.17000,587.04100000,1
1506080838,22044647,0.17000,609.61242998,1
1506080838,22044646,0.17000,250.00000000,1
1506080838,22044645,0.17000,2553.54129000,1
1506080838,22044644,0.17000,7000.00000000,1
1506080837,22044643,0.17000,500.00000000,1
1506080837,22044642,0.17000,10599.95760016,1
1506080837,22044641,0.17000,500.00000000,1
1506080832,22044632,0.17000,9172.44485300,1
1506080832,22044631,0.17000,827.55514700,1
1506080832,22044630,0.17000,500.00000000,1
1506080831,22044629,0.17000,87.62190500,1
1506080806,22044605,0.17000,1000.00000000,1
1506080777,22044574,0.17000,586.76000000,1
1506080754,22044498,0.17000,10825.61809500,1
1506080753,22044496,0.17000,40.00000000,1
1506080753,22044495,0.17000,476.00000000,1
1506080752,22044494,0.17000,13199.97617647,1
1506080752,22044493,0.17000,4426.74925157,1
1506080752,22044491,0.17000,1573.25074843,1
1506080752,22044490,0.17000,30.00000000,1
1506080752,22044489,0.17000,17502.96007723,1
1506080747,22044465,0.17000,23928.80671100,1
1506080747,22044464,0.17000,699.84072700,1
1506080745,22044456,0.17000,1013.85613000,1
1506080745,22044455,0.17001,794.58559000,1
1506080738,22044423,0.17000,2116.92523400,1
1506080736,22044420,0.17000,1169.37790900,1
1506080736,22044419,0.17001,982.28324000,1
1506080726,22044393,0.17000,100.00000000,1
1506080725,22044392,0.17000,671.00000000,1
1506080725,22044391,0.17000,33823.00000000,1
1506080725,22044390,0.17000,600.00000000,1
1506080724,22044388,0.17000,500.00000000,1
1506080724,22044387,0.17000,11000.00000000,1
1506080724,22044386,0.17000,18254.13076782,1
1506080724,22044385,0.17001,1095.47294000,1
1506080708,22044328,0.17001,1000.00000000,1
1506080697,22044261,0.17001,1126.40717200,1
1506080646,22044079,0.17000,5000.00000000,1
1506080572,22043932,0.17000,35445.86923218,1
1506080572,22043931,0.17000,2450.94891938,1
1506080572,22043930,0.17001,2885.73885000,1
1506080572,22043929,0.17007,232.25973614,1
1506080572,22043928,0.17010,3098.17283950,1
1506080572,22043927,0.17010,552.50000000,1
1506080572,22043926,0.17011,813.80541000,1
1506080404,22043643,0.17075,70.00701800,0
1506080391,22043629,0.17104,250.00000000,0
1506080155,22043467,0.17121,2621.79662403,0
1506079850,22043270,0.17010,447.50000000,1
1506079523,22043126,0.17010,2865.95061728,1
1506079523,22043125,0.17020,31.94109870,1
1506079338,22043008,0.17023,61.16923100,1
1506079312,22042995,0.17020,707.00000000,1
1506079299,22042972,0.17162,460.00000000,1
1506079297,22042968,0.17109,640.00000000,0
1506079201,22042881,0.17013,443.08948000,1
1506078778,22042459,0.17150,29.53580000,0
1506078676,22042408,0.17000,7105.00279826,1
1506078676,22042407,0.17000,5955.50040105,1
1506078676,22042406,0.17001,602.38706000,1
1506078676,22042405,0.17012,1187.10974069,1
1506078676,22042404,0.17012,1267.21075931,1
1506078675,22042403,0.17027,232.78924069,1
1506078670,22042391,0.17000,6759.16268718,1
1506078670,22042390,0.17000,5000.00000000,1
1506078669,22042389,0.17000,1048.78323529,1
1506078669,22042388,0.17000,1000.00000000,1
1506078669,22042387,0.17000,120.00000000,1
1506078669,22042386,0.17000,13341.00000000,1
1506078669,22042385,0.17000,100.00000000,1
1506078669,22042384,0.17000,400.00000000,1
1506078669,22042383,0.17000,100.00000000,1
1506078669,22042382,0.17000,2000.00000000,1
1506078669,22042381,0.17000,10000.00000000,1
1506078668,22042380,0.17001,84.00000000,1
1506078668,22042379,0.17001,1697.70381154,1
1506078668,22042378,0.17010,2000.00000000,1
1506078668,22042377,0.17010,40.00000000,1
1506078668,22042375,0.17010,40.00000000,1
1506078667,22042374,0.17012,311.00000000,1
1506078667,22042373,0.17020,600.00000000,1
1506078667,22042372,0.17020,40.00000000,1
1506078667,22042371,0.17021,200.00000000,1
1506078666,22042370,0.17040,600.00000000,1
1506078666,22042369,0.17047,233.31967080,1
1506078665,22042367,0.17050,10000.00000000,1
1506078665,22042366,0.17050,3406.84816519,1
1506078663,22042363,0.17050,750.95880681,1
1506078604,22042334,0.17075,70.10951700,0
1506078523,22042253,0.17050,2427.18733600,1
1506078358,22042157,0.17075,126.80100000,0
1506078259,22042104,0.17050,60.98159500,1
1506078200,22042065,0.17050,206.00000000,1
1506078146,22041923,0.17050,5000.00000000,1
1506078117,22041884,0.17050,209.00000000,1
1506078074,22041818,0.17051,2798.26000000,0
1506078068,22041802,0.17050,1490.55513000,1
1506078068,22041801,0.17051,3509.44487000,1
1506078004,22041717,0.17050,846.20989200,1
1506078003,22041715,0.17051,1197.39040800,1
1506078001,22041711,0.17051,220.28245000,1
1506077998,22041707,0.17051,2569.22919200,1
1506077990,22041693,0.17090,678.53333333,1
1506077960,22041656,0.17095,117.39091015,0
1506077939,22041641,0.17050,1854.65922200,1
1506077936,22041636,0.17050,2234.95505900,1
1506077935,22041635,0.17050,1512.64479400,1
1506077935,22041634,0.17050,1600.00000000,1
1506077896,22041609,0.17060,500.00000000,1
1506077896,22041608,0.17060,600.00000000,1
1506077894,22041604,0.17061,882.32064357,1
1506077893,22041603,0.17067,233.85047709,1
1506077893,22041602,0.17068,49.01880000,1
1506077867,22041579,0.17132,215.00000000,0
1506077836,22041522,0.17080,600.00000000,1
1506077836,22041521,0.17087,234.38192118,1
1506077822,22041492,0.17100,30.00000000,1
1506077822,22041488,0.17100,600.00000000,1
1506077822,22041486,0.17100,210.00000000,1
1506077821,22041485,0.17100,2530.24811183,1
1506077821,22041484,0.17100,3052.72000900,1
1506077821,22041483,0.17100,18413.71591600,1
1506077821,22041482,0.17100,3643.96418100,1
1506077819,22041473,0.17100,3217.55568000,1
1506077819,22041471,0.17100,1026.40850100,1
1506077818,22041466,0.17100,10000.00000000,1
1506077818,22041464,0.17100,17812.18809400,1
1506077796,22041432,0.17150,447.50000000,0
1506077789,22041430,0.17100,1404.20758800,1
1506077660,22041275,0.17151,0.00000400,1
1506077660,22041274,0.17151,1601.18396000,1
1506077643,22041250,0.17151,2414.46573600,1
1506077631,22041241,0.17151,205.00000000,1
1506077623,22041232,0.17151,279.35030000,1
1506077591,22041179,0.17189,377.20577113,0
1506077534,22041098,0.17105,548.00000000,1
1506077457,22040991,0.17103,206.00000000,1
1506077445,22040978,0.17100,223.43220000,1
1506077369,22040909,0.17100,205.00000000,1
1506077366,22040905,0.17100,205.00000000,1
1506077362,22040901,0.17100,206.00000000,1
1506077359,22040893,0.17100,206.00000000,1
1506077352,22040879,0.17100,206.00000000,1
1506077346,22040868,0.17100,206.00000000,1
1506077339,22040858,0.17100,206.00000000,1
1506077334,22040851,0.17100,206.00000000,1
1506077329,22040847,0.17100,206.00000000,1
1506077326,22040840,0.17100,206.00000000,1
1506077319,22040817,0.17100,206.00000000,1
1506077317,22040813,0.17100,206.00000000,1
1506077310,22040808,0.17100,204.00940200,1
1506077301,22040793,0.17100,1563.49005848,1
1506077297,22040781,0.17100,37107.60162100,1
1506077296,22040779,0.17101,7245.71194000,1
1506077247,22040676,0.17101,572.76305369,1
1506077247,22040675,0.17101,1187.01391731,1
1506077247,22040673,0.17101,752.37637000,1
1506077076,22040455,0.17101,412.00000000,1
1506077054,22040443,0.17161,720.13727100,0
1506076842,22040333,0.17101,1960.42073000,1
1506076839,22040330,0.17101,1875.20290000,1
1506076839,22040329,0.17102,1422.79710000,1
1506076805,22040297,0.17146,69.71754700,0
1506076770,22040271,0.17102,4279.66110000,1
1506076540,22040062,0.17100,5000.00000000,1
1506076518,22040008,0.17100,3092.00000000,1
1506076511,22040002,0.17100,2395.95375300,1
1506076506,22039990,0.17100,1003.88602000,1
1506076506,22039989,0.17101,2104.11398000,1
1506076503,22039985,0.17101,298.51380000,1
1506076501,22039981,0.17101,3108.00000000,1
1506076490,22039967,0.17100,25000.00000000,1
1506076486,22039957,0.17100,3092.00000000,1
1506076483,22039952,0.17100,3092.00000000,1
1506076476,22039938,0.17127,737.64360000,0
1506076473,22039922,0.17100,3108.00000000,1
1506076449,22039876,0.17148,911.50029157,0
1506076447,22039874,0.17147,4876.74013100,0
1506076429,22039825,0.17101,2070.35796900,1
1506076342,22039716,0.17101,3092.00000000,1
1506076339,22039714,0.17101,3092.00000000,1
1506076322,22039694,0.17100,1546.61886469,1
1506076321,22039692,0.17100,657.49530631,1
1506076321,22039691,0.17100,207.00000000,1
1506076318,22039685,0.17100,3108.00000000,1
1506076317,22039684,0.17100,2459.92350403,1
1506076317,22039683,0.17100,1005.00000000,1
1506076317,22039681,0.17100,3284.49205597,1
1506076317,22039680,0.17101,3413.69444000,1
1506076314,22039668,0.17100,1911.01204075,1
1506076313,22039666,0.17101,1196.98795925,1
1506076304,22039648,0.17101,2934.06760075,0
1506076303,22039647,0.17107,173.93239925,1
1506075961,22039434,0.17111,1000.00000000,1
1506075876,22039332,0.17150,1720.33890000,0
1506075842,22039314,0.17126,140.00000000,0
1506075819,22039291,0.17156,150.00000000,0
1506075740,22039211,0.17107,60.98159500,1
1506075522,22039096,0.17199,4238.64028000,0
1506075487,22039051,0.17200,4238.64028000,0
1506075473,22039014,0.17198,350.00000000,0
1506075451,22039003,0.17198,13462.31909900,0
1506075368,22038933,0.17174,1000.00000000,0
1506075355,22038918,0.17150,666.42413804,0
1506075314,22038875,0.17151,0.72613993,1
1506075273,22038847,0.17127,1032.56386007,0
1506075245,22038793,0.17127,3792.97078000,0
1506075238,22038780,0.17127,174.46535993,1
1506075105,22038586,0.17200,2876.52959302,0
1506075097,22038582,0.17200,345.00000000,0
1506075004,22038532,0.17200,69.60000000,0
1506074930,22038461,0.17200,57.99453488,0
1506074924,22038445,0.17132,220.00000000,1
1506074907,22038433,0.17150,3124.61822200,0
1506074898,22038421,0.17150,589.80800000,0
1506074895,22038416,0.17150,769.22700000,0
1506074768,22038324,0.17168,42.56640000,0
1506074659,22038256,0.17127,60.98159500,1
1506074473,22038014,0.17100,24057.98633733,1
1506074473,22038013,0.17101,1434.14530000,1
1506074473,22038012,0.17147,235.97999240,1
1506074473,22038011,0.17167,16706.88837027,1
1506074460,22037965,0.17167,7228.04265000,1
1506074454,22037925,0.17167,899.86500000,1
1506074451,22037915,0.17167,44509.00000000,1
1506074451,22037914,0.17167,136.48591600,1
1506074419,22037771,0.17198,1064.71361696,1
1506074407,22037741,0.17200,4545.07237213,0
1506074407,22037740,0.17200,9046.80389903,0
1506074406,22037738,0.17199,290.00000000,0
1506073887,22037066,0.17200,953.19610097,0
1506073887,22037065,0.17200,2546.80389903,0
1506073785,22037039,0.17198,2435.28638304,1
1506073758,22037025,0.17200,3500.00000000,0
1506073696,22037005,0.17100,16871.50956595,1
1506073695,22037004,0.17105,2391.97680000,1
1506073695,22037003,0.17110,40.00000000,1
1506073695,22037002,0.17115,56.00000000,1
1506073693,22037001,0.17167,236.51363405,1
1506073626,22036974,0.17200,1113.89000000,0
1506073612,22036961,0.17120,350.32032327,0
1506073612,22036959,0.17120,1288.23246800,0
1506073611,22036955,0.17120,4641.04276000,0
1506073610,22036954,0.17120,2279.85851548,0
1506073610,22036953,0.17120,600.00000000,1
1506073610,22036950,0.17122,500.00000000,1
1506073610,22036949,0.17130,8090.32781640,1
1506073610,22036947,0.17131,4650.79626000,1
1506073610,22036946,0.17166,1450.81200000,1
1506073609,22036945,0.17167,5736.90000000,1
1506073609,22036944,0.17173,98.66172000,1
1506073609,22036943,0.17187,237.04813685,1
1506073607,22036941,0.17200,1113.12000000,0
1506073600,22036929,0.17198,1488.60314029,0
1506073596,22036924,0.17200,1488.60314029,0
1506073592,22036920,0.17207,237.58296068,1
1506073374,22036702,0.17263,247.00000000,1
1506073373,22036701,0.17184,1725.88163674,1
1506073372,22036700,0.17200,30.00000000,1
1506073372,22036699,0.17210,40.00000000,1
1506073370,22036698,0.17227,238.11836326,1
1506073205,22036614,0.17321,69.11379300,0
1506073007,22036506,0.17279,767.83200000,1
1506072996,22036488,0.17231,2080.12607800,1
1506072977,22036467,0.17230,896.87120300,1
1506072877,22036398,0.17230,20522.60966376,1
1506072876,22036397,0.17247,238.65433624,1
1506072854,22036367,0.17290,756.41800000,0
1506072853,22036364,0.17290,749.06100000,0
1506072835,22036323,0.17267,239.19087137,1
1506072714,22036247,0.17295,45.70280000,0
1506072634,22036203,0.17268,2391.05328916,0
1506072632,22036202,0.17268,3078.22595080,1
1506072632,22036201,0.17270,5718.29145000,1
1506072605,22036110,0.17268,1022.50222100,1
1506072604,22036108,0.17268,5406.73621700,1
1506072578,22036058,0.17268,9370.13012300,1
1506072234,22035911,0.17268,9734.98366749,1
1506072234,22035910,0.17270,1614.59844000,1
1506072233,22035909,0.17287,1401.04681151,1
1506072138,22035854,0.17287,60.98159500,1
1506072029,22035776,0.17381,13199.84080318,0
1506071965,22035758,0.17310,17578.69100000,1
1506071799,22035631,0.17287,537.72170397,0
1506071797,22035627,0.17287,1999.75011048,0
1506071777,22035617,0.17280,51.98483011,1
1506071777,22035616,0.17287,178.74662789,1
1506071710,22035571,0.17291,502.61424700,1
1506071404,22035285,0.17349,69.00224800,0
1506071341,22035265,0.17362,2276.97289000,0
1506071062,22035072,0.17287,60.98159500,1
1506071026,22035051,0.17367,445.38496228,0
1506070904,22034960,0.17427,274.57049406,1
1506070902,22034959,0.17378,247.00000000,1
1506070816,22034836,0.17316,2258.84000000,1
1506070800,22034767,0.17313,665.16835000,1
1506070274,22034467,0.17403,250.77788600,0
1506070064,22034397,0.17451,2159.55259125,0
1506070021,22034384,0.17400,6709.54253000,1
1506070019,22034381,0.17400,2500.00000000,1
1506070018,22034380,0.17400,3290.45747000,0
1506070018,22034379,0.17397,2500.00000000,0
1506069841,22034114,0.17400,8744.27387000,0
1506069841,22034113,0.17399,3755.72613000,0
1506069840,22034112,0.17398,2500.00000000,0
1506069762,22034029,0.17400,8114.50360000,0
1506069762,22034028,0.17398,4385.49640000,0
1506069761,22034027,0.17397,2500.00000000,0
1506069733,22034016,0.17399,310.71820219,0
1506069732,22034015,0.17346,3972.56011113,0
1506069604,22033892,0.17346,68.83164700,0
1506069600,22033889,0.17292,443.19544000,1
1506069600,22033888,0.17300,50.00000000,1
1506069600,22033887,0.17400,448.76506000,0
1506069600,22033886,0.17392,5286.08600000,0
1506069600,22033885,0.17392,2500.00000000,0
1506069600,22033884,0.17390,16765.14894000,0
1506069491,22033840,0.17384,1000.00000000,0
1506069429,22033805,0.17364,1024.27643400,0
1506068961,22033429,0.17273,3076.00000000,1
1506068957,22033426,0.17273,2600.96607785,1
1506068957,22033424,0.17307,240.26585715,1
1506068957,22033422,0.17310,40.00000000,1
1506068547,22033225,0.17327,240.80455162,1
1506068547,22033224,0.17333,0.00000042,1
1506068545,22033220,0.17333,7670.24193000,1
1506068539,22033216,0.17333,60.79510700,1
1506068507,22033174,0.17334,368.34094000,1
1506068496,22033160,0.17333,3987.95818700,1
1506068496,22033159,0.17333,19440.12441700,1
1506068451,22033095,0.17334,2038.74633200,1
1506068400,22033062,0.17334,424.05361724,1
1506068400,22033061,0.17347,241.34351276,1
1506068245,22032921,0.17432,276.67800000,0
1506068108,22032832,0.17334,1429.42378065,0
1506068108,22032831,0.17367,241.88325453,1
1506068106,22032830,0.17380,1360.79425942,1
1506068063,22032787,0.17380,16987.71433700,1
1506068058,22032785,0.17381,1360.79425900,1
1506068056,22032783,0.17400,5000.00000000,1
1506068025,22032729,0.17401,823.23438396,1
1506067805,22032582,0.17450,68.60286500,0
1506067461,22032449,0.17410,60.79510700,1
1506066824,22032098,0.17386,1383.01974930,1
1506066824,22032097,0.17386,1430.02650000,1
1506066706,22032009,0.17478,1486.36579100,1
1506066704,22032007,0.17478,1397.52980000,0
1506066693,22031996,0.17380,80.86559358,1
1506066692,22031993,0.17381,1280.60908642,0
1506066692,22031991,0.17380,3582.85918000,1
1506066691,22031988,0.17381,4258.52532000,1
1506066691,22031987,0.17382,850.75792000,1
1506066690,22031986,0.17382,1156.38290000,1
1506066690,22031985,0.17382,261.93160000,1
1506066677,22031977,0.17477,1667.00000000,1
1506066522,22031896,0.17380,1243.36279217,0
1506066522,22031895,0.17386,16469.47470000,0
1506066521,22031893,0.17387,2044.73900000,1
1506066520,22031892,0.17387,242.42350783,1
1506066145,22031638,0.17478,67.60182400,1
1506066145,22031636,0.17478,210.98347600,1
1506066145,22031635,0.17479,278.58530000,1
1506066145,22031633,0.17479,278.58530000,1
1506066144,22031629,0.17479,204.43120000,1
1506066089,22031501,0.17479,74.15410000,1
1506066089,22031500,0.17479,278.58530000,1
1506066089,22031499,0.17479,278.58530000,1
1506066088,22031497,0.17479,278.58530000,1
1506066067,22031394,0.17481,2324.00000000,0
1506066044,22031379,0.17500,1954.54845500,0
1506066042,22031378,0.17500,20797.61999300,0
1506066006,22031362,0.17474,278.58532400,0
1506066004,22031361,0.17474,68.41467600,0
1506065931,22031349,0.17500,4121.12571429,0
1506065922,22031328,0.17500,30.00000000,0
1506065798,22031294,0.17499,1006.47000000,0
1506065797,22031293,0.17498,366.98600000,0
1506065792,22031287,0.17493,752.70576802,0
1506065782,22031283,0.17495,365.59800000,0
1506065618,22031149,0.17498,153.91850497,0
1506065602,22031144,0.17498,2495.49701800,0
1506065586,22031133,0.17500,12254.32817142,1
1506065586,22031132,0.17499,4267.69561000,1
1506065585,22031129,0.17400,581.65068818,0
1506065584,22031127,0.17400,6543.71100000,0
1506065584,22031126,0.17400,841.25401800,0
1506065584,22031125,0.17400,4500.00000000,0
1506065582,22031124,0.17407,242.96452369,1
1506065582,22031123,0.17410,22312.00000000,1
1506065581,22031122,0.17411,14775.88988000,1
1506065571,22031116,0.17411,3198.98239988,1
1506065571,22031115,0.17412,2810.70690000,1
1506065571,22031114,0.17427,243.50577610,1
1506065555,22031106,0.17437,1504.19894179,1
1506065554,22031103,0.17437,995.80105821,1
1506065554,22031102,0.17438,6931.43900000,1
1506065554,22031101,0.17447,244.04777448,1
1506065513,22031079,0.17499,1557.90873764,0
1506065269,22030904,0.17498,344.93510400,0
1506065250,22030901,0.17498,3683.11736631,0
1506065250,22030900,0.17482,2418.59157269,0
1506065234,22030894,0.17482,4337.39142900,0
1506065233,22030893,0.17482,1609.98655200,0
1506065204,22030877,0.17482,2416.34030300,0
1506065175,22030839,0.17482,14929.80030800,0
1506065152,22030834,0.17482,9156.26646200,0
1506065149,22030829,0.17417,97.97333000,1
1506065148,22030828,0.17419,2500.00000000,1
1506065148,22030827,0.17467,244.59025239,1
1506065132,22030817,0.17482,4949.11252900,0
1506065131,22030816,0.17481,5989.37837000,0
1506065131,22030815,0.17482,2500.00000000,0
1506065129,22030814,0.17483,5029.10394000,1
1506065129,22030813,0.17484,2500.00000000,1
1506065129,22030812,0.17487,184.33835177,1
1506065020,22030755,0.17500,2583.65969700,0
1506064960,22030743,0.17499,375.86747800,0
1506064941,22030731,0.17487,60.79510700,1
1506064926,22030722,0.17499,245.67661668,0
1506064924,22030715,0.17500,2369.90801741,0
1506064923,22030713,0.17500,1641.53000000,0
1506064922,22030711,0.17500,1389.69517769,0
1506064920,22030705,0.17500,1390.06118526,0
1506064918,22030704,0.17500,500.00000000,1
1506064918,22030703,0.17527,246.22099878,1
1506064918,22030702,0.17537,346.65317340,1
1506064910,22030689,0.17537,0.17341330,0
1506064905,22030675,0.17537,346.82658670,0
1506064887,22030660,0.17530,1000.00000000,1
1506064887,22030659,0.17531,346.20338400,1
1506064636,22030483,0.17599,2500.00000000,0
1506064442,22030016,0.17659,11799.96475025,0
1506064442,22030014,0.17650,1.81865500,0
1506064404,22029967,0.17650,1392.93969070,1
1506064404,22029963,0.17650,1104.67194900,1
1506064404,22029958,0.17650,12500.56970530,1
1506064365,22029856,0.17650,149.52756900,1
1506064363,22029849,0.17650,5590.26721100,1
1506064333,22029762,0.17699,2500.00000000,0
1506064300,22029711,0.17654,3981.84374000,1
1506064300,22029710,0.17655,17792.15626000,1
1506064279,22029674,0.17715,679.69375000,0
1506064271,22029654,0.17650,12656.42237930,0
1506064269,22029639,0.17650,14907.95723370,0
1506064268,22029638,0.17649,1.69842005,0
1506064265,22029629,0.17649,3396.77030995,1
1506064264,22029625,0.17649,1526.81670349,0
1506064262,22029617,0.17649,1525.44863731,0
1506064220,22029586,0.17649,4035.38731512,0
1506064204,22029578,0.17649,67.82933900,0
1506064192,22029573,0.17649,121.02391070,0
1506064180,22029568,0.17649,113.96011396,0
1506064075,22029400,0.17680,3056.06560800,0
1506064066,22029366,0.17550,3741.67848000,1
1506064065,22029363,0.17550,1599.08925824,0
1506064065,22029361,0.17550,1709.40170940,0
1506064065,22029360,0.17550,9954.21600000,0
1506064064,22029358,0.17550,2283.69710263,0
1506064064,22029357,0.17550,11300.00000000,1
1506064064,22029356,0.17568,1111.88600000,1
1506064064,22029355,0.17580,1409.39900000,1
1506064064,22029354,0.17600,2133.62057480,1
1506064063,22029351,0.17608,5550.99023000,1
1506064063,22029350,0.17612,2500.00000000,1
1506064063,22029349,0.17639,447.00000000,1
1506064063,22029348,0.17658,0.70012493,1
1506064013,22029220,0.17640,1000.24987507,0
1506064010,22029207,0.17640,499.75012493,1
1506063941,22029039,0.17700,9319.55477900,0
1506063938,22029038,0.17699,0.24987507,0
1506063935,22029036,0.17699,499.75012493,0
1506063882,22029000,0.17640,18715.52786270,0
1506063880,22028999,0.17640,209.47213730,1
1506063859,22028992,0.17640,60.79510700,1
1506063845,22028984,0.17670,4998.75000000,0
1506063840,22028980,0.17679,1.25000000,1
1506063827,22028972,0.17698,4381.24135570,0
1506063827,22028971,0.17698,0.00000030,0
1506063613,22028774,0.17650,1780.01000000,0
1506063604,22028736,0.17650,6754.37000000,0
1506063604,22028735,0.17645,347.00000000,0
1506063598,22028724,0.17650,1435.62000000,0
1506063588,22028723,0.17679,3.39814811,0
1506063587,22028722,0.17650,4850.68185189,0
1506063584,22028721,0.17650,149.31814811,1
1506063493,22028671,0.17698,2501.50242000,0
1506063493,22028670,0.17690,5000.00000000,0
1506063493,22028669,0.17680,5000.00000000,0
1506063465,22028640,0.17650,5619.35088800,0
1506063298,22028573,0.17698,2495.00000000,0
1506063283,22028569,0.17698,240.80600000,0
1506063259,22028551,0.17639,2117.63089391,1
1506063258,22028550,0.17650,1533.28252500,0
1506063257,22028547,0.17650,149.08658109,1
1506063255,22028539,0.17698,6595.44503300,0
1506063251,22028534,0.17700,1881.64911200,0
1506063165,22028472,0.17720,533.35400000,0
1506063165,22028471,0.17710,40.00000000,0
1506063164,22028470,0.17707,246.22099878,0
1506063164,22028469,0.17700,0.00000032,0
1506063164,22028467,0.17700,599.99999968,0
1506063164,22028465,0.17699,0.00000016,0
1506063125,22028390,0.17699,2449.99999984,0
1506063125,22028389,0.17650,1237.44844016,0
1506063122,22028387,0.17650,148.86105006,0
1506063109,22028368,0.17650,148.68997605,0
1506063105,22028365,0.17650,1814.53728000,0
1506063103,22028360,0.17650,148.46325373,0
1506063096,22028353,0.17650,8500.00000000,0
1506062955,22028212,0.17687,360.98128569,0
1506062917,22028182,0.17608,1106.00999000,1
1506062917,22028181,0.17610,1986.21030000,1
1506062917,22028180,0.17611,2907.77971000,0
1506062915,22028176,0.17688,2000.00000000,1
1506062881,22028160,0.17688,3000.00000000,1
1506062759,22028102,0.17695,2898.25354681,0
1506062759,22028100,0.17687,245.67661668,0
1506062707,22027976,0.17680,600.00000000,0
1506062707,22027975,0.17667,245.13294580,0
1506062707,22027974,0.17664,97.27713000,0
1506062707,22027973,0.17647,19.75623289,0
1506062703,22027951,0.17647,224.83350536,0
1506062691,22027926,0.17603,14999.38476281,1
1506062637,22027873,0.17600,4228.79284000,0
1506062635,22027872,0.17600,100.00000000,1
1506062635,22027871,0.17603,7109.35466000,1
1506062635,22027870,0.17605,20887.50400000,1
1506062635,22027869,0.17610,1764.66050000,1
1506062635,22027868,0.17611,655.68800000,1
1506062606,22027858,0.17614,17148.80067000,1
1506062606,22027857,0.17615,7851.19933000,1
1506062421,22027737,0.17630,7250.64314102,0
1506062421,22027736,0.17627,244.04725916,0
1506062421,22027735,0.17610,40.00000000,0
1506062421,22027734,0.17607,238.51411959,0
1506062404,22027704,0.17607,4.99114000,0
1506062404,22027702,0.17582,63.00000000,0
1506062375,22027676,0.17600,750.95880681,0
1506062358,22027658,0.17600,126.66463068,0
1506062351,22027653,0.17600,5323.67349000,0
1506062349,22027646,0.17599,131.87857600,0
1506062337,22027629,0.17600,1472.11910600,0
1506062337,22027628,0.17599,1153.08711000,0
1506062322,22027550,0.17597,4539.40433028,1
1506062320,22027543,0.17595,7365.52490000,0
1506062300,22027511,0.17589,140.78203524,0
1506062259,22027500,0.17590,587.76782638,0
1506062259,22027499,0.17589,1396.48823000,0
1506062231,22027493,0.17595,9885.94620552,0
1506062230,22027492,0.17587,242.96400600,0
1506062230,22027491,0.17567,242.42298894,0
1506062230,22027490,0.17547,228.62439970,0
1506061996,22027418,0.17521,63.00000000,0
1506061347,22027200,0.17425,60.79510700,1
1506061099,22027127,0.17500,4795.89074285,1
1506060812,22027029,0.17547,13.25833475,0
1506060810,22027028,0.17527,185.92038636,0
1506060686,22026997,0.17527,55.42260512,0
1506060684,22026996,0.17507,172.42426289,0
1506060603,22026961,0.17507,68.37950500,0
1506060562,22026950,0.17500,5700.00000000,1
1506060430,22026855,0.17501,2284.00000000,1
1506060259,22026791,0.17413,60.60975600,1
1506060079,22026724,0.17504,9.73466655,0
1506060079,22026723,0.17487,240.26533345,0
1506060017,22026712,0.17486,84.62703147,0
1506060016,22026711,0.17467,15.37296853,0
1506060010,22026704,0.17413,63.00000000,0
1506060001,22026690,0.17344,913.46390000,1
1506059293,22026471,0.17467,224.35446700,0
1506059112,22026424,0.17466,449.90266804,1
1506058940,22026379,0.17466,50.00762700,1
1506058933,22026374,0.17466,223.45448300,0
1506058803,22026305,0.17427,68.53609700,0
1506058745,22026275,0.17447,600.32183183,0
1506058363,22026192,0.17402,0.58421000,1
1506058334,22026190,0.17384,2015.98579000,0
1506058331,22026183,0.17384,621.55000000,0
1506057861,22025927,0.17417,666.56150400,0
1506057819,22025865,0.17313,11606.80000000,1
1506057789,22025825,0.17437,782.14200000,0
1506057738,22025750,0.17310,60.79510700,1
1506057638,22025718,0.17386,982.00000000,0
1506057112,22025447,0.17440,11439.29162844,0
1506057031,22025421,0.17391,2075.39280000,1
1506057026,22025420,0.17392,2500.00000000,1
1506057003,22025404,0.17448,68.61072900,0
1506056920,22025361,0.17449,2984.38494900,0
1506056658,22025219,0.17366,60.60975600,1
1506056409,22025128,0.17432,163.00000000,1
1506056409,22025126,0.17434,159.00000000,1
1506056405,22025124,0.17425,4.00000000,0
1506056405,22025123,0.17425,163.00000000,0
1506056405,22025122,0.17425,163.00000000,0
1506056405,22025121,0.17425,163.00000000,0
1506056405,22025120,0.17425,163.00000000,0
1506056404,22025119,0.17432,163.00000000,1
1506056404,22025118,0.17434,163.00000000,1
1506056280,22025065,0.17404,5814.49302005,1
1506055824,22024932,0.17445,2648.35706917,0
1506055368,22024655,0.17439,2152.11680959,1
1506055208,22024530,0.17417,0.00003500,0
1506055208,22024529,0.17417,94.39710000,0
1506055203,22024520,0.17417,68.60286500,0
1506055198,22024515,0.17450,13381.43816000,0
1506055198,22024514,0.17449,4238.27822000,0
1506055087,22024399,0.17448,1647.21000000,0
1506055056,22024306,0.17268,23824.89553697,0
1506055056,22024305,0.17268,4738.32343200,0
1506055056,22024304,0.17268,7941.84159100,0
1506055056,22024303,0.17268,15671.14248100,0
1506055056,22024302,0.17268,1194.39296300,0
1506055056,22024301,0.17268,2823.00385700,0
1506055055,22024300,0.17268,1888.32090200,0
1506055055,22024299,0.17268,41293.50000000,0
1506055054,22024293,0.17300,2500.00000000,1
1506055054,22024292,0.17300,6996.78061200,0
1506055054,22024291,0.17300,115.50678602,0
1506055054,22024289,0.17300,1732.60179036,0
1506055054,22024284,0.17309,1970.77785865,1
1506055053,22024282,0.17309,13657.67900000,0
1506055053,22024280,0.17309,14699.60400000,0
1506055053,22024279,0.17311,9197.39800000,1
1506055052,22024277,0.17315,2062.72944000,0
1506055052,22024275,0.17315,10332.81102000,0
1506055052,22024273,0.17348,2136.51610000,1
1506055051,22024268,0.17400,50000.00000000,1
1506054908,22024035,0.17333,3126.89056280,0
1506054907,22024034,0.17334,17764.79782000,0
1506054907,22024033,0.17348,208.20843901,1
1506054905,22024032,0.17445,0.10317819,1
1506054901,22024029,0.17445,1032.51910000,0
1506054890,22024017,0.17448,5814.49302005,0
1506054872,22024004,0.17450,9662.90574000,0
1506054872,22024003,0.17449,337.09426000,0
1506054844,22023970,0.17450,153.55287000,0
1506054841,22023963,0.17450,1628.66292400,0
1506054841,22023962,0.17449,494.45436000,0
1506054838,22023952,0.17450,43167.18997600,0
1506054838,22023951,0.17450,994.23181700,0
1506054837,22023946,0.17450,223.38338108,0
1506054832,22023909,0.17450,241.24651000,0
1506054832,22023908,0.17449,758.75349000,0
1506054774,22023754,0.17449,9927.54986182,1
1506054761,22023733,0.17449,901.48930000,1
1506054748,22023710,0.17449,1071.07639000,1
1506054737,22023671,0.17449,1272.56601000,0
1506054679,22023603,0.17449,449.33215000,0
1506054635,22023576,0.17450,12707.51260885,0
1506054635,22023575,0.17449,1896.81677000,0
1506054634,22023574,0.17447,239.19034525,0
1506054634,22023573,0.17427,238.65380890,0
1506054634,22023572,0.17417,97.96099000,0
1506054593,22023506,0.17411,368.74252800,0
1506054591,22023496,0.17411,2500.00000000,1
1506054529,22023324,0.17407,0.00003469,0
1506054529,22023323,0.17407,238.11780000,0
1506054373,22022899,0.17387,0.00003088,0
1506054373,22022897,0.17387,237.58240000,0
1506054316,22022784,0.17386,88.37385294,0
1506054316,22022783,0.17382,127.79854706,0
1506054313,22022782,0.17382,1152.60000000,0
1506054312,22022772,0.17382,216.17240000,0
1506054312,22022770,0.17382,216.07300000,0
1506054311,22022768,0.17382,216.07300000,0
1506054311,22022765,0.17382,216.17240000,0
1506054310,22022764,0.17382,195.29719418,0
1506054310,22022761,0.17367,20.87520582,0
1506054310,22022760,0.17367,216.17240000,0
1506054204,22022513,0.17350,3000.00000000,0
1506054152,22022468,0.17348,941.80258822,0
1506054152,22022466,0.17340,280.60253278,0
1506054133,22022435,0.17340,38.54261822,0
1506054131,22022434,0.17340,1680.85484900,0
1506054131,22022433,0.17337,2594.72289000,0
1506054112,22022401,0.17339,1552.25007900,0
1506054093,22022321,0.17339,929.45608200,0
1506054087,22022305,0.17337,2799.33369000,0
1506054081,22022294,0.17337,750.36100000,0
1506054037,22022190,0.17334,2837.00000000,0
1506054037,22022189,0.17323,163.00000000,0
1506054000,22022010,0.17309,162.99999000,1
1506053990,22021983,0.17330,2000.00000000,0
1506053990,22021982,0.17327,987.37935000,0
1506053990,22021979,0.17320,1500.00000000,0
1506053989,22021977,0.17310,2996.00000000,0
1506053989,22021975,0.17309,4936.89674000,0
1506053988,22021973,0.17307,4496.00000000,0
1506053985,22021963,0.17307,2133.65458015,0
1506053964,22021857,0.17300,1000.00000000,0
1506053913,22021790,0.17353,1900.89593107,0
1506053900,22021759,0.17296,2551.43849400,0
1506053764,22021629,0.17276,3045.00000000,0
1506053725,22021599,0.17278,200.50000000,0
1506053574,22021439,0.17181,533.69958218,1
1506053574,22021437,0.17182,1868.11870000,0
1506053573,22021435,0.17187,237.04760582,1
1506053573,22021434,0.17210,40.00000000,1
1506053571,22021428,0.17278,40.00000000,1
1506053462,22021344,0.17278,1428.00000000,0
1506053441,22021324,0.17273,3243.00000000,0
1506053436,22021314,0.17276,45.01301706,0
1506053409,22021287,0.17285,69.24972500,0
1506053268,22021191,0.17200,890.37027900,1
1506053266,22021190,0.17200,66319.55023800,1
1506053266,22021187,0.17210,22233.00000000,1
1506053266,22021186,0.17222,1438.97350000,1
1506053265,22021185,0.17229,11767.59911000,1
1506053265,22021184,0.17250,15222.69984393,1
1506053218,22021096,0.17228,200.00000000,1
1506052987,22020898,0.17278,3147.85000000,0
1506052986,22020896,0.17278,3147.85000000,0
1506052965,22020888,0.17250,0.00000030,1
1506052942,22020869,0.17250,4213.83822900,1
1506052897,22020853,0.17250,13590.74825185,1
