date,tid,price,amount,type
1504439895,20039300,3884.00,0.06732234,0
1504439797,20039238,3884.00,0.00128218,0
1504439793,20039237,3883.65,0.01000000,0
1504439616,20039166,3883.68,0.01000000,1
1504439586,20039159,3875.00,0.07574452,0
1504439584,20039158,3875.00,0.11841290,0
1504439582,20039156,3875.00,0.15175200,0
1504439516,20039119,3874.90,0.03523961,0
1504439501,20039106,3875.00,0.01403871,0
1504439465,20039079,3875.00,0.23940129,0
1504439403,20039063,3885.48,0.01000000,0
1504439238,20038981,3874.51,0.23568819,1
1504439236,20038979,3874.52,0.11431181,1
1504439145,20038915,3880.00,0.07986856,1
1504438993,20038787,3899.30,0.01858115,0
1504438993,20038786,3880.12,0.02700000,0
1504438855,20038716,3862.25,0.28302935,1
1504438855,20038715,3862.26,0.45297065,1
1504438821,20038705,3880.52,0.01139355,0
1504438702,20038612,3886.90,0.01000000,0
1504438616,20038532,3889.68,0.43896057,0
1504438616,20038531,3889.67,0.06103943,0
1504438602,20038527,3861.92,0.13574387,1
1504438602,20038526,3861.94,0.62025613,1
1504438600,20038525,3861.93,0.23663500,1
1504438600,20038524,3861.95,0.28000000,1
1504438590,20038515,3866.95,0.01100000,1
1504438590,20038514,3866.97,0.10000000,1
1504438590,20038513,3872.00,0.02576589,1
1504438562,20038489,3879.94,0.14560000,1
1504438561,20038486,3880.52,0.16700000,1
1504438561,20038485,3880.52,0.12300000,1
1504438550,20038468,3879.94,0.35440000,1
1504438550,20038467,3880.43,0.31000000,1
1504438550,20038466,3880.43,0.03460000,1
1504438521,20038419,3880.40,0.49700000,1
1504438492,20038399,3880.29,0.15000000,0
1504438466,20038389,3879.95,0.01000000,0
1504438364,20038303,3881.73,0.10000000,0
1504438361,20038293,3870.60,0.08120000,0
1504438361,20038291,3864.47,0.01880000,0
1504438358,20038286,3860.65,0.30353976,0
1504438357,20038285,3860.65,0.01999922,0
1504438354,20038281,3860.65,0.91210079,0
1504438351,20038278,3860.65,0.01000000,0
1504438341,20038268,3860.65,0.32103546,0
1504438341,20038267,3860.65,0.07130683,0
1504438341,20038266,3860.65,0.06042472,0
1504438304,20038250,3860.65,0.05122088,0
1504438304,20038249,3860.65,0.14759794,0
1504438303,20038248,3860.65,0.02414240,0
1504438276,20038232,3860.65,0.10000000,0
1504438271,20038230,3860.65,0.01000000,1
1504438263,20038221,3860.92,0.02500000,0
1504438255,20038211,3860.92,0.01707729,0
1504438251,20038210,3860.92,0.21442869,0
1504438245,20038205,3860.92,0.91290183,0
1504438241,20038201,3860.20,0.40600000,1
1504438234,20038187,3860.92,0.06000000,0
1504438233,20038184,3860.92,0.02700000,0
1504438232,20038181,3860.92,0.43516500,0
1504438232,20038180,3860.92,0.01759943,0
1504438231,20038178,3860.92,0.01834878,0
1504438231,20038177,3860.92,0.03819885,0
1504438231,20038176,3860.92,0.03408628,0
1504438230,20038175,3860.92,0.07300000,0
1504438224,20038168,3860.92,0.02500000,0
1504438221,20038161,3860.92,0.39191885,0
1504438220,20038158,3860.92,0.04243752,0
1504438216,20038151,3860.92,0.35498366,0
1504438214,20038149,3860.92,0.04243135,0
1504438213,20038146,3860.92,0.08638096,0
1504438211,20038139,3860.92,0.20873004,0
1504438208,20038127,3860.92,0.00962144,0
1504438206,20038124,3861.80,0.01641111,1
1504438206,20038123,3862.34,0.01000000,1
1504438183,20038115,3860.92,0.55937200,1
1504438183,20038114,3860.94,0.24000000,1
1504438176,20038099,3860.89,0.50459350,1
1504438176,20038098,3861.31,0.02930000,1
1504438176,20038097,3864.07,0.03273356,1
1504438164,20038081,3875.09,0.14817462,1
1504438164,20038080,3874.80,0.02480000,0
1504438163,20038079,3874.78,0.02781019,0
1504438154,20038068,3864.00,0.42700000,1
1504438083,20038002,3882.34,0.10455662,0
1504438083,20038000,3871.08,0.02800838,0
1504438082,20037995,3871.08,0.01000000,1
1504438042,20037952,3883.17,0.00149000,0
1504438027,20037913,3864.42,0.36326400,1
1504438023,20037911,3864.44,0.12702681,1
1504438023,20037910,3869.40,0.00207319,1
1504438023,20037909,3872.21,0.00790000,1
1504438023,20037908,3873.37,0.01000000,1
1504438019,20037906,3883.58,0.02488290,0
1504437997,20037901,3884.04,0.02294570,0
1504437938,20037867,3880.08,0.00500000,0
1504437907,20037813,3871.51,0.00207320,1
1504437901,20037800,3875.43,0.01830000,1
1504437897,20037794,3875.44,0.01830000,1
1504437892,20037783,3873.62,0.00207321,1
1504437891,20037781,3875.00,0.50018472,1
1504437891,20037779,3875.10,2.17940000,1
1504437888,20037771,3883.29,0.09322062,0
1504437861,20037732,3875.20,0.01000000,1
1504437860,20037729,3875.20,0.20193649,1
1504437860,20037728,3875.72,0.00206322,1
1504437859,20037727,3877.08,0.01000029,1
1504437857,20037726,3883.30,1.63529000,0
1504437854,20037720,3883.50,0.00012000,0
1504437854,20037718,3883.49,0.08000000,0
1504437837,20037693,3883.59,0.09937890,0
1504437833,20037686,3877.41,1.01306999,1
1504437833,20037685,3877.50,2.17770000,1
1504437833,20037684,3877.95,0.01000000,1
1504437827,20037672,3882.80,0.00640000,1
1504437827,20037671,3882.83,0.00640000,1
1504437824,20037662,3877.50,0.00643677,0
1504437822,20037653,3877.50,2.17750000,1
1504437822,20037652,3877.51,0.21400000,1
1504437822,20037651,3877.83,0.00206323,1
1504437806,20037617,3883.70,0.03639570,0
1504437805,20037615,3883.49,0.04360180,0
1504437803,20037614,3883.59,0.64272319,0
1504437802,20037613,3878.91,0.10654781,0
1504437798,20037606,3881.97,0.01000000,1
1504437797,20037605,3883.77,1.01158000,0
1504437789,20037602,3891.68,0.00014088,0
1504437789,20037601,3891.67,0.09391032,0
1504437786,20037599,3891.68,0.10608968,1
1504437784,20037597,3891.67,0.01181342,0
1504437782,20037595,3879.69,0.00683000,1
1504437755,20037581,3891.69,0.12000000,0
1504437754,20037578,3891.68,0.08000000,0
1504437749,20037575,3891.69,0.77267973,0
1504437749,20037573,3891.48,0.02000000,0
1504437749,20037572,3891.46,0.24000000,0
1504437747,20037571,3881.00,1.14891720,0
1504437746,20037569,3881.00,0.33057785,0
1504437745,20037568,3881.00,1.21039485,0
1504437745,20037566,3881.00,0.00013500,0
1504437745,20037565,3880.99,0.09000000,0
1504437734,20037533,3881.00,0.04167510,0
1504437732,20037519,3881.00,0.10000000,0
1504437727,20037515,3882.23,0.62400000,1
1504437727,20037514,3882.25,0.24000000,1
1504437727,20037513,3882.30,2.17430000,1
1504437712,20037503,3891.89,0.06323000,0
1504437710,20037502,3891.89,0.02905500,0
1504437665,20037470,3900.29,0.05882127,0
1504437663,20037465,3896.79,0.01000000,1
1504437641,20037410,3907.49,0.01285899,0
1504437641,20037409,3907.30,0.19112470,0
1504437639,20037408,3907.49,0.07280761,0
1504437636,20037401,3907.50,0.12126345,0
1504437602,20037355,3907.80,0.16402553,0
1504437599,20037352,3907.89,0.34484203,0
1504437599,20037351,3907.89,0.57422105,0
1504437595,20037348,3907.96,0.34537932,0
1504437594,20037346,3907.96,0.12783609,0
1504437594,20037345,3907.35,0.02000000,0
1504437594,20037344,3907.96,0.04778012,0
1504437594,20037343,3907.96,0.01876863,0
1504437594,20037342,3907.79,0.05651206,0
1504437593,20037341,3907.79,0.06348794,0
1504437591,20037329,3907.38,0.10549786,0
1504437591,20037327,3907.36,0.68000000,1
1504437589,20037325,3907.36,0.24000000,0
1504437585,20037323,3907.38,0.01450214,0
1504437583,20037316,3898.21,0.00155555,0
1504437579,20037300,3878.58,3.54333108,1
1504437579,20037299,3879.02,0.06790000,1
1504437578,20037298,3879.94,0.00206324,1
1504437578,20037295,3880.00,0.50000000,1
1504437578,20037294,3880.00,0.08000000,1
1504437578,20037293,3880.00,0.37150000,1
1504437578,20037292,3880.02,0.24700000,0
1504437577,20037291,3880.21,0.00155555,1
1504437577,20037290,3882.04,0.00206325,1
1504437577,20037286,3884.15,0.00206326,1
1504437577,20037284,3884.18,0.11000000,1
1504437577,20037283,3884.18,0.24800000,0
1504437576,20037282,3887.32,0.00989320,1
1504437576,20037281,3887.32,0.01000000,0
1504437576,20037280,3887.33,1.01306999,1
1504437576,20037278,3887.34,0.26000000,0
1504437576,20037277,3887.34,0.22785960,0
1504437575,20037276,3890.30,0.03076884,1
1504437575,20037274,3892.00,0.50000000,1
1504437575,20037273,3892.00,0.02563199,1
1504437575,20037272,3892.11,0.55000000,1
1504437575,20037271,3898.70,0.02650000,1
1504437573,20037270,3898.80,2.17080000,1
1504437544,20037253,3900.02,0.60105589,0
1504437531,20037235,3900.02,0.12788652,0
1504437521,20037218,3900.02,0.02045062,0
1504437515,20037206,3900.02,0.07536676,0
1504437511,20037197,3900.02,0.14603900,0
1504437510,20037196,3900.02,0.32187900,0
1504437509,20037195,3900.02,0.32187900,0
1504437506,20037188,3900.02,0.01339367,0
1504437506,20037187,3900.02,0.02106440,0
1504437483,20037166,3900.02,0.01081600,0
1504437468,20037155,3900.19,0.07808832,1
1504437467,20037154,3900.21,0.01048405,1
1504437384,20037101,3906.45,0.01000000,1
1504437352,20037088,3909.70,0.70800000,0
1504437326,20037071,3907.59,0.17878017,0
1504437323,20037069,3907.60,0.01000000,0
1504437322,20037067,3907.69,0.02154000,0
1504437321,20037065,3907.70,0.11983777,0
1504437309,20037044,3907.69,0.02552652,0
1504437267,20037012,3899.08,0.03933743,0
1504437266,20037011,3899.09,0.11520414,1
1504437247,20037000,3909.90,0.02814138,0
1504437226,20036970,3898.00,0.02372584,1
1504437209,20036953,3909.90,0.11061030,0
1504437199,20036946,3909.90,0.02567830,0
1504437162,20036903,3909.99,0.00637598,0
1504437122,20036895,3910.00,0.15589100,0
1504437121,20036894,3909.99,0.08000000,0
1504437108,20036891,3910.00,0.33375630,0
1504437108,20036890,3909.99,0.09000000,0
1504437021,20036846,3900.00,0.02000000,1
1504437021,20036845,3905.17,0.02855701,1
1504437021,20036844,3905.17,0.02962995,1
1504437021,20036843,3907.91,0.01000000,1
1504436963,20036819,3907.00,0.10999500,0
1504436945,20036809,3909.97,0.05867564,0
1504436933,20036798,3909.99,0.04511318,1
1504436926,20036795,3910.00,0.01000000,0
1504436920,20036789,3909.99,0.10000000,1
1504436907,20036781,3909.99,0.11000000,0
1504436895,20036779,3909.99,0.01000000,0
1504436782,20036752,3907.27,0.01000000,0
1504436688,20036729,3906.68,0.06383169,0
1504436668,20036708,3907.18,0.01000000,0
1504436553,20036587,3896.61,0.01000000,1
1504436474,20036541,3891.13,0.01000000,1
1504436442,20036522,3904.00,0.06415727,0
1504436413,20036507,3904.40,0.01000000,0
1504436410,20036506,3904.49,0.01000000,0
1504436408,20036502,3888.38,0.01214040,1
1504436405,20036501,3904.59,0.11751553,0
1504436402,20036497,3904.67,0.05673562,0
1504436402,20036496,3904.65,0.23616230,0
