date,tid,price,amount,type
1504439915,20039307,4573.44,0.15000000,1
1504439915,20039306,4573.44,0.27440000,1
1504439915,20039305,4573.44,0.27445000,1
1504439915,20039304,4573.44,0.19355000,1
1504439911,20039302,4573.64,0.24605583,1
1504439906,20039301,4574.77,0.08480000,0
1504439884,20039286,4573.64,0.24467579,1
1504439883,20039285,4573.64,0.00926838,1
1504439883,20039284,4573.64,0.30143000,1
1504439883,20039283,4573.64,0.25349000,1
1504439883,20039281,4573.64,0.00340000,1
1504439883,20039278,4573.94,0.00111501,1
1504439882,20039277,4573.99,0.00000120,1
1504439882,20039275,4573.99,0.12819880,1
1504439863,20039268,4573.64,0.25000000,1
1504439860,20039267,4573.43,0.25492000,0
1504439858,20039266,4573.44,0.25490000,0
1504439857,20039265,4573.44,0.25492000,0
1504439856,20039264,4573.44,0.25620000,0
1504439854,20039263,4573.48,0.25620000,0
1504439853,20039262,4573.51,0.09109876,0
1504439853,20039261,4573.49,0.15968124,0
1504439850,20039260,4573.54,0.13070000,0
1504439836,20039254,4562.57,0.02000000,1
1504439823,20039253,4573.92,0.10031876,0
1504439823,20039252,4564.17,0.20000000,1
1504439820,20039249,4562.36,0.02804038,1
1504439819,20039248,4574.00,0.00219000,0
1504439811,20039245,4565.00,0.09890000,1
1504439808,20039244,4563.00,0.00110000,0
1504439803,20039243,4574.57,0.00111485,0
1504439799,20039241,4565.06,0.23050000,0
1504439799,20039240,4565.07,0.02191423,1
1504439779,20039235,4574.80,0.26468310,0
1504439762,20039229,4574.15,0.01271712,1
1504439753,20039228,4574.19,0.04270010,0
1504439748,20039226,4574.25,0.55000000,0
1504439743,20039225,4574.33,0.00111491,0
1504439736,20039220,4574.36,0.02397194,1
1504439736,20039219,4574.36,0.02602806,1
1504439702,20039211,4574.80,0.00273000,0
1504439683,20039208,4576.82,0.00111430,0
1504439645,20039202,4575.07,0.01011300,0
1504439643,20039201,4575.11,0.02530000,0
1504439622,20039169,4575.44,0.00111464,0
1504439621,20039168,4575.45,2.00571090,0
1504439620,20039167,4575.47,0.02000000,0
1504439607,20039165,4575.67,0.26000000,0
1504439594,20039164,4573.21,0.09000000,0
1504439590,20039163,4573.28,0.45605944,0
1504439590,20039162,4566.17,0.57243754,0
1504439587,20039160,4566.17,0.02000000,0
1504439576,20039152,4566.17,0.15686246,0
1504439574,20039151,4565.85,0.05000000,0
1504439562,20039149,4566.02,0.00111694,0
1504439535,20039141,4557.39,0.11200000,1
1504439532,20039137,4557.39,0.06131745,1
1504439531,20039136,4557.40,0.03890000,1
1504439529,20039135,4557.42,0.00950000,1
1504439528,20039134,4557.39,0.00599760,1
1504439524,20039130,4566.00,0.10049277,0
1504439523,20039128,4566.01,0.05024518,0
1504439523,20039127,4566.01,0.01271912,0
1504439521,20039125,4557.39,0.02601468,1
1504439521,20039124,4557.40,0.19070583,1
1504439518,20039123,4566.07,0.02709162,0
1504439504,20039117,4557.39,0.20380741,1
1504439502,20039107,4566.14,0.00111691,0
1504439486,20039102,4566.01,0.02663860,0
1504439481,20039099,4557.39,0.02000000,1
1504439469,20039081,4557.39,0.16000000,1
1504439464,20039076,4566.13,1.03767304,0
1504439460,20039074,4566.15,3.93611692,0
1504439460,20039073,4566.13,0.23888308,0
1504439456,20039072,4557.39,0.02000000,1
1504439443,20039071,4557.39,0.02000000,1
1504439441,20039070,4566.14,0.00111692,0
1504439430,20039069,4557.39,0.05000000,1
1504439417,20039067,4573.74,0.28000000,0
1504439408,20039066,4573.90,0.01966951,1
1504439405,20039065,4567.00,0.03459437,0
1504439405,20039064,4566.28,0.19888312,0
1504439381,20039059,4566.28,0.00111688,0
1504439378,20039058,4566.23,0.05000000,0
1504439345,20039045,4556.59,0.02000000,1
1504439333,20039043,4556.59,0.28000000,1
1504439321,20039032,4566.88,0.00111674,0
1504439320,20039030,4566.88,0.02000000,0
1504439311,20039024,4556.59,0.01499900,1
1504439308,20039022,4556.59,0.18446644,1
1504439308,20039021,4564.00,0.18553356,1
1504439308,20039020,4566.88,0.05000000,0
1504439307,20039019,4564.00,0.09000000,1
1504439307,20039018,4564.01,0.11000000,1
1504439303,20039016,4564.00,0.15008100,1
1504439271,20039008,4564.00,0.02000000,1
1504439261,20039001,4566.88,0.00111674,0
1504439258,20038999,4564.00,0.58000000,1
1504439244,20038988,4566.43,0.23040913,1
1504439237,20038980,4566.43,0.79022087,0
1504439234,20038978,4564.00,0.03962684,1
1504439231,20038977,4566.43,0.20977913,1
1504439225,20038967,4566.43,0.46085087,1
1504439221,20038963,4567.00,0.05897088,0
1504439218,20038962,4567.00,0.05000000,1
1504439207,20038959,4576.15,0.00111447,1
1504439195,20038946,4566.43,0.35000000,1
1504439182,20038938,4576.20,0.05000000,0
1504439177,20038935,4566.42,0.34130861,1
1504439171,20038932,4566.42,2.21954351,1
1504439169,20038930,4576.35,0.05000000,0
1504439166,20038929,4566.10,0.15000000,1
1504439162,20038921,4566.05,0.97396100,1
1504439156,20038918,4566.05,0.02666900,1
1504439155,20038917,4566.05,0.02000000,1
1504439143,20038914,4576.77,0.37912050,0
1504439142,20038912,4576.47,0.00290000,0
1504439142,20038909,4566.04,0.06888553,1
1504439142,20038908,4576.15,0.00111447,1
1504439129,20038899,4566.04,0.10000000,1
1504439126,20038898,4566.04,0.41671664,1
1504439126,20038897,4566.04,0.46772201,1
1504439125,20038895,4566.04,0.27352812,1
1504439124,20038891,4566.04,0.24155384,1
1504439124,20038889,4566.04,0.35776188,1
1504439119,20038881,4566.05,0.02319808,1
1504439119,20038880,4566.05,0.59392020,1
1504439119,20038878,4566.05,0.48673633,1
1504439118,20038877,4566.05,2.02910000,1
1504439112,20038863,4564.92,0.01741727,1
1504439111,20038857,4575.13,0.02000000,0
1504439109,20038856,4566.20,3.19585934,1
1504439105,20038851,4566.20,0.51507842,1
1504439103,20038850,4575.24,0.00261600,0
1504439103,20038849,4575.26,0.05070900,0
1504439098,20038847,4575.30,0.26000000,0
1504439095,20038845,4566.85,0.24000000,0
1504439095,20038844,4566.85,2.43911712,1
1504439095,20038843,4566.85,3.19469211,1
1504439090,20038835,4575.41,0.46393003,0
1504439088,20038832,4575.44,0.24803500,0
1504439088,20038831,4575.42,0.09196500,0
1504439087,20038829,4565.66,0.45908124,0
1504439081,20038828,4565.66,0.00519300,0
1504439080,20038826,4559.82,0.24606113,1
1504439080,20038825,4565.66,0.00111447,0
1504439071,20038822,4572.02,0.10161129,1
1504439049,20038817,4572.02,0.05086871,1
1504439043,20038813,4576.24,0.00497500,1
1504439031,20038810,4576.41,0.24830000,0
1504439030,20038809,4576.41,0.15601000,0
1504439028,20038808,4576.45,0.24836000,0
1504439025,20038807,4576.47,0.24830000,0
1504439022,20038806,4576.50,0.13760000,0
1504439021,20038805,4576.51,0.11076000,0
1504439020,20038803,4576.51,0.24836000,0
1504439019,20038802,4576.53,0.00111437,0
1504439017,20038801,4576.54,0.25195000,0
1504439013,20038800,4576.63,0.14088000,0
1504439012,20038799,4576.65,0.10000000,0
1504439005,20038796,4563.25,3.38454903,1
1504439005,20038795,4565.45,0.09000000,1
1504438986,20038785,4566.39,3.43845818,1
1504438959,20038773,4572.31,0.00111541,0
1504438949,20038768,4559.81,0.04159427,1
1504438948,20038765,4557.84,0.02182613,1
1504438941,20038764,4572.65,0.06334100,0
1504438939,20038763,4557.86,0.39535720,1
1504438939,20038762,4557.86,0.02134032,1
1504438934,20038757,4572.79,0.08092400,0
1504438933,20038756,4577.01,0.02000000,0
1504438920,20038752,4578.00,0.00218000,0
1504438899,20038739,4572.38,0.00111538,0
1504438898,20038738,4572.38,0.02000000,0
1504438895,20038737,4560.13,3.15763885,1
1504438895,20038736,4560.13,0.16200376,1
1504438885,20038729,4572.60,0.77000000,0
1504438872,20038721,4565.00,0.00150000,0
1504438860,20038720,4557.89,1.00000000,0
1504438860,20038719,4557.88,2.18340000,0
1504438860,20038718,4557.80,3.83000000,0
1504438859,20038717,4557.80,0.17000000,0
1504438838,20038710,4557.79,0.00111896,0
1504438815,20038704,4557.74,0.55392957,0
1504438798,20038699,4557.79,0.50000000,0
1504438791,20038696,4551.29,0.28597588,1
1504438786,20038694,4552.00,0.47690824,1
1504438778,20038688,4557.79,0.00111896,0
1504438744,20038647,4557.79,0.01266000,0
1504438718,20038620,4557.88,0.00111894,0
1504438704,20038614,4557.88,0.07558450,0
1504438702,20038611,4552.00,0.01468284,1
1504438700,20038609,4557.88,0.00444301,0
1504438700,20038608,4554.58,0.01474292,0
1504438697,20038606,4551.30,0.00840892,0
1504438679,20038590,4551.30,0.00839646,1
1504438676,20038579,4551.30,0.07627084,1
1504438671,20038573,4551.30,0.00838544,1
1504438663,20038562,4551.30,0.86148971,1
1504438658,20038551,4558.00,0.00111891,0
1504438653,20038549,4558.00,0.02851470,0
1504438652,20038548,4554.60,0.74450788,1
1504438649,20038547,4554.60,0.15546091,1
1504438643,20038541,4558.00,0.50000000,0
1504438616,20038529,4551.32,0.06000000,1
1504438605,20038528,4551.29,0.02000000,1
1504438597,20038523,4571.07,0.00111570,0
1504438594,20038521,4551.01,0.40000000,0
1504438593,20038519,4550.99,1.89110347,1
1504438592,20038518,4551.01,1.56040000,1
1504438589,20038512,4551.00,0.02453909,1
1504438587,20038510,4571.46,0.26000000,0
1504438587,20038509,4571.44,0.24000000,0
1504438585,20038506,4550.95,2.53964995,1
1504438585,20038505,4554.84,0.03000000,1
1504438583,20038504,4556.20,0.09166346,1
1504438582,20038503,4557.63,0.11000000,1
1504438579,20038502,4560.45,0.20541929,1
1504438570,20038496,4560.45,0.36623319,1
1504438569,20038492,4560.79,0.12000000,0
1504438566,20038491,4560.96,0.20000000,1
1504438563,20038490,4571.28,0.01264000,0
1504438559,20038480,4564.89,0.52524029,1
1504438558,20038479,4564.89,0.02305526,1
1504438555,20038475,4564.89,0.19405702,1
1504438555,20038474,4564.89,0.12840257,1
1504438554,20038473,4564.89,0.28956937,1
1504438554,20038472,4564.89,1.73145135,1
1504438553,20038471,4564.89,0.35320315,1
1504438553,20038470,4564.89,0.10726385,1
1504438553,20038469,4564.89,0.07076569,1
1504438543,20038444,4560.79,0.02656100,1
1504438543,20038439,4560.79,0.27099763,1
1504438543,20038438,4560.80,0.03594607,1
1504438543,20038437,4560.80,0.04308630,1
1504438541,20038436,4560.80,0.03191370,1
1504438540,20038435,4560.80,0.06405393,0
1504438539,20038434,4560.80,0.04184555,1
1504438538,20038432,4560.80,0.03191370,1
1504438537,20038429,4560.80,0.06624075,1
1504438537,20038428,4571.50,0.00111560,0
1504438529,20038425,4560.79,2.69831683,1
1504438519,20038410,4564.71,3.41483155,1
1504438507,20038406,4561.69,0.01241159,0
1504438507,20038405,4561.69,0.05203283,0
1504438504,20038404,4557.72,0.15083437,1
1504438502,20038403,4560.45,0.16763558,0
1504438491,20038398,4560.45,0.50000000,0
1504438480,20038393,4558.05,0.01136720,1
1504438477,20038392,4560.45,0.00111831,0
1504438447,20038379,4560.45,0.04881300,0
1504438446,20038378,4558.02,0.09166346,1
1504438445,20038375,4560.45,0.00750000,0
1504438417,20038332,4560.45,0.00111831,0
1504438389,20038324,4554.38,0.79115909,1
1504438387,20038323,4560.45,0.08287037,0
1504438380,20038318,4554.34,0.11496212,1
1504438366,20038304,4554.31,0.01515312,1
1504438361,20038290,4554.33,0.91226580,1
1504438357,20038283,4560.45,0.00111831,0
1504438356,20038282,4560.44,0.01999819,1
1504438354,20038280,4554.30,0.91190159,1
1504438344,20038269,4560.43,0.29999901,1
1504438335,20038261,4560.00,0.45273072,1
1504438333,20038260,4560.00,0.41250924,0
1504438333,20038259,4559.26,0.91177329,0
1504438333,20038257,4559.12,2.18090000,0
1504438333,20038256,4559.00,0.52100000,0
1504438297,20038245,4544.26,0.05593198,1
1504438297,20038241,4545.81,0.14000000,1
1504438297,20038240,4545.81,0.24000000,0
1504438297,20038239,4545.84,0.53310202,0
1504438296,20038238,4550.00,0.00112088,0
1504438295,20038235,4550.00,0.02984512,1
1504438294,20038234,4559.24,1.00519645,0
1504438294,20038233,4559.23,0.08529391,0
1504438273,20038231,4559.23,0.02000000,1
1504438270,20038229,4550.00,0.02015488,1
1504438259,20038213,4559.24,0.06619706,0
1504438259,20038212,4559.23,0.23380294,0
1504438246,20038208,4555.76,0.83320371,0
1504438246,20038207,4550.90,0.16679629,0
1504438241,20038202,4559.27,1.00000000,0
1504438240,20038200,4555.87,0.15403545,1
1504438236,20038191,4559.27,0.00111860,0
1504438235,20038189,4559.26,0.05151784,1
1504438233,20038185,4559.27,0.00495035,0
1504438224,20038170,4547.40,0.19138600,1
1504438220,20038157,4549.88,0.04241694,1
1504438213,20038147,4540.48,0.04241694,1
1504438207,20038125,4549.88,0.02488604,0
1504438203,20038120,4549.88,0.02500000,0
1504438197,20038118,4549.88,0.00111866,0
1504438192,20038117,4539.72,0.00368000,1
1504438180,20038112,4552.59,0.02590444,0
1504438180,20038111,4550.00,0.05287389,0
1504438175,20038096,4550.00,0.00112088,0
1504438173,20038095,4539.52,0.10973393,1
1504438168,20038094,4539.54,0.01086718,1
1504438168,20038093,4539.82,0.00176147,1
1504438168,20038092,4540.00,0.02300000,1
1504438168,20038091,4541.00,0.02300000,1
1504438168,20038090,4542.00,0.02300000,1
1504438168,20038089,4543.00,0.02300000,1
1504438168,20038088,4543.46,0.01241159,1
1504438167,20038087,4543.46,0.05203283,1
1504438158,20038075,4544.00,0.02300000,1
1504438158,20038074,4545.00,0.02300000,1
1504438158,20038073,4545.57,0.00176148,1
1504438158,20038072,4546.00,0.02300000,1
1504438158,20038071,4547.00,0.02300000,1
1504438158,20038070,4548.00,0.00174583,1
1504438158,20038069,4548.00,0.00747242,1
1504438151,20038065,4548.00,0.01552758,1
1504438150,20038064,4548.26,0.00500000,1
1504438150,20038063,4549.00,0.00178548,1
1504438150,20038062,4549.13,0.00246984,1
1504438144,20038060,4553.76,0.12667500,0
1504438143,20038059,4549.00,0.02121452,1
1504438143,20038058,4550.00,0.02000000,1
1504438143,20038056,4550.00,0.39300979,1
1504438139,20038047,4550.00,0.02000000,1
1504438139,20038046,4550.00,0.21241045,1
1504438129,20038040,4550.00,0.04529891,1
1504438128,20038038,4550.00,0.05296044,1
1504438126,20038034,4550.00,0.25000000,1
1504438117,20038022,4557.50,0.00110000,1
1504438115,20038021,4559.15,0.00111863,0
1504438104,20038018,4553.89,0.20434000,0
1504438104,20038017,4553.89,0.00479807,0
1504438099,20038016,4550.00,0.00290000,1
1504438096,20038015,4553.89,0.20000000,0
1504438095,20038013,4553.89,0.03430000,0
1504438092,20038011,4553.89,0.18406000,0
1504438092,20038010,4553.89,0.10162440,0
1504438090,20038009,4553.89,0.08000000,0
1504438089,20038008,4553.89,0.15000000,0
1504438085,20038007,4557.71,1.43429227,0
1504438085,20038005,4557.71,0.05000000,0
1504438085,20038004,4557.78,0.04000000,1
1504438083,20038003,4557.72,0.10000000,0
1504438074,20037994,4557.77,0.16160000,0
1504438074,20037992,4557.86,0.09000000,1
1504438071,20037991,4557.79,0.25831000,0
1504438069,20037987,4557.79,0.10169000,0
1504438069,20037986,4557.78,0.14000000,0
1504438062,20037980,4557.82,0.23594695,0
1504438062,20037979,4554.00,0.00148000,0
1504438062,20037978,4554.00,0.00927305,0
1504438055,20037966,4554.00,0.00111989,0
1504438049,20037962,4550.00,0.09667089,1
1504438048,20037958,4550.00,0.03043696,1
1504438045,20037956,4554.00,0.01269460,1
1504438040,20037946,4554.00,0.02000000,1
1504438036,20037931,4554.00,0.01730540,1
1504438033,20037922,4557.89,0.19194975,0
1504438033,20037921,4557.88,0.05297887,0
1504438033,20037920,4557.88,0.20174146,0
1504438029,20037916,4557.86,0.10000000,0
1504438026,20037912,4554.00,0.05000000,1
1504437995,20037900,4560.44,0.00111831,0
1504437994,20037899,4560.44,0.19823652,0
1504437979,20037897,4558.00,0.15136820,0
1504437966,20037896,4557.85,0.57640417,0
1504437952,20037892,4550.11,0.30551640,1
1504437950,20037891,4550.00,0.05000000,1
1504437950,20037890,4550.00,0.34631256,1
1504437950,20037889,4550.00,0.50000000,1
1504437950,20037888,4550.00,0.10000000,1
1504437950,20037887,4550.00,0.10000000,1
1504437949,20037886,4550.00,0.00438400,1
1504437949,20037885,4550.00,0.01000000,1
1504437949,20037884,4550.00,0.22000000,1
1504437949,20037883,4550.00,0.01953565,1
1504437949,20037882,4550.00,0.02300000,1
1504437949,20037881,4550.00,0.00510000,1
1504437949,20037880,4550.01,0.13000000,0
1504437946,20037879,4550.01,3.84668571,1
1504437946,20037878,4550.01,0.02604194,1
1504437946,20037877,4550.07,6.00000000,1
1504437946,20037876,4550.07,0.10718077,1
1504437946,20037875,4550.10,0.01800000,1
1504437945,20037874,4551.00,0.02300000,1
1504437945,20037873,4551.06,0.20000000,1
1504437945,20037872,4551.13,0.32827401,1
1504437945,20037871,4552.67,4.05790000,1
1504437945,20037870,4552.69,0.24000000,1
1504437935,20037866,4557.85,0.02000000,0
1504437934,20037865,4557.85,0.00111895,0
1504437933,20037864,4557.48,0.08000000,0
1504437932,20037863,4557.48,0.01000000,0
1504437929,20037861,4557.40,0.07745989,1
1504437921,20037857,4556.08,0.09309000,0
1504437915,20037822,4556.07,0.07000000,1
1504437907,20037814,4556.08,0.01000000,0
1504437904,20037811,4551.13,0.10172599,1
1504437903,20037810,4551.33,0.00176149,1
1504437903,20037809,4551.96,0.00200000,1
1504437903,20037808,4552.00,0.02300000,1
1504437903,20037807,4553.00,0.00300000,1
1504437903,20037806,4556.08,1.23710400,0
1504437902,20037805,4554.00,0.02700000,0
1504437902,20037804,4553.00,0.02000000,1
1504437899,20037796,4554.00,0.05000000,1
1504437899,20037795,4554.00,0.02300000,1
1504437894,20037790,4555.00,0.02300000,1
1504437894,20037788,4555.00,0.06961092,1
1504437894,20037787,4555.62,0.00695322,1
1504437891,20037782,4556.00,0.00500000,1
1504437891,20037780,4556.00,0.02300000,1
1504437891,20037778,4556.00,1.38306189,1
1504437891,20037777,4557.00,0.00174238,1
1504437891,20037776,4557.00,0.02300000,1
1504437891,20037774,4557.08,0.00176150,1
1504437889,20037772,4557.62,3.27206653,1
1504437888,20037769,4557.62,0.05000000,1
1504437886,20037767,4557.62,11.00000000,1
1504437877,20037759,4557.62,11.00000000,1
1504437876,20037758,4557.85,0.33135793,0
1504437876,20037757,4557.83,0.23122551,0
1504437874,20037754,4557.85,0.00111895,0
1504437874,20037753,4557.85,0.07000000,0
1504437870,20037747,4557.62,0.10900000,1
1504437869,20037744,4557.62,0.10900000,1
1504437869,20037743,4557.62,1.00000000,1
1504437864,20037740,4557.63,0.13429839,0
1504437862,20037737,4557.62,11.00000000,1
1504437861,20037736,4557.63,0.01800000,0
1504437861,20037731,4557.63,0.01319491,0
1504437856,20037724,4557.63,0.11000000,1
1504437856,20037722,4558.72,0.01000000,0
1504437854,20037721,4557.62,7.88103657,1
1504437854,20037719,4557.63,0.11000000,1
1504437843,20037706,4558.00,2.51992200,0
1504437842,20037704,4558.00,12.42425226,1
1504437840,20037696,4560.42,0.00191418,0
1504437840,20037695,4558.00,1.00000000,1
1504437837,20037692,4560.42,0.97141973,0
1504437836,20037691,4560.42,0.76790962,0
1504437836,20037690,4558.00,1.00000000,1
1504437836,20037689,4560.42,0.23209038,0
1504437836,20037688,4558.00,0.02000000,1
1504437831,20037683,4560.45,0.18870781,0
1504437831,20037682,4558.05,0.06846487,0
1504437828,20037673,4558.00,1.00790000,1
1504437822,20037650,4558.05,0.26000000,1
1504437815,20037636,4559.03,0.02063000,1
1504437814,20037634,4560.45,0.00111831,0
1504437812,20037629,4559.03,1.00000000,1
1504437809,20037618,4560.08,0.01000000,0
1504437802,20037612,4560.53,0.07544424,0
1504437799,20037610,4558.03,0.29264420,1
1504437799,20037609,4559.00,0.06372011,1
1504437799,20037608,4559.02,1.56040000,1
1504437799,20037607,4560.08,0.06444442,1
1504437786,20037598,4560.53,1.00000000,1
1504437774,20037592,4560.45,0.04000000,1
1504437773,20037591,4568.02,0.04500000,0
1504437760,20037585,4563.93,1.00000000,1
1504437757,20037584,4565.89,0.01000000,0
1504437755,20037582,4565.89,0.04444442,1
1504437754,20037579,4566.00,0.00111695,0
1504437746,20037570,4565.89,0.02000000,1
1504437745,20037567,4566.00,0.11944864,0
1504437741,20037557,4566.00,0.31383684,0
1504437741,20037556,4566.00,0.00500000,1
1504437736,20037535,4568.13,0.04230000,0
1504437734,20037531,4566.01,0.55000000,1
1504437726,20037512,4568.13,0.43453173,1
1504437726,20037511,4578.00,0.00110000,1
1504437720,20037507,4568.14,1.00000000,1
1504437713,20037504,4568.13,0.11867383,1
1504437707,20037501,4568.13,0.27000000,1
1504437694,20037494,4569.17,0.05000000,1
1504437694,20037493,4580.97,0.00111330,0
1504437693,20037492,4580.97,0.02543725,0
1504437688,20037491,4569.17,0.24985995,1
1504437662,20037464,4585.62,0.82816900,0
1504437642,20037423,4571.42,1.84408722,1
1504437642,20037421,4571.43,0.03422514,1
1504437642,20037419,4571.44,1.56040000,1
1504437642,20037417,4571.44,3.13020000,1
1504437633,20037396,4585.94,0.00111209,0
1504437614,20037361,4585.97,0.02000000,0
1504437604,20037357,4586.86,0.02000715,0
1504437600,20037353,4586.86,0.05000000,0
1504437590,20037326,4586.98,0.00150000,1
1504437583,20037317,4574.53,0.31680035,1
1504437583,20037315,4586.99,0.30450033,0
1504437581,20037314,4586.97,0.05000000,0
1504437573,20037269,4586.97,0.00111185,0
1504437563,20037266,4587.00,0.20000000,0
1504437562,20037264,4579.82,0.84573891,1
1504437561,20037263,4577.78,0.66000000,0
1504437558,20037262,4577.78,1.00000000,0
1504437553,20037259,4576.00,0.95770000,0
1504437552,20037257,4574.81,0.25563517,1
1504437551,20037256,4576.00,0.04230000,0
1504437542,20037250,4571.76,0.78134030,1
1504437542,20037249,4571.78,0.23710901,1
1504437542,20037248,4576.00,0.00500000,1
1504437533,20037238,4577.07,0.06444442,1
1504437533,20037237,4577.79,1.02063000,1
1504437516,20037207,4577.81,0.48785410,1
1504437514,20037200,4578.27,0.16487980,0
1504437513,20037198,4578.27,0.00111137,0
1504437501,20037184,4578.25,0.41507777,1
1504437501,20037183,4580.00,0.01479301,1
1504437497,20037179,4580.00,0.05659328,1
1504437496,20037177,4580.00,0.12861371,1
1504437496,20037176,4581.12,0.04070189,1
1504437491,20037173,4581.12,0.49544865,1
1504437489,20037171,4582.00,0.38500000,1
1504437486,20037169,4584.32,0.27200484,1
1504437484,20037168,4589.98,1.17931772,0
1504437484,20037167,4589.98,0.05745299,0
1504437480,20037163,4584.32,1.00000000,1
1504437479,20037161,4584.32,0.02000000,1
1504437476,20037158,4584.32,1.00000000,1
1504437475,20037157,4584.32,1.00000000,1
1504437471,20037156,4584.32,1.00000000,1
1504437467,20037153,4584.32,0.26000000,1
1504437466,20037152,4584.32,1.00000000,1
1504437452,20037150,4589.98,0.00111112,0
1504437446,20037148,4589.89,0.00499794,0
1504437427,20037144,4584.33,0.05856411,1
1504437425,20037142,4584.33,0.96206589,1
1504437425,20037141,4585.00,0.00083324,1
1504437420,20037133,4585.00,0.03687886,1
1504437405,20037113,4585.00,0.03000000,1
1504437392,20037110,4590.00,0.00111111,0
1504437389,20037109,4590.00,0.02649971,0
1504437386,20037105,4585.00,0.01228790,1
1504437375,20037099,4590.00,0.24741000,0
1504437374,20037098,4585.01,0.05912357,1
1504437373,20037097,4590.00,0.24741000,0
1504437371,20037096,4590.00,0.04775689,0
1504437370,20037095,4590.00,0.03624200,0
1504437363,20037092,4590.00,5.00000000,0
1504437333,20037079,4589.99,0.02649977,0
1504437332,20037077,4589.99,0.00111111,0
1504437328,20037072,4585.00,0.02000000,1
1504437316,20037058,4584.32,0.17000000,1
1504437307,20037041,4584.32,0.12799516,1
1504437304,20037040,4584.43,0.12563300,0
1504437300,20037039,4584.46,0.85101123,1
1504437290,20037035,4586.31,0.05000000,1
1504437273,20037026,4590.00,1.00000000,0
1504437272,20037022,4590.00,0.00111111,0
1504437261,20037008,4590.00,0.04000000,0
1504437245,20036983,4598.27,0.00497500,0
1504437244,20036982,4598.27,0.25600000,0
1504437244,20036981,4598.27,0.62816600,0
1504437243,20036977,4598.28,0.06481423,1
1504437242,20036975,4598.29,0.56740000,0
1504437236,20036973,4598.28,0.23600000,0
1504437223,20036964,4586.88,0.04548997,0
1504437220,20036962,4586.88,5.72760000,1
1504437220,20036961,4587.54,0.22691003,1
1504437212,20036954,4598.68,0.00110901,0
1504437190,20036931,4599.05,0.08100000,0
1504437187,20036922,4587.54,4.77308997,1
1504437187,20036921,4587.56,0.22691003,1
1504437169,20036904,4599.09,0.05073369,0
1504437152,20036898,4587.56,0.01308997,1
1504437109,20036892,4599.14,0.02532809,0
1504437091,20036887,4599.14,0.00110890,0
1504437071,20036860,4598.57,0.03028318,0
1504437071,20036859,4598.55,0.22426000,0
1504437061,20036854,4584.79,0.05000000,1
1504437041,20036852,4597.43,0.20000000,0
1504437040,20036851,4597.45,0.00794000,0
1504437036,20036849,4597.49,0.00794000,0
1504437030,20036848,4597.51,0.00794000,0
1504437004,20036839,4597.85,0.00780000,0
1504437003,20036838,4597.87,0.05028500,0
1504436990,20036836,4584.86,1.15032001,1
1504436989,20036835,4585.01,0.00111232,1
1504436982,20036832,4585.04,1.86468579,1
1504436977,20036831,4585.03,0.01013001,0
1504436973,20036826,4585.03,0.02500000,0
1504436969,20036825,4585.01,0.18000000,1
1504436969,20036824,4585.03,0.20681390,1
1504436964,20036821,4585.03,0.20000000,1
1504436943,20036806,4598.59,0.07542100,0
1504436940,20036805,4585.07,1.09483734,0
1504436940,20036802,4585.09,0.48965954,1
1504436932,20036797,4598.62,0.01931390,0
1504436911,20036782,4584.20,0.04309583,1
1504436873,20036774,4594.01,0.02000000,0
1504436870,20036773,4594.01,0.00111014,0
1504436861,20036772,4594.01,0.04000000,0
1504436852,20036771,4594.60,0.08000000,1
1504436849,20036769,4594.60,0.05000000,1
1504436835,20036767,4598.02,0.02000000,0
1504436823,20036763,4594.29,0.12000000,0
1504436822,20036762,4594.27,0.11000000,0
1504436808,20036756,4594.19,0.05000000,1
1504436806,20036755,4594.22,0.04300000,0
1504436765,20036747,4594.84,0.02171131,0
1504436762,20036746,4594.85,0.02000000,0
1504436750,20036745,4594.47,0.00500000,0
1504436749,20036744,4594.49,0.05000000,0
1504436749,20036743,4594.49,0.00111002,0
1504436703,20036731,4594.98,0.01250000,0
1504436700,20036730,4595.00,0.00110000,1
1504436684,20036725,4581.12,0.02000000,1
1504436683,20036724,4581.11,0.49402833,1
1504436678,20036716,4581.05,0.33003079,1
1504436674,20036713,4581.04,0.49403696,1
1504436672,20036710,4581.01,0.46000000,1
1504436658,20036706,4584.88,0.05000000,1
1504436644,20036705,4597.00,0.04990646,0
1504436637,20036703,4588.01,2.60591284,1
1504436636,20036702,4589.57,0.02000000,1
1504436629,20036701,4589.58,0.00110942,0
1504436624,20036700,4597.00,0.05000000,0
1504436621,20036698,4590.36,2.71755474,1
1504436620,20036697,4590.36,0.08881355,1
1504436620,20036696,4590.36,0.17968394,1
1504436610,20036672,4590.45,0.32166266,1
1504436610,20036671,4590.45,2.71726159,1
1504436609,20036666,4590.45,0.36752200,1
1504436608,20036662,4590.45,0.10775740,1
1504436608,20036658,4590.45,0.36753000,1
1504436605,20036654,4590.45,1.71826635,1
1504436605,20036653,4595.47,0.33520489,1
1504436605,20036652,4595.47,0.09479311,1
1504436601,20036647,4595.47,0.07000200,1
1504436594,20036626,4587.32,0.03093830,1
1504436593,20036625,4587.31,0.03093830,1
1504436591,20036624,4590.37,0.03093830,1
1504436590,20036621,4590.37,0.10496000,1
1504436589,20036620,4590.37,0.03093830,1
1504436587,20036619,4599.31,0.03097880,1
1504436586,20036617,4599.31,0.03987120,1
1504436585,20036616,4599.31,0.06580088,1
1504436585,20036615,4599.32,0.05729727,0
1504436584,20036612,4590.37,0.01800035,1
1504436580,20036606,4590.37,0.13529225,1
1504436580,20036605,4590.37,0.01128965,1
1504436575,20036604,4590.37,2.74548811,1
1504436573,20036602,4595.47,0.06444442,0
1504436570,20036600,4590.37,0.33443906,1
1504436566,20036596,4590.37,0.03940317,1
1504436560,20036592,4590.37,0.46234312,1
1504436560,20036591,4594.93,0.02000000,1
1504436551,20036585,4587.31,0.30630295,1
1504436551,20036584,4587.31,0.26086187,1
1504436548,20036583,4593.00,0.26000000,0
1504436540,20036577,4586.48,0.01520740,0
1504436513,20036566,4592.91,1.00000000,0
1504436508,20036565,4592.96,0.00111039,0
1504436492,20036559,4593.60,0.02000000,0
1504436489,20036557,4580.98,0.11452015,1
1504436484,20036548,4580.95,0.39801450,1
1504436484,20036547,4580.97,0.24000000,1
1504436480,20036545,4593.78,0.05000000,1
1504436473,20036539,4576.10,0.01275129,1
1504436465,20036538,4593.91,1.41264219,0
1504436465,20036537,4593.90,0.28216450,0
1504436465,20036536,4593.89,3.13020000,0
1504436465,20036535,4593.87,0.17499331,0
1504436461,20036533,4593.94,0.22310000,0
1504436458,20036532,4593.99,0.02443000,0
1504436450,20036528,4575.76,0.04674659,1
1504436450,20036527,4589.00,0.11558421,1
1504436447,20036524,4594.12,0.00111011,0
1504436446,20036523,4589.00,0.04603000,1
1504436414,20036508,4585.00,0.53838579,0
1504436402,20036498,4575.15,0.07940000,1
1504436387,20036493,4585.00,0.00111232,0
1504436383,20036492,4585.00,0.07920000,0
1504436335,20036469,4585.00,0.00110000,1
1504436333,20036467,4589.01,1.09610342,0
1504436333,20036466,4587.14,0.06389658,0
1504436332,20036465,4585.33,0.14000000,0
1504436328,20036464,4585.28,0.06389658,0
1504436327,20036463,4585.30,0.00111225,0
