date,tid,price,amount,type
1504439913,20039303,292.81,0.51097982,0
1504439871,20039270,291.79,1.09572490,1
1504439779,20039236,291.99,2.56561700,0
1504439579,20039153,292.72,2.01000000,0
1504439551,20039148,291.92,1.00758961,0
1504439550,20039147,292.31,0.00002740,1
1504439516,20039120,292.31,0.46738053,1
1504439466,20039080,292.84,1.50949800,0
1504439363,20039056,292.31,4.90803808,1
1504439270,20039007,292.31,2.20552371,1
1504439269,20039006,292.32,4.84000000,1
1504439265,20039004,292.98,2.56851588,0
1504439265,20039003,292.40,0.39148412,0
1504439258,20039000,292.35,5.14000000,1
1504439258,20038998,292.37,6.77101278,1
1504439163,20038925,293.00,1.87804688,0
1504439163,20038924,293.00,0.01786691,0
1504439163,20038923,292.99,3.80000000,0
1504439163,20038922,292.98,0.59508621,0
1504439131,20038902,292.98,0.14138303,0
1504439125,20038894,292.63,0.04740300,0
1504439105,20038852,292.63,0.23387171,0
1504439094,20038842,292.63,1.59480824,0
1504439094,20038841,292.61,3.01319176,0
1504438892,20038734,292.31,0.80679649,0
1504438847,20038711,292.31,0.01786691,1
1504438779,20038692,292.33,3.01319176,1
1504438779,20038690,294.16,0.29943024,1
1504438778,20038685,294.16,0.06000000,0
1504438702,20038613,293.62,1.19101360,1
1504438700,20038610,293.62,0.74188032,1
1504438686,20038595,293.62,5.30075384,1
1504438686,20038593,293.62,1.25680908,1
1504438686,20038592,293.62,5.86884994,1
1504438678,20038589,293.63,0.05348404,0
1504438676,20038582,293.62,0.76668483,1
1504438672,20038576,293.62,0.79077209,1
1504438672,20038575,293.62,1.14212193,1
1504438634,20038536,293.62,3.58000000,0
1504438570,20038495,292.39,0.14653732,0
1504438560,20038483,292.34,0.10692500,1
1504438527,20038422,292.46,3.32878823,1
1504438445,20038377,293.58,0.00447000,1
1504438445,20038376,293.58,2.98000000,1
1504438444,20038371,293.58,0.36000000,0
1504438428,20038336,293.60,0.45527526,1
1504438425,20038335,293.60,1.47044000,1
1504438369,20038310,293.60,1.25214577,0
1504438368,20038309,293.58,3.01319176,1
1504438368,20038308,292.73,0.01781687,0
1504438368,20038307,292.30,0.50000000,0
1504438368,20038306,292.13,0.93000000,0
1504438366,20038305,292.12,0.29200000,0
1504438362,20038302,292.13,3.50000000,0
1504438217,20038152,292.24,0.05348404,1
1504438062,20037981,291.78,1.48492599,1
1504438059,20037976,291.78,0.49372741,1
1504438059,20037974,291.78,0.14649868,1
1504438014,20037905,291.78,0.51606400,1
1504438007,20037904,291.78,3.34000000,1
1504438007,20037903,291.78,0.34270000,1
1504438007,20037902,291.80,0.30241100,1
1504437963,20037895,293.65,0.30241100,0
1504437938,20037869,292.00,2.08204600,1
1504437938,20037868,292.01,0.01781687,1
1504437914,20037821,292.00,1.91795400,1
1504437914,20037820,292.00,0.06000000,1
1504437910,20037819,292.01,0.35784386,1
1504437910,20037818,292.02,1.28000000,1
1504437910,20037817,292.10,2.00000000,1
1504437910,20037816,292.16,6.39000000,1
1504437881,20037761,292.71,3.01319176,1
1504437861,20037733,293.65,3.27857129,1
1504437861,20037730,293.65,1.67500584,0
1504437818,20037649,293.89,1.74104000,0
1504437818,20037648,293.83,7.62000000,0
1504437801,20037611,293.94,0.04963426,0
1504437777,20037594,294.18,1.33930000,0
1504437772,20037590,294.17,1.25991000,0
1504437771,20037589,292.12,0.09035285,0
1504437770,20037588,292.12,0.15964715,1
1504437749,20037576,292.11,0.10642972,1
1504437749,20037574,292.11,3.34000000,1
1504437741,20037558,292.11,0.31779010,0
1504437741,20037555,292.27,0.34129338,1
1504437732,20037523,293.88,4.37000000,1
1504437724,20037510,294.64,0.29200000,0
1504437718,20037506,293.81,3.34000000,1
1504437717,20037505,293.81,3.34000000,1
1504437679,20037488,294.01,0.29200000,1
1504437677,20037486,293.75,3.34000000,1
1504437676,20037485,294.72,0.74534000,0
1504437676,20037484,292.27,4.99114554,0
1504437676,20037483,292.50,0.50000000,1
1504437676,20037482,293.34,0.33984382,0
1504437675,20037481,293.34,0.05983110,1
1504437675,20037480,293.59,0.90050355,1
1504437675,20037479,293.59,2.09949645,1
1504437675,20037478,293.75,3.34000000,0
1504437670,20037475,293.72,25.40999982,1
1504437670,20037474,293.73,2.36000000,1
1504437668,20037472,295.00,2.23000018,1
1504437645,20037428,295.96,2.33431851,0
1504437645,20037427,295.61,0.83153747,0
1504437631,20037383,295.00,2.76999982,1
1504437631,20037382,295.00,10.00000000,1
1504437631,20037381,295.00,0.10000000,1
1504437631,20037379,295.00,11.36964383,1
1504437631,20037377,295.01,2.23000000,1
1504437631,20037375,295.02,2.48202895,1
1504437631,20037374,295.09,7.33200040,1
1504437608,20037359,295.09,2.00000000,1
1504437597,20037350,295.02,0.77573000,1
1504437597,20037349,295.36,0.16970000,1
1504437584,20037322,295.02,4.78109468,1
1504437584,20037321,295.33,0.16970000,1
1504437584,20037320,295.33,0.00003332,1
1504437584,20037319,295.08,0.16966668,0
1504437583,20037318,295.02,4.57961600,1
1504437581,20037313,295.06,9.01130238,1
1504437581,20037312,295.06,4.02311600,1
1504437581,20037311,295.06,1.97825700,1
1504437581,20037310,295.07,0.19632700,1
1504437578,20037297,295.07,0.17067300,1
1504437578,20037296,295.08,0.82732700,1
1504437577,20037285,295.08,0.19222600,1
1504437576,20037279,295.08,1.98044700,1
1504437567,20037268,295.82,0.00043600,0
1504437567,20037267,295.82,0.29100000,0
1504437555,20037260,295.21,0.67358972,1
1504437521,20037222,295.21,1.51461529,1
1504437521,20037221,295.26,0.29100000,1
1504437521,20037219,295.40,2.26076471,1
1504437520,20037216,295.40,0.44999997,1
1504437517,20037212,295.40,0.89427132,1
1504437506,20037189,295.40,0.99602500,1
1504437498,20037181,295.40,0.12055800,1
1504437497,20037180,295.40,0.27838100,1
1504437442,20037147,296.00,0.19240000,0
1504437407,20037114,295.75,0.19610000,1
1504437188,20036930,296.32,0.64160953,1
1504437188,20036929,296.32,0.39099047,1
1504437182,20036914,296.35,0.11974628,0
1504437182,20036912,296.35,0.19999997,0
1504437176,20036908,296.00,0.20000000,1
1504437101,20036889,296.01,5.60300000,0
1504437070,20036858,296.09,1.10591635,0
1504437070,20036857,296.09,1.71346550,0
1504437068,20036856,296.08,3.34000000,0
1504436920,20036791,296.38,0.39000000,1
1504436919,20036787,296.39,0.13211955,1
1504436827,20036766,296.35,0.25788045,0
1504436826,20036765,296.35,0.13211955,0
1504436826,20036764,296.34,0.25788045,0
1504436765,20036749,296.60,0.03211955,1
1504436617,20036689,295.54,0.06048045,0
1504436615,20036687,295.54,0.03216031,0
1504436614,20036683,295.54,0.19721431,0
1504436609,20036669,295.55,0.17570780,1
1504436608,20036660,295.55,0.11429220,1
1504436410,20036505,295.30,0.32340009,1
1504436380,20036490,296.98,1.71737301,0
1504436377,20036486,296.14,3.34000000,1
1504436373,20036485,296.11,0.88778164,0
1504436361,20036481,296.07,0.40167601,0
1504436361,20036480,296.07,0.00004989,0
