date,tid,price,amount,type
1504439895,20039299,65.50,3.99419848,1
1504439891,20039294,65.52,0.20876475,0
1504439888,20039289,65.52,1.00000000,1
1504439305,20039017,65.89,2.03005301,0
1504439123,20038884,66.10,0.62666263,0
1504439097,20038846,66.10,1.03536880,0
1504438974,20038779,65.52,1.25000000,1
1504438747,20038650,66.16,4.61251838,1
1504438744,20038648,66.16,13.47588952,0
1504438697,20038607,66.25,8.76758254,1
1504438696,20038602,66.25,3.29000000,0
1504438692,20038600,66.21,3.29000000,0
1504438677,20038584,66.21,20.10713400,0
1504438677,20038583,66.21,3.40000000,0
1504438676,20038581,66.21,26.02645700,0
1504438676,20038580,66.21,5.57354300,0
1504438670,20038571,66.21,3.40000000,0
1504438663,20038560,66.15,3.50999996,0
1504438663,20038559,66.14,0.00000004,0
1504438662,20038558,66.14,5.07030300,0
1504438433,20038365,65.50,35.36195508,1
1504438433,20038364,65.50,0.25000000,1
1504438433,20038363,65.50,0.25000000,1
1504438433,20038361,65.50,0.25000000,1
1504438433,20038360,65.50,0.25000000,1
1504438433,20038359,65.50,0.25000000,1
1504438433,20038358,65.50,0.25000000,1
1504438432,20038357,65.50,0.25000000,1
1504438432,20038355,65.50,0.25000000,1
1504438432,20038354,65.50,0.25000000,1
1504438432,20038353,65.50,140.25000000,1
1504438432,20038352,65.55,6.00000000,1
1504438432,20038351,65.55,4.79000000,0
1504438432,20038350,65.59,18.00000000,1
1504438431,20038348,65.68,37.00000000,1
1504438431,20038347,65.68,23.96000000,0
1504438431,20038346,65.76,33.00000000,1
1504438431,20038345,65.86,37.00000000,1
1504438431,20038344,65.92,1.16641267,1
1504438430,20038343,65.95,35.00000000,1
1504438430,20038342,65.99,0.02574273,1
1504438430,20038341,66.03,23.95000000,1
1504438430,20038340,66.04,11.45000000,1
1504438430,20038339,66.04,4.79000000,1
1504438429,20038337,66.05,13.47588952,1
1504438312,20038252,65.99,0.01500000,1
1504438311,20038251,66.00,10.00000000,1
1504438297,20038244,66.01,0.00000038,1
1504438297,20038242,66.01,8.64102062,1
1504438295,20038237,66.01,2.80897938,1
1504438295,20038236,66.09,0.18948262,1
1504438246,20038209,66.00,1.00000000,1
1504438239,20038197,66.00,12.55636200,1
1504438231,20038179,66.00,26.49969698,1
1504438224,20038169,66.00,1.07445454,1
1504438224,20038167,66.00,2.00000000,1
1504438224,20038166,66.00,1.99554546,1
1504438224,20038165,66.00,0.00045454,1
1504438221,20038159,66.00,25.46954546,1
1504438211,20038138,66.69,5.03433798,1
1504438210,20038137,66.50,0.25000000,0
1504438210,20038136,66.49,39.16000000,0
1504438210,20038135,66.48,5.48000000,0
1504438210,20038134,66.47,0.18426986,1
1504438209,20038133,66.28,1.10000000,0
1504438209,20038132,66.06,6.58074691,0
1504438209,20038131,66.06,20.76800000,1
1504438209,20038130,66.02,12.17375519,0
1504438208,20038129,65.99,0.56275727,0
1504438207,20038126,65.75,0.60350000,0
1504438180,20038108,66.02,0.03927058,1
1504438180,20038107,66.02,0.58299198,1
1504438179,20038105,66.02,12.97588952,0
1504438125,20038030,65.79,2.65557075,0
1504438118,20038023,65.79,0.50000000,0
1504438106,20038019,65.56,2.19416337,1
1504437876,20037756,65.50,19.75000000,1
1504437876,20037755,65.50,0.25000000,1
1504437856,20037723,65.51,15.00000000,1
1504437841,20037703,65.50,0.25000000,1
1504437841,20037702,65.50,0.25000000,1
1504437841,20037701,65.50,0.25000000,1
1504437841,20037700,65.50,0.25000000,1
1504437841,20037699,65.50,0.25000000,1
1504437841,20037698,65.56,5.70641800,1
1504437840,20037697,65.57,6.30000000,1
1504437838,20037694,65.51,0.29358200,0
1504437834,20037687,65.51,0.70641800,1
1504437787,20037600,65.64,6.29000700,0
1504437754,20037580,66.00,0.50000000,0
1504437730,20037518,65.55,1.15740226,0
1504437728,20037516,65.58,18.28700000,1
1504437702,20037498,66.17,0.00001824,1
1504437701,20037496,66.17,0.19051489,1
1504437694,20037495,65.97,4.04697000,0
1504437679,20037489,65.55,10.59568850,1
1504437678,20037487,65.57,1.38531150,1
1504437674,20037477,66.22,0.25000000,0
1504437657,20037463,65.55,1.33688046,1
1504437656,20037462,65.59,30.09908537,1
1504437656,20037461,65.60,0.25000000,1
1504437656,20037460,65.60,0.25000000,1
1504437656,20037459,65.65,16.00000000,1
1504437655,20037458,65.70,0.25000000,1
1504437655,20037457,65.70,0.25000000,1
1504437655,20037456,65.74,35.00000000,1
1504437655,20037455,65.79,3.02403417,1
1504437655,20037454,65.80,0.25000000,1
1504437655,20037453,65.80,0.25000000,1
1504437654,20037452,65.90,0.25000000,1
1504437654,20037451,65.90,0.25000000,1
1504437654,20037450,65.90,0.25000000,1
1504437654,20037449,66.00,0.25000000,1
1504437654,20037448,66.00,0.25000000,1
1504437654,20037447,66.00,15.00000000,1
1504437654,20037445,66.00,1.50000000,1
1504437653,20037441,66.01,5.79000000,1
1504437653,20037439,66.05,6.00000000,1
1504437653,20037438,66.10,0.25000000,1
1504437651,20037437,66.20,0.25000000,1
1504437648,20037434,66.30,0.25000000,1
1504437586,20037324,66.47,0.50000000,0
1504437580,20037309,66.05,2.31058226,1
1504437580,20037308,66.05,58.38006989,1
1504437580,20037307,66.05,2.07811500,1
1504437580,20037306,66.10,0.25000000,1
1504437580,20037304,66.20,0.25000000,1
1504437580,20037302,66.30,0.25000000,1
1504437522,20037223,66.37,0.18426588,1
1504437515,20037205,66.40,0.25000000,1
1504437429,20037145,66.55,0.50000000,0
1504437339,20037081,66.62,2.39733000,0
1504437330,20037076,66.50,0.25000000,1
1504437330,20037075,66.50,0.25000000,1
1504437330,20037074,66.50,7.00000000,1
1504437330,20037073,66.50,3.10394678,1
1504437319,20037064,66.60,0.25000000,1
1504437319,20037062,66.60,0.25000000,1
1504437319,20037061,66.60,10.00000000,1
1504437314,20037054,66.68,5.36000000,1
1504437314,20037053,66.70,0.25000000,1
1504437313,20037052,66.70,0.25000000,1
1504437313,20037051,66.70,0.25000000,1
1504437313,20037050,66.70,0.25000000,1
1504437313,20037049,66.70,0.25000000,1
1504437313,20037048,66.70,0.25000000,1
1504437313,20037046,66.70,0.25000000,1
1504437272,20037023,66.71,9.47339215,1
1504437270,20037020,66.75,0.25000000,1
1504437270,20037019,66.75,0.25000000,1
1504437270,20037018,66.75,0.25000000,1
1504437270,20037017,66.75,0.25000000,1
1504437270,20037016,66.75,0.25000000,1
1504437270,20037015,66.75,0.25000000,1
1504437257,20037007,66.77,0.24979802,1
1504437247,20036999,66.77,0.75020198,1
1504437247,20036998,66.80,0.24979788,1
1504437247,20036997,66.80,0.00020212,1
1504437247,20036995,66.80,0.25000000,1
1504437247,20036993,66.80,0.25000000,1
1504437247,20036992,66.80,0.25000000,1
1504437247,20036991,66.80,0.25000000,1
1504437247,20036990,66.80,0.25000000,1
1504437247,20036989,66.80,0.24972283,1
1504437247,20036988,66.80,0.00027717,1
1504437247,20036987,66.80,0.25000000,1
1504437246,20036986,66.80,0.25000000,1
1504437246,20036985,66.80,0.25000000,1
1504437246,20036984,66.84,0.90000000,1
1504437216,20036959,66.90,0.25000000,1
1504437216,20036958,66.90,0.25000000,1
1504437216,20036957,66.90,0.25000000,1
1504437212,20036956,67.04,0.16871668,0
1504437200,20036948,66.91,6.47000000,1
1504437191,20036940,67.00,0.25000000,1
1504437191,20036939,67.00,0.25000000,1
1504437191,20036938,67.00,0.25000000,1
1504437191,20036937,67.00,0.25000000,1
1504437191,20036936,67.00,0.25000000,1
1504437191,20036934,67.00,0.25000000,1
1504437020,20036842,67.08,1.30890000,1
1504436843,20036768,67.08,4.78000000,1
1504436820,20036759,67.08,0.03100000,1
1504436820,20036758,67.20,0.50000000,1
1504436614,20036684,67.30,0.75140926,1
1504436368,20036483,67.31,7.57726100,0
1504436363,20036482,67.31,3.90552700,0
1504436354,20036477,67.31,1.76721200,0
