date,tid,price,amount,type
1506556827,22426740,3551.01,0.11768900,1
1506556770,22426726,3559.50,5.50716508,0
1506556770,22426725,3559.49,0.02877478,0
1506556688,22426705,3559.49,0.64262577,0
1506556678,22426704,3559.49,0.00949452,0
1506556678,22426703,3556.10,0.00050548,0
1506556665,22426701,3556.10,0.04780000,0
1506556563,22426675,3556.10,0.01000000,0
1506556547,22426658,3556.10,0.03582802,0
1506556451,22426596,3551.00,2.19133979,1
1506556451,22426594,3551.62,0.03428648,1
1506556451,22426593,3552.45,0.00225169,1
1506556451,22426592,3554.55,0.00225170,1
1506556451,22426591,3556.64,0.00225171,1
1506556424,22426584,3558.74,0.00225172,1
1506556378,22426570,3559.11,0.14013335,0
1506556320,22426564,3551.03,0.00160000,1
1506556310,22426563,3559.17,0.01000000,0
1506556268,22426560,3559.17,0.02223389,0
1506556208,22426542,3551.03,0.04196994,1
1506556206,22426541,3559.27,0.25958845,0
1506556153,22426515,3551.13,0.07112910,1
1506556147,22426512,3559.27,0.00327876,0
1506556114,22426505,3550.83,0.28468295,1
1506556096,22426502,3559.30,0.02776927,0
1506556091,22426498,3559.30,0.00575859,0
1506556068,22426460,3559.30,0.01393015,0
1506556067,22426459,3550.20,0.34506820,1
1506556045,22426455,3550.01,0.63071955,0
1506556021,22426437,3550.14,0.08376778,1
1506555995,22426422,3550.36,0.04970156,0
1506555939,22426374,3559.50,0.96691389,0
1506555769,22426302,3556.10,0.40000000,1
1506555746,22426274,3559.49,0.28438930,0
1506555746,22426273,3559.47,0.40747740,0
1506555740,22426270,3556.41,0.86814451,1
1506555688,22426262,3559.49,0.00500000,1
1506555686,22426261,3559.49,0.02000000,0
1506555641,22426257,3559.49,0.95518483,0
1506555605,22426254,3559.44,0.47521667,1
1506555556,22426228,3559.44,0.28332244,0
1506555514,22426210,3559.50,0.18000000,0
1506555504,22426202,3559.50,0.05299691,0
1506555503,22426201,3559.50,0.15800000,0
1506555464,22426185,3556.41,0.00629646,1
1506555424,22426168,3559.50,0.09463673,0
1506555367,22426128,3559.50,0.04318000,0
1506555338,22426112,3556.41,0.02190060,1
1506555335,22426110,3556.41,0.12146300,1
1506555334,22426108,3556.41,0.01741470,1
1506555332,22426106,3556.41,0.08889800,1
1506555288,22426072,3559.47,0.04203399,0
1506555285,22426068,3559.50,0.06114248,0
1506555246,22426047,3559.50,0.06818000,0
1506555243,22426045,3559.50,0.02165200,0
1506555220,22426018,3556.41,0.23093873,1
1506555164,22425984,3559.50,0.01025000,0
1506555114,22425954,3559.50,0.02000000,0
1506555069,22425926,3559.50,0.30101217,0
1506555039,22425897,3558.00,0.01543969,1
1506555033,22425893,3559.50,2.00000000,0
1506555027,22425889,3558.03,0.19832002,1
1506555003,22425879,3559.50,1.35277704,0
1506554996,22425874,3559.50,0.74500000,0
1506554957,22425853,3558.03,0.01322680,0
1506554956,22425852,3558.13,0.12245537,1
1506554947,22425848,3559.50,0.01140000,0
1506554943,22425844,3559.50,0.10609484,0
1506554943,22425843,3559.50,0.05656733,0
1506554942,22425842,3559.50,0.05656659,0
1506554921,22425823,3559.50,0.44428900,0
1506554919,22425822,3559.50,0.04905745,0
1506554917,22425819,3559.50,0.04662489,0
1506554898,22425808,3559.50,0.43649666,0
1506554895,22425806,3559.50,3.00000000,0
1506554874,22425799,3559.50,0.76200000,0
1506554871,22425797,3559.50,0.07470570,0
1506554870,22425793,3559.50,0.07470570,0
1506554868,22425791,3559.50,0.07470570,0
1506554865,22425782,3559.50,0.04489612,0
1506554864,22425781,3559.50,1.01715000,0
1506554864,22425778,3559.50,0.61382100,0
1506554861,22425775,3559.50,0.04538539,0
1506554857,22425770,3559.50,0.04538550,0
1506554854,22425769,3559.50,0.07017900,0
1506554852,22425765,3559.50,0.04538050,0
1506554848,22425763,3559.50,0.21588625,0
1506554847,22425759,3559.50,0.04545863,0
1506554846,22425756,3559.50,0.28074505,0
1506554846,22425755,3559.50,0.12489825,0
1506554845,22425754,3559.50,0.19797970,0
1506554840,22425744,3559.50,0.15640772,0
1506554840,22425743,3559.50,0.06138498,0
1506554839,22425740,3559.50,0.06847042,0
1506554837,22425733,3559.50,0.04152137,0
1506554837,22425731,3559.50,0.06153788,0
1506554834,22425726,3559.50,0.12373119,0
1506554834,22425723,3559.50,0.02830173,0
1506554833,22425721,3559.50,0.13762705,0
1506554828,22425710,3559.50,0.31982205,0
1506554828,22425707,3559.50,0.31076094,0
1506554827,22425704,3559.50,0.04031294,0
1506554822,22425689,3559.50,4.00000000,0
1506554820,22425685,3559.50,0.02047800,0
1506554818,22425679,3559.50,0.50328135,0
1506554815,22425670,3559.50,0.05440268,0
1506554815,22425669,3559.50,0.01360067,0
1506554815,22425668,3559.50,0.12920637,0
1506554809,22425665,3559.50,0.08813024,0
1506554801,22425654,3559.50,0.28090810,0
1506554797,22425644,3559.50,0.09802382,0
1506554797,22425642,3559.50,0.36086392,0
1506554788,22425630,3559.50,0.50010038,0
1506554776,22425581,3559.50,0.03000000,0
1506554774,22425579,3559.50,0.03000000,0
1506554765,22425564,3559.50,0.05533134,0
1506554764,22425563,3559.50,0.01396890,0
1506554763,22425558,3559.50,17.84000000,0
1506554727,22425518,3559.50,0.02977400,0
1506554726,22425515,3559.50,0.02316563,0
1506554723,22425511,3559.50,0.00756567,0
1506554721,22425507,3559.50,0.03000000,0
1506554721,22425502,3559.50,0.16039900,0
1506554713,22425482,3556.41,0.48363829,0
1506554711,22425480,3559.41,0.00483500,1
1506554666,22425420,3559.31,0.00224748,1
1506554645,22425410,3559.00,13.83011519,0
1506554616,22425400,3559.00,0.03000000,0
1506554541,22425351,3559.00,0.02982628,0
1506554526,22425334,3559.00,0.14407600,0
1506554522,22425332,3559.00,0.14401700,0
1506554519,22425326,3559.00,0.14401700,0
1506554507,22425316,3559.00,0.05726836,0
1506554487,22425298,3559.00,0.02666952,0
1506554461,22425279,3559.00,0.04000000,0
1506554455,22425275,3559.00,0.42041304,0
1506554452,22425274,3559.00,0.02284130,0
1506554446,22425269,3559.00,0.08878030,0
1506554421,22425243,3559.00,0.14292700,0
1506554419,22425234,3559.00,0.02283270,0
1506554417,22425231,3559.00,0.14293700,0
1506554414,22425225,3559.00,0.10871700,0
1506554411,22425222,3559.00,0.03719002,0
1506554411,22425221,3556.42,0.08242898,0
1506554409,22425217,3556.42,0.03710664,0
1506554383,22425200,3556.42,0.02575709,0
1506554364,22425193,3556.41,0.58000000,1
1506554326,22425164,3556.41,1.36800000,1
1506554317,22425161,3559.00,0.14026904,0
1506554295,22425146,3556.41,0.50000000,1
1506554237,22425118,3559.00,0.00143000,0
1506554224,22425114,3559.00,0.00836674,0
1506554211,22425109,3559.00,0.80000000,0
1506554181,22425099,3559.00,0.01000000,0
1506554123,22425060,3559.00,0.02900000,0
1506554104,22425052,3559.00,0.00799851,0
1506554061,22425040,3559.00,0.02800000,0
1506554053,22425032,3556.41,0.18219000,1
1506554041,22425017,3556.41,0.01475400,1
1506554041,22425016,3556.42,0.00524600,1
1506554029,22425007,3559.00,0.25828344,0
1506553953,22424965,3559.00,0.05623795,0
1506553921,22424959,3559.00,0.22842597,0
1506553920,22424958,3559.00,0.22619844,0
1506553904,22424951,3558.00,0.03778453,0
1506553903,22424949,3558.00,0.07370180,0
1506553902,22424948,3558.00,0.22111110,0
1506553849,22424921,3558.00,0.45109050,0
1506553814,22424915,3558.00,0.18831444,0
1506553808,22424912,3558.00,0.08350098,0
1506553743,22424851,3558.00,0.05451844,0
1506553712,22424824,3558.00,0.03047319,0
1506553705,22424814,3558.00,0.01552810,0
1506553690,22424803,3558.00,0.13802293,0
1506553684,22424795,3558.00,0.10025000,0
1506553675,22424786,3558.00,0.14734500,0
1506553573,22424728,3558.00,0.05044983,0
1506553567,22424724,3558.00,0.57934103,0
1506553559,22424721,3558.00,0.05394770,0
1506553549,22424700,3558.00,0.00419901,0
1506553475,22424620,3558.00,0.02800000,0
1506553458,22424610,3558.00,0.37150114,0
1506553450,22424597,3558.00,0.00355655,0
1506553430,22424584,3558.00,0.07425252,0
1506553391,22424562,3558.00,0.07522254,0
1506553386,22424555,3558.00,0.01582974,0
1506553385,22424554,3558.00,0.02332019,0
1506553345,22424508,3558.00,0.01400000,0
1506553287,22424479,3558.00,0.01051667,0
1506553285,22424478,3558.00,0.00786156,0
1506553238,22424455,3558.00,0.00280979,0
1506553224,22424453,3550.51,0.01472210,1
1506553076,22424366,3559.00,0.54055352,0
1506553074,22424365,3558.99,0.02000000,0
1506553041,22424355,3559.00,0.90867782,0
1506553034,22424349,3559.00,0.08519080,0
1506553033,22424344,3559.00,0.09686830,0
1506553027,22424337,3559.00,0.01609082,0
1506552976,22424321,3559.00,0.16668947,0
1506552943,22424301,3559.00,0.02216997,0
1506552922,22424291,3559.00,0.19331300,0
1506552919,22424288,3559.00,0.00252037,0
1506552850,22424244,3557.00,0.92708563,1
1506552837,22424235,3559.00,0.24763045,0
1506552837,22424234,3558.99,0.03000000,0
1506552794,22424215,3559.00,0.13817364,0
1506552793,22424214,3557.99,0.03000000,0
1506552792,22424212,3557.00,0.06709600,1
1506552785,22424205,3557.00,0.12271550,0
1506552683,22424172,3558.00,0.05468078,0
1506552681,22424171,3558.00,0.05533523,0
1506552667,22424132,3558.90,0.02962173,0
1506552605,22424108,3558.59,0.02329275,0
1506552604,22424107,3548.26,0.00250000,0
1506552532,22424080,3558.90,0.91483849,1
1506552532,22424079,3558.90,0.16086151,1
1506552528,22424077,3558.89,0.04000000,0
1506552528,22424076,3558.70,2.00000000,0
1506552528,22424075,3558.70,2.38430000,0
1506552494,22424059,3558.90,0.20000000,0
1506552380,22423996,3558.90,0.13806085,0
1506552324,22423967,3559.00,0.03481780,0
1506552305,22423956,3558.80,0.14014555,0
1506552289,22423926,3558.80,0.09814436,0
1506552238,22423862,3558.90,0.05426578,0
1506552238,22423861,3558.89,0.03964399,0
1506552226,22423844,3558.90,0.53254095,0
1506552224,22423840,3546.70,0.00225550,1
1506552222,22423837,3558.90,0.06640314,0
1506552213,22423831,3558.90,0.01900000,0
1506552209,22423821,3558.90,0.02325015,0
1506552186,22423791,3558.90,0.01393803,0
1506552184,22423788,3558.90,0.01509719,0
1506552137,22423765,3558.58,0.30030000,0
1506552128,22423761,3558.90,0.01359000,0
1506552127,22423760,3559.00,0.02722820,0
1506552125,22423757,3558.99,0.01317180,0
1506552124,22423755,3545.07,0.57987375,1
1506552085,22423744,3559.00,0.07740989,0
1506552025,22423725,3544.12,0.03964399,1
1506552024,22423724,3544.13,0.00932100,1
1506552021,22423723,3559.00,0.00786999,0
1506551986,22423681,3559.00,0.02363867,0
1506551983,22423679,3559.00,0.39190502,0
1506551979,22423678,3559.00,0.04430000,0
1506551964,22423672,3559.00,0.38050973,0
1506551964,22423671,3559.00,0.02633240,0
1506551916,22423620,3559.00,0.50725897,0
1506551899,22423598,3559.00,0.02770689,0
1506551881,22423594,3559.00,0.02434896,0
1506551877,22423590,3544.15,0.00250000,1
1506551874,22423584,3558.99,0.00337736,0
1506551873,22423582,3557.99,0.02000000,0
1506551822,22423553,3558.99,0.14013768,0
1506551808,22423547,3558.30,0.79087524,0
1506551806,22423546,3558.40,0.02678214,0
1506551795,22423531,3542.87,0.00162871,1
1506551696,22423476,3542.00,0.20000000,0
1506551694,22423472,3542.00,0.08281388,0
1506551692,22423469,3544.00,0.06718612,1
1506551688,22423465,3544.00,0.06410074,1
1506551687,22423464,3547.87,0.00702675,1
1506551687,22423463,3551.00,0.10000000,1
1506551687,22423462,3552.00,0.56757770,1
1506551686,22423461,3552.00,0.03242230,1
1506551686,22423460,3552.49,0.02807890,1
1506551664,22423429,3556.00,0.14844410,0
1506551621,22423403,3553.00,0.10000000,1
1506551545,22423374,3558.70,0.01346155,0
1506551541,22423373,3558.80,0.05612992,0
1506551529,22423369,3558.80,0.09287349,0
1506551524,22423367,3557.60,0.29120632,0
1506551484,22423337,3558.00,3.78025000,0
1506551484,22423335,3556.55,10.00000000,0
1506551464,22423325,3558.00,0.00113524,0
1506551464,22423324,3557.99,0.02000000,0
1506551436,22423319,3556.40,0.02220533,0
1506551435,22423317,3556.40,0.24425861,0
1506551427,22423315,3556.40,0.02220533,0
1506551426,22423314,3556.40,0.02220533,0
1506551425,22423313,3556.40,0.00140600,0
1506551424,22423311,3556.39,0.00790215,0
1506551421,22423309,3556.40,0.14480540,0
1506551421,22423308,3556.40,0.13810880,0
1506551394,22423295,3556.40,0.58029924,0
1506551389,22423293,3556.40,0.07472307,0
1506551388,22423291,3556.40,0.22279346,0
1506551378,22423287,3558.50,0.00560629,1
1506551347,22423269,3558.90,0.31508799,0
1506551344,22423268,3558.90,0.04044500,0
1506551335,22423263,3558.90,0.14195294,0
1506551329,22423262,3559.00,0.04957381,0
1506551323,22423255,3559.00,0.20238371,0
1506551273,22423193,3552.31,0.00045233,0
1506551272,22423192,3552.31,0.02794767,1
1506551267,22423190,3562.30,0.20954240,1
1506551265,22423187,3562.40,0.02259259,0
1506551264,22423186,3562.30,0.01345760,1
1506551204,22423153,3559.70,0.17483172,0
1506551198,22423150,3559.80,0.22257504,0
1506551198,22423149,3559.80,0.02957808,0
1506551197,22423148,3559.80,0.03958239,0
1506551191,22423145,3551.10,0.05474900,0
1506551187,22423141,3551.10,0.00500000,0
1506551172,22423108,3562.20,0.01735000,0
1506551165,22423093,3562.29,0.02719415,0
1506551164,22423092,3562.30,0.06032051,0
1506551163,22423091,3562.27,0.14190865,0
1506551159,22423087,3562.39,0.18801403,0
1506551144,22423061,3562.70,0.01610739,0
1506551142,22423055,3562.67,0.09571690,0
1506551115,22423040,3551.47,0.14103121,1
1506551108,22423028,3562.70,0.30000000,0
1506551066,22423001,3563.30,0.22060758,0
1506551066,22423000,3563.29,0.03000000,0
1506551047,22422986,3563.42,0.05204951,0
1506551047,22422985,3563.41,0.02484794,0
1506551045,22422981,3550.66,0.01038401,1
1506551040,22422972,3569.17,0.02794767,0
1506551023,22422963,3550.26,0.01445580,1
1506551023,22422962,3555.75,0.00701118,1
1506551019,22422961,3569.80,0.19930406,0
1506550995,22422939,3563.40,0.85005831,0
1506550991,22422935,3563.60,0.01400680,0
1506550964,22422916,3563.80,0.12566532,0
1506550963,22422915,3563.38,0.03715672,0
1506550942,22422897,3563.38,0.08284328,0
1506550931,22422889,3550.25,0.09659434,1
1506550931,22422888,3551.78,0.02318182,1
1506550931,22422887,3556.12,0.04142884,0
1506550930,22422885,3558.38,0.03879500,1
1506550928,22422882,3563.60,0.02887552,0
1506550928,22422881,3563.58,0.03134393,0
1506550923,22422875,3551.85,0.03122076,0
1506550923,22422874,3553.00,0.00758000,1
1506550921,22422873,3558.38,0.00700600,1
1506550893,22422858,3563.30,0.02312000,0
1506550877,22422842,3563.50,0.20290987,0
1506550863,22422834,3563.20,0.40533580,0
1506550839,22422801,3563.40,0.11989392,0
1506550818,22422787,3560.00,1.09525854,1
1506550818,22422786,3560.01,0.20039407,1
1506550817,22422784,3563.60,0.17546091,0
1506550804,22422758,3560.00,0.02410146,1
1506550804,22422757,3560.02,0.03000000,1
1506550789,22422735,3570.70,0.72887675,0
1506550782,22422726,3563.80,0.06803839,0
1506550779,22422723,3563.80,0.43466512,0
1506550779,22422718,3563.80,0.12617230,0
1506550771,22422695,3563.80,0.57701318,0
1506550769,22422686,3563.87,0.17084585,0
1506550769,22422685,3563.86,0.00000515,0
1506550769,22422683,3563.86,0.02999485,0
1506550756,22422662,3563.00,0.03000000,1
1506550756,22422661,3563.01,0.29294395,1
1506550734,22422627,3570.80,0.03453040,0
1506550642,22422582,3577.00,7.20996041,1
1506550640,22422581,3576.68,0.03000000,0
1506550640,22422579,3576.56,0.03336708,0
1506550640,22422578,3576.53,0.84854286,0
1506550633,22422574,3576.56,0.00250000,0
1506550626,22422565,3576.57,0.02690492,0
1506550573,22422454,3577.09,0.01645301,0
1506550570,22422437,3574.98,0.26988098,0
1506550570,22422436,3574.98,0.02306297,0
1506550567,22422432,3577.00,0.98198421,0
1506550567,22422431,3577.00,7.69000000,0
1506550567,22422430,3577.00,0.50000000,0
1506550566,22422429,3576.99,0.04000000,0
1506550566,22422428,3575.42,0.02321405,0
1506550566,22422427,3575.00,0.54598306,0
1506550566,22422426,3575.00,0.14538115,0
1506550566,22422425,3569.02,0.07343753,0
1506550562,22422417,3574.78,0.01116153,0
1506550515,22422384,3575.00,0.15863579,0
1506550515,22422383,3575.00,0.10000000,0
1506550505,22422372,3574.76,0.06417773,1
1506550503,22422370,3574.79,0.12975380,0
1506550503,22422369,3573.88,0.01000000,0
1506550491,22422361,3573.00,0.07319926,0
1506550490,22422360,3572.99,0.07173417,0
1506550483,22422350,3573.00,0.02714609,0
1506550479,22422346,3572.77,0.26986442,0
1506550479,22422344,3572.77,0.02307073,0
1506550477,22422343,3572.77,0.00250000,0
1506550467,22422326,3572.53,0.02230900,0
1506550463,22422313,3572.60,0.02307966,0
1506550461,22422296,3560.02,0.13682649,1
1506550461,22422294,3560.03,0.01078080,1
1506550451,22422247,3572.77,0.29555168,0
1506550444,22422242,3572.77,0.02690396,0
1506550440,22422236,3569.68,0.29849476,0
1506550426,22422218,3555.51,0.30000000,0
1506550418,22422201,3568.99,0.45205481,0
1506550409,22422186,3555.49,0.13319627,0
1506550407,22422179,3555.49,0.42580373,0
1506550407,22422176,3555.49,0.04100000,1
1506550343,22422122,3555.59,0.47771870,0
1506550343,22422121,3555.59,0.90877113,0
1506550342,22422120,3555.59,0.01043427,1
1506550342,22422119,3555.59,0.26607590,1
1506550326,22422115,3568.79,0.36041600,0
1506550323,22422110,3568.80,0.02571172,0
1506550266,22422066,3566.90,0.13798608,0
1506550265,22422065,3569.90,0.12853301,0
1506550263,22422064,3569.89,0.03694878,0
1506550261,22422062,3569.89,0.21429512,0
1506550261,22422061,3569.89,0.01483200,0
1506550258,22422056,3569.90,0.21775181,0
1506550257,22422055,3569.02,0.00392630,0
1506550240,22422038,3569.02,0.01375857,0
1506550240,22422037,3568.98,0.02500000,0
1506550240,22422036,3568.98,0.00271000,0
1506550232,22422029,3569.02,0.00271315,0
1506550231,22422027,3568.98,0.00083959,0
1506550224,22422026,3568.97,0.04987170,1
1506550223,22422022,3568.97,0.02000000,0
1506550214,22422014,3561.40,0.01494058,0
1506550212,22422010,3561.40,0.01401144,0
1506550203,22421998,3561.40,0.00670523,0
1506550178,22421988,3561.70,0.01400174,0
1506550163,22421982,3561.80,0.02637622,0
1506550126,22421931,3562.50,0.03100038,0
1506550125,22421928,3562.50,0.21789435,0
1506550111,22421913,3561.30,0.49627065,0
1506550104,22421881,3561.50,0.00307355,0
1506550103,22421880,3555.00,0.01264586,0
1506550090,22421863,3555.00,0.12270000,1
1506550087,22421856,3555.00,0.01270000,1
1506550084,22421849,3561.90,0.31381450,0
1506550064,22421819,3555.55,1.00000000,1
1506550059,22421813,3555.91,0.00154953,1
1506550058,22421812,3555.92,0.17713325,1
1506550027,22421761,3555.92,0.02202943,1
1506550026,22421759,3562.79,0.12878951,0
1506550025,22421756,3562.79,0.64900218,0
1506550025,22421755,3562.00,0.07697423,0
1506550019,22421744,3562.79,0.00250000,0
1506550006,22421720,3562.79,0.24563697,0
1506550005,22421718,3562.79,0.02195530,0
1506549998,22421713,3568.98,0.00150000,0
1506549983,22421697,3568.98,0.13866041,0
1506549979,22421696,3555.92,0.10083732,1
1506549950,22421686,3569.61,0.02311108,0
1506549945,22421679,3569.61,0.05805390,0
1506549944,22421678,3569.61,0.00454635,0
1506549944,22421677,3569.61,0.02325188,0
1506549944,22421676,3568.70,0.02312888,0
1506549944,22421674,3566.00,0.00212002,0
1506549944,22421673,3566.00,0.81787998,1
1506549928,22421668,3568.70,0.02313133,1
1506549926,22421662,3568.70,0.61318687,0
1506549925,22421659,3566.99,0.14723899,1
1506549925,22421658,3568.70,0.01469745,0
1506549923,22421656,3566.99,0.00250000,0
1506549920,22421643,3568.79,1.44590569,1
1506549919,22421642,3568.79,0.01495233,1
1506549919,22421641,3568.00,1.00000000,0
1506549919,22421640,3567.18,0.00624496,0
1506549919,22421639,3567.18,0.01702276,0
1506549918,22421638,3567.00,0.09275781,0
1506549918,22421637,3566.52,0.00169452,0
1506549916,22421629,3566.00,0.21693317,0
1506549891,22421616,3566.00,0.00356979,0
1506549891,22421615,3565.99,0.27685718,1
1506549890,22421614,3565.99,0.02314282,0
1506549888,22421613,3566.00,0.00250000,0
1506549888,22421612,3566.00,1.24087604,0
1506549887,22421611,3564.17,0.02328730,0
1506549887,22421610,3563.00,0.02450000,0
1506549887,22421608,3562.70,1.01715000,0
1506549886,22421606,3562.00,0.00250000,0
1506549886,22421604,3561.90,0.04500000,0
1506549886,22421603,3561.62,0.00379146,0
1506549885,22421602,3561.57,0.19750000,0
1506549885,22421601,3561.57,0.00250000,0
1506549885,22421600,3561.00,2.97272934,0
1506549884,22421599,3561.00,0.02727066,0
1506549884,22421598,3560.98,0.02330822,0
1506549884,22421597,3560.00,0.17163897,0
1506549882,22421595,3558.47,0.01065138,0
1506549881,22421590,3558.47,0.08934862,1
1506549880,22421589,3560.00,0.12836103,0
1506549880,22421588,3560.00,0.02100000,0
1506549880,22421586,3560.00,0.05000000,0
1506549880,22421585,3560.00,0.00224719,0
1506549880,22421584,3559.89,0.02358130,0
1506549879,22421583,3559.80,0.20000000,0
1506549879,22421582,3559.52,0.02331773,0
1506549879,22421581,3558.78,0.02816870,0
1506549879,22421580,3558.56,0.02332405,0
1506549877,22421578,3558.47,0.01603911,0
1506549877,22421577,3558.46,0.01323781,0
1506549869,22421544,3558.47,0.00896089,1
1506549866,22421542,3558.47,0.01423740,0
1506549857,22421534,3558.47,0.01615260,0
1506549857,22421533,3558.42,0.02332495,0
1506549857,22421532,3558.29,0.02332569,0
1506549857,22421531,3556.08,0.02334031,0
1506549857,22421530,3556.02,0.02334070,0
1506549857,22421529,3555.55,0.04468959,0
1506549840,22421518,3555.55,0.12897208,0
1506549839,22421517,3555.55,0.11557719,0
1506549837,22421514,3555.55,0.19530874,0
1506549836,22421512,3555.55,0.19136700,0
1506549833,22421503,3555.55,0.32408540,0
1506549833,22421502,3555.34,0.10014354,1
1506549832,22421501,3555.34,0.00000545,0
1506549830,22421497,3555.34,0.10014960,0
1506549829,22421494,3555.34,0.19514861,0
1506549825,22421487,3555.34,0.01469634,0
1506549825,22421486,3555.00,0.00000598,0
1506549822,22421480,3555.00,0.07648616,0
1506549816,22421468,3554.97,0.29670338,0
1506549807,22421459,3555.00,0.29267282,0
1506549807,22421458,3554.97,0.07648618,0
1506549804,22421453,3554.97,0.14851382,0
1506549798,22421452,3554.97,0.22238298,0
1506549790,22421449,3555.00,0.06940917,0
1506549786,22421448,3544.34,0.00225702,1
1506549779,22421428,3555.00,0.04860977,0
1506549773,22421415,3554.91,0.08050359,0
1506549768,22421410,3555.00,0.02692422,0
1506549767,22421405,3555.00,0.08589188,0
1506549767,22421404,3555.00,0.02841400,0
1506549767,22421403,3552.30,0.20000000,0
1506549766,22421402,3550.00,0.21239216,0
1506549754,22421372,3550.00,0.23538920,0
1506549733,22421353,3550.00,0.03000000,0
1506549719,22421342,3544.00,0.16000000,1
1506549716,22421341,3550.00,0.01000000,0
1506549713,22421340,3550.00,0.91543189,0
1506549713,22421339,3550.00,0.08456811,0
1506549695,22421316,3550.00,0.84928890,0
1506549695,22421315,3549.27,0.06887610,0
1506549695,22421314,3549.27,0.03190005,0
1506549687,22421302,3548.34,0.02000000,0
1506549687,22421301,3547.31,0.04862592,0
1506549686,22421300,3547.03,0.01235813,0
1506549686,22421298,3545.11,0.00141321,0
1506549685,22421292,3545.00,0.25000000,0
1506549685,22421291,3545.00,0.02000000,0
1506549682,22421287,3544.00,0.10000000,0
1506549682,22421286,3544.00,4.21454954,0
1506549675,22421281,3544.00,0.47844800,0
1506549672,22421278,3544.00,0.13190029,0
1506549671,22421276,3544.00,0.18589480,0
1506549669,22421275,3544.00,1.00000000,0
1506549666,22421273,3544.00,0.34129298,0
1506549664,22421270,3544.00,0.28160271,0
1506549663,22421267,3544.00,0.40933755,0
1506549650,22421239,3544.00,0.02842551,0
1506549647,22421226,3544.00,0.34129037,0
1506549646,22421220,3544.00,0.13190029,0
1506549641,22421214,3544.00,0.13190029,0
1506549637,22421212,3544.00,0.20000000,0
1506549636,22421211,3543.99,0.80000000,0
1506549636,22421204,3544.00,0.05703517,0
1506549635,22421200,3544.00,0.07507138,0
1506549635,22421199,3544.00,0.01872315,0
1506549633,22421198,3544.00,0.10000000,0
1506549624,22421190,3544.00,0.11646709,0
1506549605,22421172,3544.00,0.02010441,0
1506549603,22421171,3544.00,0.02589446,0
1506549588,22421135,3540.56,0.67964719,1
1506549587,22421133,3544.00,0.38918238,0
1506549582,22421129,3544.00,0.28146163,0
1506549515,22421095,3543.97,0.01499986,1
1506549515,22421094,3544.00,0.24350000,0
1506549509,22421082,3544.00,0.06347600,0
1506549499,22421057,3543.97,0.01190500,0
1506549474,22421021,3544.00,0.09764000,0
1506549474,22421020,3544.00,0.03000000,0
1506549465,22421007,3544.00,0.08549120,0
1506549456,22420996,3536.51,0.02065809,1
1506549454,22420994,3536.50,1.79612000,1
1506549453,22420993,3544.00,0.72975200,0
1506549452,22420989,3536.31,0.56809501,1
1506549452,22420987,3538.88,0.26704381,1
1506549452,22420986,3539.18,0.00282551,1
1506549439,22420945,3544.00,0.02870767,0
1506549426,22420911,3544.00,0.02725000,0
1506549424,22420910,3539.22,0.03077000,1
1506549422,22420906,3539.17,0.09360873,1
1506549422,22420905,3541.81,0.00282574,1
1506549409,22420892,3544.00,0.25451013,0
1506549400,22420876,3544.00,0.50115000,0
1506549396,22420868,3544.00,0.99969244,0
1506549389,22420849,3544.00,0.01514391,0
1506549385,22420820,3544.00,0.87349278,0
1506549383,22420816,3544.00,0.03000000,0
1506549377,22420810,3544.00,0.37151115,0
1506549371,22420803,3544.00,0.20025000,0
1506549364,22420788,3544.00,0.00823978,0
1506549349,22420765,3544.00,0.13061508,0
1506549346,22420759,3544.00,2.00000000,0
1506549345,22420755,3544.00,0.82039332,0
1506549344,22420752,3544.00,2.00000000,0
1506549340,22420749,3544.00,2.00000000,0
1506549336,22420744,3544.00,2.00000000,0
1506549333,22420738,3538.90,0.02844400,1
1506549331,22420736,3544.00,1.00000000,0
1506549329,22420733,3544.00,0.06118792,0
1506549329,22420731,3541.81,0.01292807,0
1506549327,22420729,3540.98,0.01033827,0
1506549325,22420725,3540.98,0.03520777,0
1506549325,22420724,3540.98,0.02538590,0
1506549320,22420714,3540.98,0.04794705,0
1506549308,22420692,3539.90,9.53807075,0
1506549297,22420676,3539.90,0.09304905,0
1506549295,22420669,3539.90,0.02421254,0
1506549288,22420655,3539.90,0.18364731,0
1506549283,22420647,3539.90,0.03000000,0
1506549279,22420644,3539.90,0.10000000,0
1506549278,22420639,3539.90,0.28317527,0
1506549266,22420618,3539.90,0.49679651,0
1506549266,22420617,3539.90,0.03000994,0
1506549263,22420609,3539.90,0.42633161,0
1506549258,22420604,3539.90,0.37047233,0
1506549257,22420602,3539.89,0.03000000,0
1506549254,22420599,3539.90,22.97000000,0
1506549254,22420598,3539.89,0.03000000,0
1506549234,22420588,3539.90,0.42070267,0
1506549234,22420587,3539.89,0.03000000,0
1506549216,22420585,3539.90,0.11927542,0
1506549216,22420584,3539.89,0.03000000,0
1506549196,22420579,3538.88,0.22220000,1
1506549196,22420578,3538.90,0.00446778,1
1506549181,22420568,3538.90,0.01053222,1
1506549150,22420523,3539.90,7.02241397,0
1506549150,22420522,3539.89,0.03000000,0
1506549124,22420511,3539.90,0.02978632,0
1506549124,22420510,3539.89,0.03000000,0
1506549095,22420500,3539.90,0.09525000,0
1506549093,22420499,3539.89,0.04000000,0
1506549067,22420489,3539.90,0.02327694,0
1506549065,22420486,3539.90,0.23206115,0
1506549063,22420485,3539.89,0.03000000,0
1506549031,22420449,3539.90,0.13126997,0
1506549027,22420448,3539.90,0.01691336,0
1506549027,22420447,3539.89,0.00967150,0
1506549025,22420446,3539.89,0.02032850,0
1506549024,22420444,3538.90,0.04000000,1
1506549024,22420443,3539.05,0.01000000,1
1506549010,22420440,3539.90,0.01817847,0
1506549009,22420439,3539.90,0.20178118,0
1506549008,22420438,3539.90,1.26166469,0
1506549008,22420437,3539.90,0.57201261,0
1506549007,22420436,3539.89,0.02181507,1
1506549007,22420435,3539.89,0.00818493,1
1506549002,22420427,3539.90,0.04799890,0
1506549002,22420426,3539.90,0.08334097,0
1506548996,22420418,3539.90,0.51782135,0
1506548993,22420416,3539.89,0.04000000,1
1506548986,22420409,3539.90,0.02227859,0
1506548986,22420407,3539.89,0.04000000,0
1506548979,22420402,3539.90,0.03194469,0
1506548979,22420401,3539.90,0.70913031,0
1506548968,22420394,3539.90,0.10710585,0
1506548968,22420393,3539.89,0.04000000,0
1506548966,22420390,3539.90,0.01000000,0
1506548938,22420376,3539.90,0.39008938,0
1506548933,22420363,3539.90,0.16053936,0
1506548932,22420360,3539.90,0.08730854,0
1506548932,22420359,3539.89,0.05000000,0
1506548926,22420357,3539.89,0.03480309,0
1506548920,22420352,3539.89,0.01519691,0
1506548855,22420300,3539.89,0.02018424,0
1506548834,22420281,3538.88,0.02814335,1
1506548830,22420278,3539.90,0.03433423,0
1506548829,22420277,3539.89,0.01180692,0
1506548825,22420275,3539.89,0.02819308,0
1506548809,22420252,3539.90,0.03803779,0
1506548809,22420251,3539.90,0.50987000,0
1506548809,22420250,3539.89,0.04000000,0
1506548809,22420249,3539.89,0.05000000,0
1506548801,22420239,3539.90,0.02648586,0
1506548801,22420238,3539.88,0.45000500,0
1506548800,22420235,3539.89,0.04999500,1
1506548797,22420220,3539.90,0.15545083,0
1506548797,22420218,3539.89,0.05000000,0
1506548797,22420214,3539.89,0.01836917,0
1506548794,22420197,3530.64,0.01769517,0
1506548794,22420196,3530.64,0.02320109,0
1506548792,22420193,3538.52,0.01000000,1
1506548761,22420183,3539.90,0.19125480,0
1506548761,22420181,3539.89,0.05000000,0
1506548740,22420178,3539.90,0.01315645,0
1506548739,22420176,3539.90,1.04360162,0
1506548739,22420175,3539.89,0.06000000,0
1506548739,22420174,3539.87,0.55689933,0
1506548725,22420162,3539.87,0.01408809,0
1506548701,22420158,3530.01,0.57167026,1
1506548689,22420156,3539.88,0.00818135,1
1506548685,22420155,3539.88,0.17500000,1
1506548682,22420154,3539.90,0.01000000,0
1506548677,22420146,3539.90,0.14693074,0
1506548676,22420145,3539.89,0.07000000,1
1506548676,22420143,3539.90,0.41606825,0
1506548675,22420142,3539.89,0.06000000,0
1506548674,22420141,3539.88,4.97303343,0
1506548666,22420134,3539.88,0.02730107,0
1506548660,22420130,3539.88,1.35741347,0
1506548654,22420128,3539.88,0.15078355,0
1506548654,22420127,3539.88,1.52107891,0
1506548654,22420126,3539.88,0.02250970,0
1506548651,22420123,3539.88,0.26335719,0
1506548648,22420119,3539.88,0.51207065,0
1506548647,22420117,3539.88,0.75297800,0
1506548636,22420083,3539.88,0.00278424,0
1506548634,22420081,3539.87,0.01131315,0
1506548604,22420067,3539.87,0.01324009,0
1506548600,22420063,3530.01,0.02431806,1
1506548600,22420062,3531.00,0.09979042,1
1506548585,22420044,3539.88,0.02213343,0
1506548573,22420033,3531.00,0.00770603,1
1506548572,22420032,3532.71,0.00700000,0
1506548571,22420031,3532.71,0.01000000,1
1506548565,22420026,3539.88,0.01481950,0
1506548557,22420017,3539.88,0.04459320,0
1506548521,22419984,3539.89,0.01352189,0
1506548508,22419980,3531.00,0.74000000,1
1506548506,22419979,3531.90,0.01000000,1
1506548485,22419974,3539.90,0.00025000,0
1506548485,22419973,3539.89,0.07000000,0
1506548464,22419962,3539.90,0.28025000,0
1506548464,22419961,3539.89,0.06000000,0
1506548455,22419960,3539.89,0.01000000,0
1506548450,22419958,3539.90,0.00453685,0
1506548448,22419957,3539.89,0.08000000,0
1506548411,22419891,3539.90,0.27186258,0
1506548405,22419868,3539.99,0.85245750,0
1506548405,22419867,3539.98,0.02097908,0
1506548393,22419843,3539.99,0.05529811,0
1506548393,22419841,3539.98,0.04195816,0
1506548376,22419733,3540.00,0.25903329,0
1506548376,22419732,3539.99,0.00931589,0
1506548374,22419729,3539.99,0.11068411,0
1506548374,22419728,3539.99,0.19921589,0
1506548365,22419724,3530.00,0.00248106,1
1506548364,22419723,3532.00,0.00271431,1
1506548364,22419722,3532.80,0.01000000,1
1506548328,22419681,3539.98,0.03000000,0
1506548303,22419622,3539.98,0.00200000,0
1506548301,22419617,3532.00,0.13496441,1
1506548254,22419592,3540.00,0.07611037,0
1506548254,22419591,3539.98,0.02773462,0
1506548254,22419590,3539.97,0.11591631,0
1506548233,22419539,3539.99,0.02773821,0
1506548232,22419536,3539.98,0.02251179,0
1506548231,22419535,3539.98,0.02073915,0
1506548205,22419515,3540.98,0.09925000,0
1506548184,22419504,3540.98,0.02192295,0
1506548184,22419502,3540.40,0.01000000,0
1506548167,22419487,3540.99,0.03540729,0
1506548167,22419486,3540.98,0.03521068,0
1506548166,22419484,3540.98,0.09265000,0
1506548165,22419483,3540.98,0.03215496,0
1506548164,22419481,3540.98,0.01952056,0
1506548164,22419480,3540.85,0.01000000,0
1506548154,22419468,3540.85,0.14000000,1
1506548149,22419464,3540.98,0.00542600,0
1506548149,22419463,3540.85,0.00457400,0
1506548148,22419461,3540.85,0.07042600,1
1506548111,22419445,3540.98,0.02240006,0
1506548104,22419443,3540.98,0.00826404,0
1506548044,22419408,3540.85,0.79966885,0
1506548043,22419407,3537.40,0.01300000,0
1506548012,22419392,3540.85,0.03408494,0
1506548001,22419386,3540.87,0.01328189,0
1506547992,22419382,3540.89,0.03636021,0
1506547963,22419377,3540.93,0.00899987,0
1506547960,22419376,3540.93,0.02816743,0
1506547945,22419371,3540.96,0.01366795,0
1506547917,22419355,3540.46,0.04225722,0
1506547909,22419353,3540.46,0.02994273,0
1506547904,22419351,3540.45,0.01367440,0
1506547892,22419334,3529.48,0.00903126,1
1506547879,22419331,3529.40,0.00502867,1
1506547877,22419329,3529.48,0.15466848,1
1506547874,22419327,3540.40,0.02328730,0
1506547874,22419326,3540.40,0.18899841,1
1506547866,22419324,3540.60,0.18290529,0
1506547866,22419323,3538.53,0.02343625,0
1506547865,22419322,3535.00,0.02771200,0
1506547865,22419321,3534.96,0.14000000,0
1506547865,22419320,3533.21,0.07065667,0
1506547865,22419319,3529.50,0.11177356,0
1506547865,22419318,3529.50,0.10111362,0
1506547864,22419317,3529.50,3.76292516,0
1506547852,22419312,3529.50,0.01000000,0
1506547836,22419309,3529.50,0.02440879,0
1506547829,22419305,3529.50,0.04024369,0
1506547829,22419304,3529.50,0.01000000,0
1506547814,22419295,3529.50,0.27774584,0
1506547814,22419294,3529.50,0.28602420,0
1506547813,22419290,3529.48,0.02448701,1
1506547812,22419289,3529.50,0.22119865,0
1506547805,22419280,3529.49,0.02034300,0
1506547804,22419276,3529.48,0.01399000,1
1506547802,22419273,3529.48,0.00228442,1
1506547802,22419271,3529.48,0.00228442,1
1506547801,22419267,3529.48,0.00228567,1
1506547785,22419248,3529.40,0.06723194,1
1506547785,22419247,3529.41,0.00177633,1
1506547783,22419246,3529.41,0.00925219,1
1506547755,22419237,3529.50,0.02034849,0
1506547747,22419223,3529.50,0.00810838,0
1506547746,22419222,3529.50,0.08023806,0
1506547734,22419215,3529.50,0.50871512,0
1506547720,22419166,3529.50,0.03685506,0
1506547652,22419145,3529.50,0.08579119,0
1506547619,22419131,3529.50,0.00282476,0
1506547604,22419122,3529.50,0.10699693,0
1506547599,22419121,3529.50,0.01000000,0
1506547585,22419117,3529.50,0.14909329,0
1506547564,22419112,3529.50,0.02600084,0
1506547564,22419111,3529.50,0.02690932,0
1506547552,22419104,3529.50,1.37187785,0
1506547549,22419103,3529.50,0.13933480,0
1506547543,22419097,3529.50,0.00792725,0
1506547523,22419082,3529.50,0.05557281,0
1506547517,22419079,3529.40,0.04972965,1
1506547512,22419078,3529.49,0.05580448,0
1506547505,22419073,3529.40,0.01923563,1
1506547503,22419070,3529.40,0.03473672,1
1506547489,22419059,3529.49,0.01000000,0
1506547486,22419058,3529.40,0.29731096,1
1506547484,22419057,3529.50,0.06815000,0
1506547446,22419037,3529.50,0.01000000,0
1506547434,22419024,3529.50,0.01412948,0
1506547433,22419023,3529.50,0.46964081,0
1506547397,22419000,3529.50,0.01500000,0
1506547386,22418992,3529.50,0.26283326,0
1506547381,22418988,3529.40,0.14521072,1
1506547378,22418984,3529.49,0.08620165,0
1506547378,22418983,3529.48,0.12749562,0
1506547369,22418972,3529.49,0.02872160,1
1506547352,22418964,3529.50,2.26130330,0
1506547333,22418956,3529.50,0.01000000,0
1506547331,22418953,3529.50,0.00525019,0
1506547329,22418949,3529.40,0.00227464,1
1506547324,22418945,3529.50,0.02057802,0
1506547310,22418937,3529.49,0.02000000,0
1506547308,22418936,3523.36,0.13530883,0
1506547307,22418935,3523.36,0.10305607,0
1506547306,22418933,3523.36,0.02859203,0
1506547305,22418926,3523.36,0.04389559,0
1506547304,22418925,3523.36,0.02000000,0
1506547300,22418915,3523.36,0.02000000,0
1506547292,22418909,3523.36,0.13914748,0
1506547291,22418907,3523.36,0.01000000,1
1506547290,22418905,3529.50,0.27912700,0
1506547287,22418904,3529.50,0.02542482,0
1506547228,22418871,3529.47,0.18855388,0
1506547213,22418862,3529.50,0.01000000,0
1506547211,22418861,3529.44,0.68290777,0
1506547208,22418860,3529.16,0.41592014,0
1506547178,22418855,3529.42,0.01552740,0
1506547124,22418827,3529.49,0.00950000,0
1506547112,22418815,3529.32,0.07065667,0
1506547111,22418814,3529.35,0.01461911,0
1506547104,22418811,3515.01,0.91332867,1
1506547104,22418810,3516.00,0.06000000,1
1506547104,22418809,3516.00,0.02667133,0
1506547100,22418808,3516.30,1.62592117,0
1506547100,22418807,3516.30,0.25178946,0
1506547100,22418806,3518.20,1.00000000,1
1506547099,22418805,3519.65,0.01817347,1
1506547099,22418803,3520.00,0.14993388,1
1506547099,22418802,3520.21,1.00000000,0
1506547098,22418800,3525.00,0.01000000,0
1506547097,22418799,3525.00,0.02418202,1
1506547084,22418791,3529.50,0.02774403,0
1506547063,22418770,3529.50,0.01110837,0
1506547061,22418769,3525.00,0.03241088,1
1506547061,22418768,3525.00,0.02000000,1
1506547059,22418767,3527.00,0.10000000,1
1506547031,22418743,3529.50,0.27778516,0
1506547011,22418710,3529.50,0.04453557,0
1506546998,22418708,3529.50,0.15000000,0
1506546997,22418707,3529.50,0.01000000,0
1506546976,22418692,3529.50,9.84000000,0
1506546976,22418691,3529.49,0.16000000,0
1506546955,22418670,3529.50,2.72706877,0
1506546953,22418669,3529.49,0.19000000,0
1506546943,22418653,3529.49,0.05652375,0
1506546929,22418633,3525.00,0.10415740,1
1506546927,22418627,3525.00,0.12659428,1
1506546925,22418617,3525.00,0.11163067,1
1506546906,22418598,3529.49,0.05040958,0
1506546906,22418597,3529.00,0.02833664,0
1506546906,22418596,3529.00,0.05572716,0
1506546870,22418577,3525.00,0.04613216,1
1506546839,22418572,3525.00,0.14061178,1
1506546823,22418564,3529.00,0.01328453,0
1506546806,22418545,3529.00,0.09196656,0
1506546801,22418543,3529.00,0.01414523,0
1506546788,22418540,3529.00,0.39883871,0
1506546732,22418516,3525.00,0.76347535,1
1506546732,22418515,3528.99,0.14745737,1
1506546732,22418514,3528.99,0.11607591,1
1506546732,22418511,3528.99,0.01515553,0
1506546726,22418508,3525.00,0.53529079,1
1506546725,22418506,3525.00,0.12757200,1
1506546707,22418495,3528.80,0.09494289,0
1506546706,22418494,3528.79,0.01528862,0
1506546705,22418493,3528.79,0.01502244,0
1506546671,22418480,3528.80,0.71843235,1
1506546669,22418477,3528.80,0.00737002,1
1506546668,22418476,3528.80,2.40810000,1
1506546667,22418474,3528.79,0.23801233,1
1506546666,22418473,3528.79,0.06062212,0
1506546666,22418472,3528.77,0.02998244,0
1506546664,22418471,3520.01,0.03000000,1
1506546621,22418438,3528.79,0.01842884,0
1506546603,22418431,3528.79,0.02600608,0
1506546583,22418422,3528.79,0.01817347,0
1506546559,22418404,3528.00,5.65465608,0
1506546559,22418403,3527.99,0.20000000,0
1506546559,22418402,3527.30,2.00000000,0
1506546559,22418401,3527.30,2.40360000,0
1506546558,22418399,3527.27,0.23215449,0
1506546526,22418344,3527.80,0.10823307,0
1506546526,22418343,3527.00,0.25033324,0
1506546526,22418342,3526.99,0.01595528,0
1506546524,22418336,3515.01,0.01590500,1
1506546517,22418330,3514.41,0.23215449,1
1506546514,22418319,3514.34,0.00164100,0
1506546504,22418285,3514.34,0.01497293,1
1506546495,22418250,3527.00,0.04966676,0
1506546494,22418244,3526.99,0.05612810,0
1506546494,22418238,3524.33,0.14047926,0
1506546493,22418223,3523.00,0.03214241,0
1506546487,22418199,3523.00,0.00785759,0
1506546482,22418195,3520.99,1.21563357,0
1506546482,22418192,3520.98,0.03309041,0
1506546477,22418179,3520.99,0.02840110,0
1506546477,22418178,3520.96,1.44000000,1
1506546468,22418169,3520.99,0.03294652,0
1506546467,22418167,3520.96,0.08573231,1
1506546463,22418165,3520.96,0.98622984,0
1506546430,22418149,3520.99,0.01466459,0
1506546419,22418137,3520.96,0.01377016,0
1506546418,22418133,3515.03,0.02247058,0
1506546417,22418127,3515.03,0.09990131,0
1506546410,22418119,3513.58,0.18757021,1
1506546408,22418118,3515.03,0.91242979,1
1506546407,22418117,3515.00,0.14753789,0
1506546401,22418113,3515.00,0.25051893,0
1506546395,22418108,3515.00,0.01498435,0
1506546346,22418083,3513.58,0.01315860,1
1506546311,22418029,3515.00,0.02537648,0
1506546311,22418027,3515.00,0.02804677,0
1506546292,22418010,3515.00,0.01502024,0
1506546292,22418009,3515.00,0.37471777,0
1506546285,22418000,3515.00,0.14231297,0
1506546285,22417997,3515.00,0.24121398,0
1506546275,22417965,3515.00,0.01251778,0
1506546273,22417956,3515.00,0.25573641,0
1506546262,22417953,3513.58,0.25000000,1
1506546260,22417951,3520.99,0.68085000,0
1506546256,22417947,3513.58,0.30471172,1
1506546256,22417946,3513.59,0.01559297,1
1506546255,22417945,3516.00,0.20000000,1
1506546255,22417941,3516.96,0.01417986,1
1506546253,22417932,3517.75,0.71079545,1
1506546237,22417921,3520.99,0.01957688,0
1506546225,22417911,3520.99,0.00792734,0
1506546211,22417901,3521.00,0.63216529,0
1506546208,22417898,3517.75,0.28920455,1
1506546208,22417896,3518.00,0.08705920,1
1506546207,22417895,3518.01,0.02343625,1
1506546203,22417894,3521.00,0.27771597,0
1506546200,22417892,3521.11,0.14305978,1
1506546184,22417886,3524.92,0.26734806,0
1506546164,22417881,3525.00,0.02748525,0
1506546140,22417870,3521.11,0.17507743,1
1506546140,22417869,3525.00,0.09785168,0
1506546139,22417868,3525.00,0.03495308,0
1506546139,22417867,3525.00,0.14937926,0
1506546133,22417860,3521.11,0.15000000,1
1506546127,22417856,3521.11,0.03186279,1
1506546125,22417855,3525.00,0.77039743,1
1506546115,22417852,3525.00,0.03000000,1
1506546104,22417848,3525.00,0.15000000,1
1506546095,22417844,3529.00,0.31919523,0
1506546094,22417842,3528.00,0.02000000,0
1506546075,22417836,3529.40,0.27770654,0
1506546074,22417835,3529.40,0.02384448,0
1506546021,22417802,3529.50,0.11118074,0
1506546011,22417798,3529.88,0.00679910,0
1506546011,22417797,3529.88,0.00396614,0
1506546002,22417788,3529.88,0.01957900,0
1506546002,22417786,3529.88,0.02553611,0
1506545973,22417772,3529.88,0.01176620,0
1506545970,22417769,3529.88,0.27747251,0
1506545967,22417767,3529.90,0.28933164,0
1506545952,22417755,3529.90,0.10039244,0
1506545948,22417753,3529.90,0.01807239,0
1506545947,22417752,3529.90,0.02470561,0
1506545946,22417750,3529.98,0.17434906,1
1506545945,22417748,3529.98,0.10823044,0
1506545941,22417743,3529.99,0.23322353,0
1506545927,22417735,3525.00,0.04960257,1
1506545927,22417734,3526.18,0.02039743,1
1506545926,22417733,3526.56,0.01000000,1
1506545924,22417730,3529.99,0.02832059,0
1506545917,22417728,3530.00,0.01469951,0
1506545904,22417720,3530.00,0.02280487,0
1506545890,22417709,3531.88,1.13121261,0
1506545890,22417708,3531.00,0.10000000,0
1506545889,22417707,3530.00,0.97985174,0
1506545888,22417704,3530.00,0.07444200,0
1506545883,22417697,3530.00,0.01351015,0
1506545840,22417644,3528.00,0.02500000,1
1506545840,22417643,3528.00,0.41914984,1
1506545818,22417632,3528.00,0.01672504,1
1506545818,22417631,3530.50,0.04471066,1
1506545816,22417629,3530.65,0.01000000,1
1506545814,22417627,3532.00,0.25127690,0
1506545793,22417617,3532.00,0.10000000,0
1506545781,22417616,3532.00,0.02656295,0
1506545780,22417614,3532.00,0.02000000,0
1506545778,22417612,3532.00,0.01961495,0
1506545776,22417611,3532.00,0.02000000,0
1506545773,22417610,3532.00,0.02000000,0
1506545769,22417608,3532.00,0.02000000,0
1506545765,22417605,3532.00,0.02000000,0
1506545761,22417601,3532.98,0.02000000,0
1506545758,22417599,3532.98,0.02000000,0
1506545754,22417595,3532.99,0.02000000,0
1506545751,22417592,3532.99,0.02000000,0
1506545747,22417591,3532.99,0.02000000,0
1506545744,22417590,3532.99,0.02000000,0
1506545740,22417589,3532.99,0.02000000,0
1506545736,22417586,3532.99,0.02000000,0
1506545732,22417585,3532.99,0.02000000,0
1506545728,22417584,3532.99,0.02000000,0
1506545726,22417583,3532.99,0.03257971,0
1506545724,22417581,3532.99,0.02000000,0
1506545721,22417546,3532.99,0.01300614,0
1506545721,22417539,3532.99,0.02000000,0
1506545717,22417523,3532.99,0.02000000,0
1506545717,22417522,3528.00,0.49913377,1
1506545715,22417518,3530.50,0.38400000,1
1506545714,22417516,3532.99,0.01053652,0
1506545709,22417512,3532.99,0.01351610,0
1506545706,22417505,3533.00,0.02767042,0
1506545685,22417498,3533.00,0.41401522,0
1506545681,22417496,3530.50,0.47000000,1
1506545680,22417495,3533.00,0.10000000,0
1506545675,22417491,3533.00,0.11490518,0
1506545667,22417484,3533.00,0.03106885,0
1506545645,22417459,3533.00,0.02640312,0
1506545623,22417444,3533.00,0.01110523,0
1506545623,22417443,3533.00,0.02894940,0
1506545607,22417406,3535.56,0.02257021,0
1506545607,22417405,3535.00,0.08541768,0
1506545604,22417402,3535.56,0.01950408,0
1506545597,22417398,3533.00,2.17485600,1
1506545593,22417394,3535.00,0.16332301,1
1506545584,22417390,3538.88,0.02593193,0
1506545583,22417388,3535.00,0.09939900,1
1506545583,22417387,3535.39,0.01000000,1
1506545565,22417381,3538.88,0.06178903,0
1506545564,22417380,3538.88,0.01522835,0
1506545543,22417367,3535.00,0.08699795,1
1506545541,22417356,3538.99,0.03731010,0
1506545528,22417350,3539.98,0.07044390,0
1506545524,22417348,3539.98,0.01341900,0
1506545507,22417336,3539.99,0.13512307,0
1506545505,22417335,3535.00,0.02259652,1
1506545503,22417334,3540.00,0.02000000,0
1506545501,22417333,3535.00,0.01107700,1
1506545499,22417332,3541.30,0.02000000,0
1506545496,22417328,3541.38,0.02000000,0
1506545491,22417325,3539.98,0.02000000,0
1506545488,22417324,3539.98,0.02000000,0
1506545484,22417321,3539.98,0.02000000,0
1506545480,22417320,3539.98,0.02000000,0
1506545476,22417314,3539.98,0.02000000,0
1506545472,22417305,3539.98,0.02000000,0
1506545471,22417303,3539.98,0.13857108,0
1506545468,22417297,3539.98,0.02000000,0
1506545465,22417292,3539.98,0.02000000,0
1506545461,22417282,3539.98,0.02000000,0
1506545459,22417281,3539.98,0.05917600,0
1506545457,22417277,3539.98,0.02000000,0
1506545453,22417273,3539.99,0.02000000,0
1506545451,22417271,3539.99,0.07131602,0
1506545450,22417270,3539.99,0.02000000,0
1506545446,22417267,3539.99,0.02000000,0
1506545444,22417266,3539.98,0.23000000,0
1506545442,22417260,3539.98,0.02000000,0
1506545438,22417258,3539.98,0.02000000,0
1506545437,22417255,3535.00,0.30813756,1
1506545435,22417254,3539.98,0.02000000,0
1506545431,22417237,3536.17,0.02000000,0
1506545427,22417227,3536.17,0.02000000,0
1506545426,22417224,3536.17,0.01413881,0
1506545424,22417220,3535.00,0.13600000,1
1506545423,22417219,3536.17,0.02000000,0
1506545421,22417214,3536.17,0.12108431,0
1506545420,22417213,3536.17,0.02000000,0
1506545416,22417204,3536.17,0.02000000,0
1506545413,22417203,3536.17,0.04376897,0
1506545413,22417202,3536.17,0.02000000,0
1506545409,22417199,3536.17,0.02000000,0
1506545406,22417187,3536.17,0.02000000,0
1506545404,22417185,3536.17,0.11283394,0
1506545404,22417183,3536.17,0.11283394,0
1506545402,22417182,3536.17,0.02000000,0
1506545397,22417180,3536.17,0.02000000,0
1506545394,22417177,3536.17,0.02000000,0
1506545390,22417175,3536.17,0.02000000,0
1506545387,22417174,3536.17,0.01136201,0
1506545386,22417172,3536.17,0.02000000,0
1506545385,22417171,3536.17,0.04150118,0
1506545384,22417170,3536.17,0.01323363,0
1506545383,22417167,3535.00,0.17246896,1
1506545383,22417166,3536.17,0.34569026,0
1506545382,22417163,3536.17,0.02000000,0
1506545378,22417159,3536.17,0.02000000,0
1506545373,22417155,3536.17,0.02000000,0
1506545371,22417153,3536.17,0.13373391,0
1506545370,22417152,3536.17,0.02000000,0
1506545367,22417148,3536.17,0.02000000,0
1506545362,22417147,3536.17,0.02000000,0
1506545358,22417143,3536.17,0.02000000,0
1506545354,22417140,3536.17,0.02000000,0
1506545348,22417130,3541.81,0.02000000,0
1506545344,22417127,3541.81,0.02000000,0
1506545336,22417118,3537.73,0.01000000,1
1506545326,22417111,3541.81,0.05445180,0
1506545305,22417105,3541.81,0.02706833,0
1506545305,22417104,3541.81,5.02378321,0
1506545305,22417103,3541.80,2.39340000,0
1506545303,22417102,3541.81,0.00789504,0
1506545302,22417098,3535.90,0.01000000,1
1506545289,22417088,3535.01,0.00150000,1
1506545284,22417083,3543.89,0.02710132,0
1506545276,22417070,3543.89,0.00440744,0
1506545269,22417068,3535.01,0.08617130,1
1506545267,22417066,3538.73,0.01000000,1
1506545265,22417064,3543.90,0.00812899,0
1506545263,22417060,3543.90,0.02737731,0
1506545263,22417059,3542.99,0.00878669,0
1506545258,22417052,3542.99,0.14121331,0
1506545245,22417048,3543.90,0.08444087,0
1506545241,22417045,3543.90,0.01925000,0
1506545236,22417043,3543.80,0.14057711,0
1506545235,22417035,3543.80,0.04675507,0
1506545234,22417031,3543.80,0.16198444,0
1506545226,22416995,3543.99,0.09801556,0
1506545226,22416993,3543.80,2.39530000,0
1506545226,22416992,3542.90,0.26288580,0
1506545222,22416985,3542.90,0.00823046,0
1506545214,22416977,3542.90,0.00965583,0
1506545203,22416966,3542.90,0.01949532,0
1506545202,22416965,3542.89,0.02860763,1
1506545201,22416962,3542.89,0.34606717,0
1506545201,22416961,3535.01,0.02821031,1
1506545173,22416936,3543.79,0.12401129,0
1506545158,22416923,3535.01,0.30000000,1
1506545154,22416922,3543.69,0.01000000,1
1506545144,22416914,3543.90,0.28025000,0
1506545129,22416907,3543.90,0.08194455,0
1506545127,22416906,3543.90,0.19194870,0
1506545115,22416901,3543.90,0.08977100,0
1506545107,22416899,3543.90,0.02587329,0
1506545106,22416896,3543.89,0.13489792,0
1506545096,22416891,3543.90,0.30000000,0
1506545094,22416890,3534.14,0.00250000,1
1506545089,22416889,3543.89,0.06135000,0
1506545087,22416888,3543.90,0.01306693,0
1506545084,22416887,3534.14,0.00242269,1
1506545084,22416885,3543.90,0.91916114,1
1506545078,22416879,3543.99,0.10000000,0
1506545072,22416873,3544.00,0.01000000,0
1506545064,22416867,3543.90,0.28250164,1
1506545061,22416862,3543.90,2.65488864,1
1506545061,22416860,3543.90,0.00250000,1
1506545061,22416859,3543.90,0.00250000,1
1506545060,22416857,3543.90,0.00250000,1
1506545060,22416856,3543.90,0.00250000,1
1506545055,22416851,3543.99,0.10000000,0
1506545049,22416848,3543.90,0.10000000,1
1506545049,22416846,3543.90,0.66313941,1
1506545049,22416845,3543.90,0.07492194,1
1506545046,22416843,3543.90,0.17094195,1
1506545045,22416842,3543.90,0.11221945,1
1506545043,22416837,3543.90,0.28378871,1
1506545039,22416832,3543.90,0.11995595,1
1506545037,22416828,3543.90,0.18476126,1
1506545036,22416826,3543.90,0.28375752,1
1506545035,22416823,3543.99,0.01000000,0
1506545032,22416821,3543.90,0.25992541,1
1506545026,22416816,3543.90,1.80710594,0
1506545005,22416788,3543.90,0.05468673,0
1506545003,22416787,3534.14,0.24342307,1
1506545003,22416786,3535.01,0.05657693,1
1506544990,22416783,3543.89,0.03081924,0
1506544984,22416780,3535.01,0.05750273,1
1506544984,22416779,3535.50,0.03200000,1
1506544976,22416776,3543.90,0.07266528,0
1506544975,22416774,3535.01,0.34000000,1
1506544975,22416771,3535.02,0.30000000,1
1506544974,22416766,3538.69,0.01000000,1
1506544949,22416758,3543.90,0.06948260,0
1506544927,22416747,3543.90,0.18598436,0
1506544913,22416735,3543.90,0.04581041,0
1506544904,22416638,3543.90,0.01516004,0
1506544898,22416608,3543.90,0.01000000,0
1506544887,22416600,3543.90,0.05439025,0
1506544879,22416598,3543.90,0.05553055,0
1506544846,22416571,3543.90,0.02618384,0
1506544835,22416555,3544.00,26.45470162,0
1506544835,22416554,3543.88,1.19216897,0
1506544835,22416553,3543.80,2.35312941,0
1506544835,22416552,3543.80,0.04167059,0
1506544807,22416526,3543.80,0.21173400,0
1506544807,22416524,3543.80,0.84443535,0
1506544805,22416523,3543.80,0.01035164,0
1506544805,22416521,3543.80,0.21173400,0
1506544805,22416520,3543.79,0.06073228,0
1506544796,22416511,3535.01,0.00550298,1
1506544783,22416501,3535.01,0.05410761,1
1506544783,22416500,3535.01,0.20000000,1
1506544783,22416499,3535.90,0.00773778,1
1506544769,22416493,3543.80,0.04166271,0
1506544759,22416485,3535.90,0.00226222,1
1506544754,22416484,3543.80,0.73001068,0
1506544754,22416483,3543.79,0.95696530,0
1506544744,22416472,3543.88,0.08186986,0
1506544711,22416382,3543.88,0.10653778,0
1506544709,22416369,3543.88,0.01525121,0
1506544709,22416365,3543.88,0.55337161,0
1506544708,22416358,3543.88,0.02801790,0
1506544707,22416353,3543.88,0.02278267,0
1506544707,22416349,3543.40,0.15013607,0
1506544706,22416345,3535.00,0.11022586,1
1506544705,22416342,3543.50,0.02000000,0
1506544705,22416337,3535.00,0.01970488,1
1506544705,22416334,3543.50,0.92449422,0
1506544705,22416332,3535.01,0.07550578,0
1506544701,22416309,3535.01,0.02000000,0
1506544697,22416285,3535.01,0.02000000,0
1506544696,22416271,3535.01,0.02513877,0
1506544689,22416217,3535.01,0.01000000,0
1506544684,22416178,3535.01,0.02680088,0
1506544683,22416171,3543.79,0.02589593,0
1506544675,22416159,3543.70,0.08183347,0
1506544666,22416155,3535.00,0.23963279,1
1506544665,22416154,3535.00,0.72164568,1
1506544664,22416153,3535.01,0.74036721,1
1506544661,22416149,3543.79,0.08316833,0
1506544652,22416147,3535.01,0.30000000,1
1506544647,22416143,3543.80,0.03413824,0
1506544647,22416142,3543.79,0.04727872,0
1506544646,22416139,3543.78,0.01322430,0
1506544644,22416136,3543.60,0.05533295,0
1506544641,22416135,3543.68,0.90870358,0
1506544615,22416129,3535.00,0.36104574,1
1506544602,22416123,3535.00,1.27245924,1
1506544602,22416122,3535.01,0.80133709,1
1506544597,22416117,3535.01,0.15457607,1
1506544591,22416111,3544.00,0.00281300,0
1506544582,22416081,3544.70,0.38797077,0
1506544581,22416078,3535.18,0.08757021,1
1506544572,22416055,3544.68,0.01000000,0
1506544570,22416052,3544.68,0.85213254,0
1506544570,22416051,3544.60,2.39740000,0
1506544570,22416050,3544.49,0.10251956,0
1506544563,22416044,3544.68,0.00943218,0
1506544502,22416028,3544.70,0.31300000,0
1506544484,22416020,3534.14,0.01385273,1
1506544457,22415993,3533.49,0.11141547,1
1506544445,22415988,3544.90,0.08505453,0
1506544445,22415987,3544.89,0.02588728,0
1506544443,22415986,3544.88,0.01849502,0
1506544428,22415981,3544.80,0.61388323,0
1506544428,22415980,3544.40,0.03699003,0
1506544428,22415979,3544.37,0.34912674,0
1506544387,22415957,3544.60,0.01314821,0
1506544385,22415955,3544.93,0.02428507,1
1506544385,22415954,3544.89,0.00160000,0
1506544374,22415947,3544.63,0.56288244,0
1506544351,22415932,3542.00,0.25730834,0
1506544351,22415931,3541.96,0.09826514,0
1506544351,22415930,3541.96,0.12545139,0
1506544351,22415929,3541.96,0.03886500,0
1506544345,22415927,3541.97,0.00817745,0
1506544319,22415917,3533.04,0.05400000,1
1506544285,22415900,3543.86,0.01308166,0
1506544256,22415874,3531.37,0.10555323,1
1506544242,22415872,3544.30,0.04168529,0
1506544220,22415771,3531.37,0.05130690,1
1506544219,22415769,3543.09,0.01000000,0
1506544214,22415765,3543.49,0.01090616,0
1506544214,22415764,3543.26,0.05854929,1
1506544211,22415762,3543.07,0.06604668,0
1506544204,22415757,3543.30,0.00871398,0
1506544204,22415756,3543.30,0.00318347,0
1506544201,22415753,3531.37,0.03000000,1
1506544169,22415746,3540.00,0.07656308,1
1506544168,22415744,3540.00,0.05854929,1
1506544165,22415739,3540.00,0.03886500,1
1506544155,22415719,3540.00,0.03887000,1
1506544153,22415717,3544.57,0.13855274,1
1506544152,22415716,3544.57,0.04825000,0
1506544125,22415704,3544.95,0.01112584,0
1506544124,22415703,3544.93,0.01999717,0
1506544110,22415684,3530.56,0.61185499,1
1506544097,22415667,3543.96,0.75025000,0
1506544095,22415664,3543.80,2.00000000,0
1506544094,22415662,3543.77,0.01134433,0
1506544065,22415647,3540.00,0.02701457,0
1506544051,22415644,3539.77,0.03198589,0
1506544041,22415632,3540.00,0.08056306,1
1506544041,22415631,3540.00,0.02388100,1
1506544039,22415627,3540.00,0.02385594,1
1506544038,22415626,3540.00,0.07170000,1
1506544023,22415617,3541.50,0.02661498,0
1506544023,22415615,3541.50,0.26194550,0
1506544016,22415612,3541.57,0.69851454,0
1506544015,22415610,3541.60,0.04050000,0
1506544006,22415606,3541.80,0.03207604,0
1506544005,22415602,3542.00,0.00422527,0
1506544004,22415601,3541.97,0.02330624,0
1506543999,22415592,3541.94,0.02330822,0
1506543974,22415579,3541.50,0.05530000,0
1506543973,22415578,3541.50,0.00882964,0
1506543973,22415577,3541.50,2.39220000,0
1506543973,22415576,3540.20,0.17070788,0
1506543972,22415573,3537.00,0.17851248,0
1506543969,22415568,3537.00,0.50058524,0
1506543965,22415567,3537.00,0.27882624,0
1506543963,22415565,3537.00,0.02020286,0
1506543951,22415552,3537.00,0.02000000,0
1506543947,22415551,3537.00,0.02000000,0
1506543943,22415548,3537.00,0.02000000,0
1506543940,22415547,3537.00,0.02000000,0
1506543939,22415546,3537.00,0.24945999,0
1506543938,22415543,3537.00,0.46899297,0
1506543938,22415542,3536.99,0.53100703,0
1506543936,22415539,3536.99,0.02000000,0
1506543932,22415537,3536.99,0.02000000,0
1506543929,22415536,3528.00,0.06499135,1
1506543928,22415534,3536.92,0.02000000,0
1506543924,22415532,3537.00,0.02000000,0
1506543922,22415526,3528.06,0.23797064,1
1506543921,22415523,3537.00,0.02000000,0
1506543917,22415520,3537.00,0.02000000,0
1506543913,22415515,3537.00,0.02000000,0
1506543913,22415514,3537.00,0.13893031,0
1506543909,22415511,3537.00,0.02000000,0
1506543906,22415508,3536.99,0.02000000,0
1506543902,22415506,3536.94,0.01996717,0
1506543902,22415505,3534.72,0.00003283,0
1506543897,22415499,3534.72,0.02000000,0
1506543894,22415498,3534.72,0.02000000,0
1506543890,22415497,3534.72,0.02000000,0
1506543886,22415493,3534.72,0.02000000,0
1506543883,22415492,3534.72,0.02000000,0
1506543879,22415486,3534.72,0.02000000,0
1506543876,22415484,3536.99,0.02000000,0
1506543872,22415483,3536.99,0.02000000,0
1506543868,22415481,3536.99,0.02000000,0
1506543867,22415480,3536.93,0.00140800,0
1506543865,22415478,3525.64,0.03500000,1
1506543853,22415475,3536.95,0.20735026,1
1506543853,22415474,3536.17,0.02628603,0
1506543853,22415473,3535.00,0.03628145,0
1506543851,22415471,3534.75,0.06356246,0
1506543846,22415466,3521.35,0.30000000,1
1506543845,22415465,3534.72,0.02751345,0
1506543824,22415442,3534.72,0.05334295,0
1506543812,22415436,3534.75,0.02104969,0
1506543805,22415432,3534.75,0.02257731,0
1506543804,22415431,3534.72,0.01777793,0
1506543742,22415383,3534.81,0.02000000,0
1506543738,22415381,3535.01,0.02000000,0
1506543737,22415380,3534.80,0.14110964,0
1506543734,22415378,3534.87,0.02000000,0
1506543730,22415375,3534.86,0.02000000,0
1506543726,22415374,3534.90,0.02000000,0
1506543723,22415371,3534.91,0.06490122,0
1506543722,22415369,3534.90,0.00967169,0
1506543722,22415368,3526.12,0.01032831,0
1506543718,22415366,3526.12,0.07186196,0
1506543718,22415365,3526.12,0.02000000,0
1506543714,22415364,3526.12,0.02000000,0
1506543710,22415362,3526.12,0.02000000,0
1506543707,22415360,3526.12,0.01490973,1
1506543707,22415359,3535.01,0.00429947,0
1506543706,22415358,3534.96,0.01570053,0
1506543703,22415354,3535.01,0.02000000,0
1506543702,22415353,3534.98,0.28217981,0
1506543698,22415350,3535.12,0.02000000,0
1506543695,22415349,3535.12,0.02000000,0
1506543691,22415346,3535.90,0.00859894,0
1506543691,22415345,3535.83,0.01140106,0
1506543688,22415344,3535.83,0.02000000,0
1506543683,22415339,3535.84,0.02000000,0
1506543674,22415334,3536.04,0.15074483,0
1506543674,22415333,3529.11,0.10007610,0
1506543652,22415329,3519.20,0.62323459,1
1506543652,22415328,3519.23,0.37676541,1
1506543627,22415321,3535.14,0.00925000,0
1506543624,22415320,3535.21,0.02243744,0
1506543618,22415317,3519.43,0.04439153,1
1506543618,22415316,3519.43,0.10000000,1
1506543614,22415315,3535.23,0.01000000,1
1506543610,22415311,3536.90,0.02334070,0
1506543606,22415308,3536.91,0.03090268,1
1506543606,22415307,3535.16,0.01543008,0
1506543605,22415306,3535.16,0.00803649,0
1506543604,22415303,3535.08,0.06280212,0
1506543604,22415302,3534.00,0.30000000,0
1506543589,22415258,3526.59,0.04500000,1
1506543548,22415237,3535.08,0.01236631,0
1506543548,22415236,3535.07,0.12560425,0
1506543546,22415231,3535.08,0.00816856,0
1506543544,22415229,3535.04,0.02089579,0
1506543536,22415221,3535.12,0.04068162,0
1506543530,22415216,3535.15,0.08755759,0
1506543527,22415199,3518.00,0.33924837,0
1506543526,22415190,3518.00,0.06845960,0
1506543525,22415189,3516.00,0.43732578,1
1506543525,22415187,3516.17,0.18000000,1
1506543524,22415185,3516.19,0.12500000,1
1506543524,22415181,3516.20,0.70400000,1
1506543524,22415173,3516.21,0.02346657,1
1506543524,22415161,3518.00,1.25749000,0
1506543524,22415157,3518.00,0.02836850,0
1506543523,22415148,3518.00,0.11423353,0
1506543519,22415147,3536.11,0.29875547,1
1506543518,22415146,3536.11,0.03100000,0
1506543517,22415145,3516.18,0.49000000,1
1506543517,22415144,3518.11,0.01000000,1
1506543474,22415128,3536.84,0.02767747,0
1506543444,22415118,3516.00,0.19834823,1
1506543444,22415117,3517.13,0.32668120,1
1506543444,22415116,3517.14,0.20000000,1
1506543444,22415115,3517.17,0.72200000,1
1506543405,22415078,3537.92,0.02635247,0
1506543404,22415077,3537.89,0.02826400,0
1506543404,22415076,3515.00,1.68246388,1
1506543404,22415075,3515.01,0.67644457,1
1506543404,22415074,3517.00,0.19000000,1
1506543404,22415073,3517.05,0.25000000,1
1506543404,22415072,3517.06,0.10000000,1
1506543355,22415053,3530.00,0.09800000,1
1506543345,22415050,3538.87,0.03736342,0
1506543345,22415049,3538.80,0.03000000,0
1506543337,22415046,3515.16,0.03000000,1
1506543322,22415036,3515.00,0.33304621,1
1506543322,22415035,3515.09,0.04000000,1
1506543321,22415034,3522.00,0.80000000,1
1506543321,22415033,3522.46,0.46991503,1
1506543321,22415032,3531.86,0.00802780,1
1506543320,22415031,3531.10,0.00197220,0
1506543319,22415029,3522.00,0.05508497,0
1506543319,22415028,3522.34,0.40000000,1
1506543318,22415027,3522.35,0.21000000,0
1506543318,22415026,3522.45,0.13700793,1
1506543316,22415023,3531.11,0.02770000,0
1506543316,22415022,3531.11,0.07020710,1
1506543305,22415015,3538.66,0.01275383,0
1506543305,22415014,3538.62,0.01624000,0
1506543303,22415012,3538.59,0.00602000,0
1506543281,22415005,3538.94,0.01000000,0
1506543271,22414999,3539.07,0.00301527,1
1506543261,22414994,3522.05,0.01472603,1
1506543260,22414993,3539.04,0.02000000,0
1506543257,22414989,3539.08,0.02000000,0
1506543252,22414987,3539.09,0.02000000,0
1506543249,22414985,3539.11,0.02000000,0
1506543245,22414984,3539.09,0.02000000,0
1506543243,22414981,3539.12,0.06482402,0
1506543242,22414976,3539.15,0.02000000,0
1506543237,22414973,3539.17,0.02000000,0
1506543237,22414972,3514.97,0.09851850,1
1506543235,22414964,3539.17,0.00376000,0
1506543235,22414962,3539.17,0.02000000,0
1506543233,22414961,3539.18,0.02331773,0
1506543232,22414959,3514.96,0.17760437,0
1506543232,22414958,3514.96,0.10000000,0
1506543231,22414957,3514.96,0.51400000,1
1506543230,22414954,3539.19,0.02000000,0
1506543227,22414952,3539.20,0.02000000,0
1506543224,22414950,3539.26,0.05388067,0
1506543223,22414949,3539.22,0.08703181,0
1506543222,22414948,3539.23,0.02000000,0
1506543221,22414947,3539.21,0.00396000,0
1506543220,22414946,3539.27,0.09777964,0
1506543219,22414945,3514.96,0.08703181,1
1506543219,22414944,3539.24,0.02000000,0
1506543215,22414943,3539.31,0.00441000,0
1506543215,22414942,3539.31,0.02000000,0
1506543212,22414939,3539.33,0.04112135,0
1506543211,22414936,3539.34,0.02000000,0
1506543208,22414933,3539.34,0.02000000,0
1506543207,22414930,3539.36,0.30073414,0
1506543207,22414929,3539.36,0.00860345,0
1506543207,22414928,3539.36,0.08366450,0
1506543207,22414926,3539.36,0.04517952,0
1506543206,22414925,3539.36,0.02255253,0
1506543205,22414924,3539.32,0.03861244,0
1506543205,22414923,3539.32,0.19194731,0
1506543205,22414922,3539.32,0.09252505,0
1506543205,22414921,3539.32,0.02000000,0
1506543205,22414920,3539.34,0.16802322,1
1506543203,22414919,3539.34,0.13629691,1
1506543203,22414917,3539.34,0.19754522,1
1506543203,22414916,3539.34,0.00398000,1
1506543202,22414915,3539.34,0.05000000,1
1506543202,22414914,3539.34,0.07304793,1
1506543201,22414913,3539.33,0.02000000,0
1506543193,22414902,3514.91,0.05000000,1
1506543192,22414900,3539.41,0.25688479,0
1506543192,22414899,3539.41,0.16550730,0
1506543192,22414898,3539.41,0.09818357,0
1506543190,22414894,3539.42,0.02332495,0
1506543188,22414883,3509.00,2.59784396,1
1506543188,22414881,3509.00,0.28000000,0
1506543187,22414879,3509.01,0.22500000,0
1506543187,22414877,3510.97,0.30000000,1
1506543187,22414876,3510.97,0.25789303,0
1506543186,22414875,3512.88,0.03000000,1
1506543186,22414873,3515.00,2.00000000,0
1506543186,22414872,3515.00,0.16000000,1
1506543186,22414871,3515.00,1.35410196,1
1506543185,22414870,3515.00,0.05096580,1
1506543185,22414868,3515.01,0.21454167,0
1506543185,22414867,3515.01,0.50000000,0
1506543185,22414866,3515.01,0.00368000,0
1506543184,22414865,3519.45,0.00250000,1
1506543184,22414864,3519.45,0.02600439,0
1506543184,22414859,3519.46,0.28000000,1
1506543183,22414858,3521.96,0.02628526,1
1506543183,22414857,3522.17,0.36031657,1
1506543182,22414854,3529.02,0.00169452,1
1506543178,22414852,3539.45,0.00730000,0
1506543177,22414851,3539.43,0.02818250,0
1506543174,22414850,3539.44,0.01318000,1
1506543166,22414847,3539.46,0.03450165,0
1506543164,22414846,3539.44,0.01549835,0
1506543158,22414844,3539.42,0.08454775,0
1506543145,22414825,3539.70,0.01351074,0
1506543132,22414814,3539.79,0.01000000,0
1506543128,22414809,3539.80,0.00168936,0
1506543124,22414806,3539.88,0.02592460,0
1506543113,22414793,3539.90,0.00000165,1
1506543112,22414789,3539.88,0.01405980,1
1506543111,22414787,3539.88,0.00579473,0
1506543084,22414756,3543.52,0.03180000,0
1506543079,22414753,3543.69,0.09851850,0
1506543046,22414718,3544.32,0.00776371,0
1506543044,22414716,3544.33,0.02225000,0
1506543036,22414713,3515.81,0.00373000,1
1506543029,22414707,3544.77,0.12535967,1
1506543028,22414700,3544.80,0.10916048,0
1506543021,22414687,3515.57,0.05000000,1
1506543013,22414676,3515.00,0.09640049,1
1506543013,22414675,3515.01,0.06000000,1
1506543013,22414674,3515.02,0.04955920,1
1506543013,22414673,3515.46,0.14400000,1
1506543013,22414672,3515.48,0.95004031,1
1506543013,22414671,3515.48,0.68400000,1
1506543009,22414665,3545.11,0.10770850,0
1506542998,22414630,3515.00,0.04983322,1
1506542997,22414627,3515.00,0.06606984,0
1506542997,22414623,3515.02,0.75600000,0
1506542997,22414622,3515.02,0.00682714,0
1506542995,22414621,3519.85,0.02126980,1
1506542989,22414619,3515.00,0.15341653,1
1506542989,22414618,3515.00,0.79528200,1
1506542989,22414616,3515.56,1.01715000,1
1506542989,22414614,3516.12,0.03000000,1
1506542989,22414613,3516.65,0.11289700,1
1506542989,22414612,3516.69,0.21763100,1
1506542988,22414611,3516.78,0.07000000,1
1506542988,22414610,3519.78,1.08854000,1
1506542988,22414608,3519.83,0.36000000,1
1506542988,22414607,3519.84,0.01550000,1
1506542986,22414604,3545.57,0.02590269,0
1506542984,22414602,3531.03,0.01510000,1
1506542972,22414592,3546.00,0.03343227,0
1506542971,22414590,3531.03,0.17699009,0
1506542965,22414575,3547.31,0.02632956,0
1506542964,22414574,3541.17,0.01000000,0
1506542961,22414568,3548.50,0.18293927,1
1506542961,22414565,3548.50,0.18293927,1
1506542955,22414563,3548.70,0.15822383,0
1506542947,22414553,3516.69,2.14202108,1
1506542947,22414552,3516.70,0.45000000,0
1506542946,22414550,3516.70,2.00000000,0
1506542946,22414549,3519.61,0.22381127,0
1506542946,22414548,3519.71,0.29750889,1
1506542945,22414547,3520.00,0.02000000,1
1506542945,22414546,3520.00,0.25379830,1
1506542945,22414545,3525.00,0.01000000,1
1506542945,22414544,3525.00,0.06543695,1
1506542945,22414543,3525.01,0.08000000,1
1506542944,22414542,3527.96,1.00000000,0
1506542944,22414541,3527.96,0.01320556,0
1506542944,22414540,3528.85,1.00000000,1
1506542943,22414539,3530.61,0.05474719,1
1506542943,22414538,3530.61,0.75200000,0
1506542943,22414534,3530.62,0.00500000,1
1506542942,22414532,3530.99,0.30000000,1
1506542942,22414531,3531.84,0.09720995,1
1506542942,22414530,3532.00,0.02100000,1
1506542942,22414529,3532.55,1.62590229,1
1506542941,22414527,3532.56,0.40000000,1
1506542941,22414525,3532.56,0.01000000,0
1506542941,22414524,3532.95,0.12003283,0
1506542940,22414523,3533.43,0.08100000,0
1506542940,22414521,3533.43,0.02332569,0
1506542938,22414519,3533.44,0.99000000,0
1506542938,22414518,3533.44,0.10000000,1
1506542927,22414493,3549.26,0.00562089,0
1506542905,22414480,3532.95,0.01000000,0
1506542891,22414472,3549.30,0.10081424,0
1506542891,22414471,3549.27,0.08208311,0
1506542891,22414470,3549.27,0.18289958,0
1506542886,22414467,3549.46,0.01225000,0
1506542874,22414449,3537.25,0.25000000,1
1506542869,22414443,3532.55,0.06885079,1
1506542869,22414442,3535.00,0.01500000,1
1506542869,22414441,3537.10,0.01000000,1
1506542846,22414417,3535.33,0.33451656,0
1506542844,22414414,3540.00,0.54598306,1
1506542840,22414407,3549.89,0.09385079,0
1506542838,22414400,3540.00,0.30401694,1
1506542838,22414399,3540.00,0.10400000,1
1506542838,22414398,3542.42,0.01000000,1
1506542806,22414354,3541.60,0.05975566,1
1506542806,22414353,3542.00,0.11293054,1
1506542805,22414352,3542.77,0.08508196,1
1506542805,22414350,3545.00,0.19742145,1
1506542805,22414348,3545.00,0.04024185,0
1506542804,22414347,3545.49,0.01000000,1
1506542748,22414223,3545.00,0.02752958,1
1506542748,22414222,3549.79,0.05620050,0
1506542735,22414205,3545.00,0.12504897,1
1506542735,22414204,3545.00,0.02133247,1
1506542732,22414202,3549.90,0.02000000,0
1506542728,22414199,3549.89,0.02000000,0
1506542725,22414193,3549.89,0.02000000,0
1506542721,22414173,3549.90,0.02000000,0
1506542718,22414166,3545.00,0.24166753,1
1506542718,22414165,3545.00,0.09690794,1
1506542717,22414162,3545.00,0.20095924,1
1506542716,22414160,3549.89,0.02000000,0
1506542713,22414157,3549.89,0.02000000,0
1506542709,22414156,3549.90,0.02000000,0
1506542705,22414152,3549.90,0.02000000,0
1506542702,22414148,3549.90,0.02000000,0
1506542699,22414145,3549.90,0.02000000,0
1506542696,22414139,3545.00,0.02392948,1
1506542695,22414138,3549.90,0.02000000,0
1506542692,22414134,3549.90,0.02000000,0
1506542688,22414132,3549.90,0.02000000,0
1506542684,22414129,3549.90,0.02000000,0
1506542681,22414128,3545.00,0.37390414,1
1506542681,22414127,3549.90,0.02000000,0
1506542677,22414126,3549.90,0.02000000,0
1506542674,22414121,3545.00,0.01914900,1
1506542673,22414118,3549.90,0.02000000,0
1506542669,22414109,3549.90,0.02000000,0
1506542666,22414105,3549.90,0.05619877,0
1506542666,22414103,3549.90,0.02000000,0
1506542663,22414091,3549.90,0.02000000,0
1506542661,22414087,3545.00,0.07325520,1
1506542661,22414085,3549.90,0.06768885,0
1506542659,22414077,3549.90,0.02000000,0
1506542655,22414059,3549.90,0.07447125,0
1506542655,22414058,3549.90,0.01405725,0
1506542654,22414057,3549.90,0.02000000,0
1506542651,22414049,3549.90,0.02000000,0
1506542648,22414035,3549.90,0.02623195,0
1506542646,22414033,3545.00,0.02311900,1
1506542645,22414031,3549.90,0.02000000,0
1506542641,22414013,3549.90,0.02000000,0
1506542637,22413997,3549.90,0.02000000,0
1506542634,22413981,3549.90,0.02000000,0
1506542630,22413966,3549.90,0.02000000,0
1506542626,22413955,3549.90,0.02000000,0
1506542624,22413952,3545.00,0.14560160,1
1506542623,22413949,3549.90,0.02000000,0
1506542619,22413947,3549.90,0.02000000,0
1506542618,22413945,3549.90,0.02322713,0
1506542616,22413943,3549.90,0.02000000,0
1506542613,22413941,3549.90,0.02000000,0
1506542609,22413938,3549.90,0.02000000,0
1506542608,22413937,3549.90,0.05168098,0
1506542608,22413936,3549.89,0.01712843,0
1506542605,22413928,3549.90,0.02000000,0
1506542602,22413921,3549.80,0.02000000,0
1506542599,22413914,3550.00,0.02000000,0
1506542595,22413911,3550.00,0.02000000,0
1506542592,22413905,3550.00,0.00574314,0
1506542592,22413904,3549.89,0.01425686,0
1506542588,22413897,3549.89,0.02000000,0
1506542584,22413891,3549.90,0.02000000,0
1506542579,22413886,3550.00,0.02000000,0
1506542573,22413877,3553.90,1.55484397,0
1506542573,22413875,3553.89,0.24098936,0
1506542572,22413874,3550.00,0.36720092,1
1506542572,22413873,3550.00,0.06625464,0
1506542567,22413867,3550.00,0.02948636,0
1506542567,22413864,3546.95,0.02444000,0
1506542557,22413846,3545.01,0.13677627,1
1506542556,22413845,3545.01,0.05956466,0
1506542554,22413841,3545.01,0.04483599,1
1506542553,22413834,3546.69,0.00000192,1
1506542552,22413827,3546.69,0.03435316,1
1506542543,22413797,3546.95,0.23736300,1
1506542537,22413769,3546.95,0.02799600,1
1506542528,22413763,3546.95,0.03989300,1
1506542507,22413669,3546.72,0.05068316,1
1506542507,22413667,3546.94,0.08000000,1
1506542507,22413665,3550.00,0.00537655,1
1506542496,22413585,3550.00,0.00024345,1
1506542496,22413584,3552.09,0.08193986,1
1506542487,22413564,3554.38,0.01492106,0
1506542485,22413561,3554.38,0.05347636,0
1506542483,22413556,3554.30,0.43176541,0
1506542477,22413549,3554.20,0.02783560,0
1506542476,22413547,3554.20,0.04295999,0
1506542475,22413545,3554.20,0.00386065,0
1506542475,22413541,3554.18,0.09113075,0
1506542433,22413455,3552.09,0.01806014,0
1506542403,22413350,3552.09,0.00787509,0
1506542394,22413345,3552.06,0.39533700,0
1506542394,22413344,3550.34,0.02696600,0
1506542382,22413337,3546.69,0.02189455,1
1506542381,22413331,3550.34,0.02810545,1
1506542359,22413280,3552.09,0.00807693,0
1506542356,22413260,3550.34,0.00189455,0
1506542304,22413229,3545.37,0.25606798,1
1506542263,22413140,3550.34,0.02674308,0
1506542261,22413135,3550.34,0.02381378,0
1506542246,22413120,3550.34,0.17190903,0
1506542246,22413119,3550.30,0.01404397,0
1506542246,22413118,3545.00,0.04317440,0
1506542246,22413117,3545.00,0.01000000,0
1506542245,22413108,3545.00,0.13277882,0
1506542242,22413100,3541.60,0.04102453,1
1506542241,22413097,3542.21,0.09099300,1
1506542234,22413088,3550.28,0.01404678,1
1506542233,22413087,3550.34,0.00281382,0
1506542225,22413083,3550.31,0.27317449,0
1506542208,22413069,3550.34,0.07023834,0
1506542208,22413068,3550.34,0.00842736,0
1506542205,22413064,3550.28,0.01466531,0
1506542199,22413057,3550.28,0.30700000,0
1506542185,22413037,3550.34,0.02758110,0
1506542173,22412997,3550.34,0.01821000,0
1506542164,22412977,3550.28,0.04420011,0
1506542150,22412957,3550.28,0.26557380,0
1506542144,22412952,3540.10,0.56180900,0
1506542144,22412951,3540.10,0.50000000,0
1506542144,22412948,3540.13,0.68089694,0
1506542144,22412946,3544.00,0.25000000,1
1506542142,22412945,3547.00,0.25729406,1
1506542125,22412935,3547.00,0.02947639,1
1506542122,22412934,3547.00,0.05000000,1
1506542121,22412933,3547.00,0.02163594,1
1506542114,22412888,3550.34,0.02787991,0
1506542114,22412880,3550.34,0.13839956,0
1506542100,22412856,3550.28,0.22869601,0
1506542085,22412828,3547.00,0.16710317,1
1506542085,22412827,3547.02,0.17195955,1
1506542084,22412826,3548.19,0.15000000,1
1506542084,22412824,3550.00,1.51093728,1
1506542079,22412816,3550.00,1.95000000,1
1506542079,22412815,3550.01,0.05000000,1
1506542075,22412813,3550.34,0.03136883,0
1506542070,22412809,3550.34,0.16975557,0
1506542066,22412806,3550.34,0.02648769,0
1506542065,22412803,3550.34,0.01475855,0
1506542062,22412801,3550.00,0.45900000,1
1506542058,22412800,3550.34,0.01404280,0
1506542056,22412797,3550.34,0.22124345,0
1506542047,22412785,3550.00,0.45900000,1
1506542043,22412777,3550.00,0.45900000,1
1506542041,22412768,3550.00,0.92824335,1
1506542033,22412750,3550.00,0.27903666,1
1506542033,22412749,3554.00,0.17996334,1
1506542033,22412748,3554.00,0.13248179,0
1506542032,22412747,3550.00,0.03788000,1
1506542028,22412727,3550.00,0.09837559,1
1506542027,22412725,3553.97,0.22142088,0
1506542025,22412723,3554.00,0.10943111,0
1506542025,22412722,3553.96,0.02276300,0
1506542024,22412717,3550.00,0.01177879,1
1506542018,22412709,3550.00,0.45900000,1
1506542016,22412705,3550.34,0.02325188,1
1506542016,22412704,3551.50,0.00807547,1
1506542016,22412703,3552.00,0.02503995,1
1506542010,22412700,3552.00,0.45900000,1
1506542003,22412695,3554.00,0.00869832,0
1506541995,22412678,3552.01,0.10000000,1
1506541985,22412658,3554.00,0.06872907,0
1506541959,22412642,3552.00,0.51571230,1
1506541955,22412639,3554.00,0.01025000,0
1506541954,22412638,3554.00,0.27627558,0
1506541942,22412631,3554.00,0.05421653,0
1506541925,22412626,3554.00,0.02690838,0
1506541923,22412625,3554.00,0.12910804,0
1506541915,22412623,3553.97,0.00250000,0
1506541905,22412618,3553.80,0.00807486,0
1506541895,22412611,3553.99,0.18216944,1
1506541894,22412610,3553.99,0.01783056,0
1506541885,22412600,3553.99,0.19482299,0
1506541882,22412592,3553.96,0.01000000,0
1506541878,22412591,3553.99,0.02321405,0
1506541878,22412590,3553.99,0.55274498,0
1506541877,22412587,3553.99,0.00686114,0
1506541875,22412586,3552.42,0.00282061,0
1506541872,22412582,3551.50,0.00807547,0
1506541866,22412578,3551.50,0.01529494,0
1506541864,22412574,3550.34,0.01279633,0
1506541856,22412559,3550.00,0.00300000,0
1506541856,22412557,3550.00,0.04251818,0
1506541856,22412556,3550.00,0.15924662,0
1506541855,22412555,3550.00,0.89305324,0
1506541855,22412554,3550.00,2.00000000,0
1506541855,22412553,3550.00,0.01445000,0
1506541855,22412552,3550.00,0.02900000,0
1506541855,22412551,3549.97,0.05331000,0
1506541855,22412550,3549.95,0.02338064,0
1506541855,22412549,3549.56,0.12978965,0
1506541846,22412542,3549.56,0.01103414,0
1506541845,22412538,3549.56,0.01054660,0
1506541827,22412519,3549.56,0.14037000,0
1506541826,22412518,3549.56,0.20825961,0
1506541824,22412517,3549.00,0.12807971,0
1506541824,22412516,3549.00,0.02904788,0
1506541816,22412511,3549.00,0.04400000,0
1506541807,22412501,3549.00,0.00564676,0
1506541793,22412486,3549.00,0.50000000,0
1506541790,22412470,3549.00,0.02344322,0
1506541788,22412465,3549.00,0.50944702,0
1506541787,22412463,3549.00,0.19324089,0
1506541785,22412458,3549.00,0.05463398,0
1506541780,22412432,3548.16,0.03561906,1
1506541773,22412421,3549.00,0.03686428,0
1506541767,22412404,3549.00,0.40711310,0
1506541765,22412401,3549.00,0.69656287,0
1506541765,22412400,3548.90,0.04562301,0
1506541763,22412394,3548.90,0.01655700,0
1506541760,22412389,3548.90,0.01239820,0
1506541744,22412334,3548.90,0.12929358,0
1506541726,22412272,3548.90,0.05001429,0
1506541726,22412271,3548.19,0.00715018,0
1506541724,22412259,3548.15,0.02730935,0
1506541721,22412249,3548.19,0.03336181,0
1506541721,22412248,3548.19,0.08595204,0
1506541721,22412246,3548.18,0.00715018,0
1506541720,22412242,3548.18,0.01350731,0
1506541704,22412185,3548.16,0.01987946,0
1506541684,22412144,3548.19,0.02760707,0
1506541682,22412136,3548.14,0.04131497,0
1506541681,22412135,3548.11,0.06381565,0
1506541657,22412092,3548.19,0.06741529,0
1506541636,22412063,3548.36,0.02300254,0
1506541634,22412060,3548.34,0.06016828,0
1506541626,22412052,3548.30,0.03986030,0
1506541626,22412051,3535.56,0.11252106,1
1506541626,22412050,3538.00,0.03197104,1
1506541625,22412049,3538.00,0.00912332,1
1506541611,22412035,3538.11,0.83715240,1
1506541611,22412034,3548.36,0.30216706,1
1506541610,22412033,3548.36,0.34940589,1
1506541603,22412026,3548.36,0.10000000,1
1506541601,22412021,3548.36,0.45315532,1
1506541599,22412015,3548.36,0.39777300,1
1506541598,22412010,3548.36,0.01716700,1
1506541598,22412009,3548.36,0.00692221,1
1506541596,22412003,3548.36,0.84995040,1
1506541591,22411975,3548.90,0.01760146,0
1506541585,22411963,3548.36,1.00456751,1
1506541585,22411962,3548.36,0.37184261,1
1506541584,22411960,3548.36,0.19890900,1
1506541584,22411957,3548.36,0.72233865,1
1506541583,22411954,3548.36,0.12876677,1
1506541583,22411953,3548.36,0.84612000,1
1506541583,22411951,3548.36,0.23085579,1
1506541578,22411944,3548.90,0.00250000,0
1506541578,22411940,3548.36,0.05994607,1
1506541577,22411938,3548.36,0.10446855,1
1506541576,22411937,3548.36,1.00898161,1
1506541576,22411936,3548.36,0.16999387,1
1506541573,22411932,3548.36,0.01277731,1
1506541573,22411929,3548.36,0.22855400,1
1506541571,22411922,3548.36,0.53893115,1
1506541571,22411918,3548.90,0.02817700,0
1506541570,22411915,3548.36,0.05092387,1
1506541570,22411914,3548.36,0.16950090,1
1506541570,22411913,3548.36,0.25367593,1
1506541569,22411912,3548.36,0.01277731,1
1506541566,22411906,3548.36,0.01277731,1
1506541562,22411883,3548.36,1.01379411,1
1506541559,22411873,3548.36,0.35696586,0
1506541559,22411872,3548.33,0.00141193,0
1506541558,22411871,3548.33,0.02457901,0
1506541545,22411862,3548.33,0.00816131,0
1506541526,22411834,3548.36,0.00782603,0
1506541524,22411833,3537.00,0.01267306,1
1506541505,22411819,3548.36,0.06520811,0
1506541505,22411818,3547.42,0.11058829,0
1506541505,22411817,3547.00,0.07445360,0
1506541503,22411815,3546.97,0.05383559,0
1506541501,22411812,3537.03,0.04859450,1
1506541488,22411786,3537.00,0.11450822,1
1506541488,22411785,3537.00,0.03717196,1
1506541486,22411781,3537.03,0.17625000,1
1506541486,22411780,3547.00,0.02092628,0
1506541486,22411779,3546.97,0.17907372,0
1506541476,22411753,3547.00,0.15452015,1
1506541474,22411745,3547.00,0.09558603,0
1506541472,22411738,3547.00,0.00009997,1
1506541471,22411729,3547.00,0.24990003,1
1506541469,22411720,3547.38,0.03093269,0
1506541457,22411705,3536.03,0.11110002,1
1506541445,22411676,3547.42,0.11062970,1
1506541444,22411674,3547.43,0.02068489,0
1506541444,22411671,3547.42,0.01871500,0
1506541422,22411597,3546.97,0.01124904,0
1506541415,22411588,3535.09,0.11015543,1
1506541406,22411574,3547.00,0.10967578,1
1506541404,22411571,3547.43,0.01626479,0
1506541404,22411570,3547.00,0.11692373,0
1506541397,22411562,3547.00,0.14061178,0
1506541384,22411546,3547.00,0.12936284,0
1506541333,22411479,3547.00,0.45178566,0
1506541323,22411460,3547.00,0.13319363,0
1506541321,22411454,3547.00,0.02812236,0
1506541313,22411444,3547.30,1.54781955,0
1506541313,22411443,3547.30,2.38900000,0
1506541304,22411426,3547.40,0.01655000,0
1506541294,22411417,3547.42,0.03301488,0
1506541294,22411416,3547.10,0.05018254,0
1506541293,22411414,3542.85,0.00001948,0
1506541289,22411408,3547.10,0.02790962,1
1506541288,22411407,3547.10,0.02229300,1
1506541284,22411402,3547.40,0.08723638,0
1506541276,22411393,3547.00,0.00624496,1
1506541276,22411392,3547.30,0.02790563,1
1506541249,22411369,3547.00,0.01702276,0
1506541244,22411364,3547.00,0.04807724,0
1506541244,22411363,3545.90,0.09000000,0
1506541242,22411362,3545.00,0.07290918,0
1506541241,22411361,3545.00,0.04521657,0
1506541221,22411340,3545.00,0.03969712,0
1506541221,22411339,3544.90,0.02686717,0
1506541216,22411333,3532.90,0.01900000,1
1506541211,22411326,3544.90,0.97313283,1
1506541183,22411287,3544.90,1.00000000,1
1506541181,22411284,3545.00,0.03989629,0
1506541175,22411270,3544.90,0.47489577,1
1506541174,22411264,3545.00,0.18087026,0
1506541174,22411263,3545.00,0.03815160,0
1506541173,22411261,3545.00,0.20000000,0
1506541173,22411260,3545.00,0.14374542,0
1506541172,22411258,3544.90,0.47489577,1
1506541167,22411250,3545.00,0.00923834,0
1506541166,22411249,3544.90,0.64263807,1
1506541166,22411246,3545.00,0.02705580,0
1506541163,22411239,3544.90,0.64263807,1
1506541157,22411236,3544.90,0.64263807,1
1506541152,22411229,3544.90,0.34275802,1
1506541145,22411220,3544.90,0.34275802,1
1506541140,22411214,3544.90,0.67157314,1
1506541139,22411209,3544.90,0.41913966,1
1506541136,22411205,3544.90,0.67157314,1
1506541133,22411194,3544.90,0.17720653,1
1506541127,22411189,3545.00,0.06996044,0
1506541126,22411188,3545.00,0.00312381,0
1506541126,22411187,3544.99,0.02000000,0
1506541107,22411114,3544.90,0.03098979,0
1506541105,22411111,3544.90,0.02720454,0
1506541084,22411092,3545.00,0.00922323,0
1506541084,22411091,3544.76,0.20399937,0
1506541078,22411066,3544.80,0.35055806,0
1506541077,22411065,3544.00,0.06944194,0
1506541068,22411058,3530.29,0.15326437,1
1506541063,22411055,3544.00,0.02764705,0
1506541055,22411048,3530.14,0.03200000,1
1506541045,22411037,3544.00,0.03059732,0
1506541044,22411034,3544.00,0.27884560,0
1506541044,22411033,3543.99,0.02115440,0
1506541044,22411032,3538.93,0.16599021,1
1506541043,22411031,3539.99,0.00009223,1
1506541036,22411024,3544.00,0.02870767,0
1506541035,22411021,3544.00,0.57855453,1
1506541033,22411010,3545.00,0.00926579,0
1506541032,22411007,3544.00,0.46212482,1
1506541029,22410997,3545.00,0.00250000,0
1506541028,22410992,3544.00,0.01364500,1
1506541028,22410987,3544.00,0.89775761,1
1506541025,22410978,3544.00,0.16247170,1
1506541025,22410977,3544.00,0.08491008,1
1506541023,22410974,3545.00,0.02588717,0
1506541021,22410971,3544.00,0.09996001,1
1506541017,22410961,3544.00,0.09996001,1
1506541013,22410951,3544.00,0.09999208,1
1506541013,22410949,3544.00,0.03659400,1
1506541010,22410926,3544.00,0.08019497,1
1506541008,22410917,3544.00,0.03220091,1
1506541006,22410912,3544.00,0.08019497,1
1506541002,22410909,3544.00,0.10651786,0
1506541002,22410908,3543.89,0.10000000,0
1506541002,22410907,3543.59,1.05412210,0
1506541002,22410906,3543.58,0.02635609,0
1506540997,22410901,3543.59,0.00360000,0
1506540989,22410892,3539.99,0.23056797,1
1506540987,22410885,3543.60,1.00000000,0
1506540981,22410882,3539.99,0.66374628,1
1506540965,22410857,3543.78,0.02637386,0
1506540963,22410847,3529.23,0.00300000,1
1506540935,22410799,3526.52,0.00250000,1
1506540935,22410798,3544.00,0.18365021,0
1506540933,22410793,3539.99,0.05633355,0
1506540932,22410791,3544.00,0.20983193,0
1506540932,22410790,3543.06,0.00150000,0
1506540932,22410789,3541.11,0.01000000,0
1506540932,22410788,3540.00,0.02100000,0
1506540932,22410786,3540.00,0.05000000,0
1506540932,22410784,3540.00,0.20000000,0
1506540931,22410781,3540.00,0.00579000,0
1506540931,22410780,3540.00,0.02500000,0
1506540931,22410779,3540.00,0.00217807,0
1506540929,22410768,3540.00,0.02635593,0
1506540928,22410765,3539.99,0.03000000,1
1506540921,22410762,3539.99,0.01437010,0
1506540921,22410761,3539.99,0.12002188,0
1506540912,22410757,3528.15,0.04773500,1
1506540907,22410754,3539.99,0.02683486,0
1506540907,22410753,3539.99,0.10909466,0
1506540905,22410752,3539.99,0.88020237,0
1506540905,22410751,3539.90,0.12004763,0
1506540904,22410750,3539.90,0.04262165,0
1506540898,22410745,3539.90,0.00250000,0
1506540895,22410742,3539.90,0.04635969,0
1506540895,22410741,3539.86,0.31572196,0
1506540872,22410695,3539.87,0.01723213,0
1506540858,22410658,3527.03,0.33295409,0
1506540857,22410657,3527.04,0.57667771,1
1506540857,22410656,3527.04,0.32332229,1
1506540857,22410655,3539.90,0.07930208,1
1506540855,22410652,3539.90,0.13231151,1
1506540853,22410650,3539.90,0.16884625,1
1506540853,22410647,3539.90,0.56382405,1
1506540851,22410646,3539.90,0.45015005,1
1506540850,22410643,3539.90,0.09490431,1
1506540850,22410642,3539.90,0.01494958,1
1506540849,22410641,3539.99,0.02785297,0
1506540847,22410637,3539.90,0.03004366,1
1506540847,22410633,3539.90,1.01379411,1
1506540842,22410620,3539.90,2.00000000,1
1506540840,22410617,3539.90,1.00868109,0
1506540832,22410612,3539.90,0.92404524,0
1506540832,22410611,3539.89,0.03000000,0
1506540832,22410610,3539.89,0.04595476,0
1506540816,22410606,3539.89,0.01129158,0
1506540788,22410599,3539.90,0.06727367,0
1506540788,22410598,3539.89,0.03000000,0
1506540784,22410597,3539.79,0.02876748,0
1506540745,22410512,3539.79,0.05724719,1
1506540744,22410511,3539.79,0.04000000,0
1506540743,22410510,3539.79,0.00500000,0
1506540741,22410508,3539.80,0.02768512,0
1506540741,22410507,3539.80,0.05247686,0
1506540741,22410506,3539.80,0.20000000,0
1506540741,22410505,3539.00,0.20130485,0
1506540741,22410503,3538.96,0.04000000,0
1506540740,22410502,3538.93,0.50621829,0
1506540735,22410495,3525.00,0.11933683,1
1506540735,22410494,3527.12,0.03800000,1
1506540735,22410493,3530.77,0.10000000,1
1506540724,22410481,3527.15,0.01191394,1
1506540722,22410477,3539.00,0.18183961,0
1506540722,22410476,3538.95,0.07410738,0
1506540720,22410474,3538.80,0.01198580,0
1506540713,22410472,3538.77,0.14095293,0
1506540688,22410467,3527.15,0.48000000,1
1506540686,22410466,3538.95,0.01940641,0
1506540665,22410449,3538.92,0.01500000,0
1506540650,22410437,3539.00,0.00129210,0
1506540649,22410435,3538.95,0.00927930,0
1506540649,22410434,3538.94,0.05000000,0
1506540647,22410431,3537.00,0.08489725,0
1506540645,22410429,3536.97,0.76954893,0
1506540634,22410398,3536.99,0.00500000,1
1506540623,22410356,3537.00,0.00863703,0
1506540614,22410349,3536.97,0.03948295,0
1506540586,22410328,3537.00,0.02748866,0
1506540584,22410325,3536.99,0.08338900,0
1506540583,22410323,3520.93,0.94428485,1
1506540574,22410308,3538.70,0.09213725,0
1506540574,22410306,3538.69,0.82500000,1
1506540573,22410303,3537.00,0.14400000,1
1506540572,22410302,3537.00,0.06354469,0
1506540565,22410297,3537.00,0.00429175,0
1506540565,22410296,3536.99,0.01495053,0
1506540565,22410295,3536.99,0.01410522,0
1506540555,22410291,3537.00,0.01410698,0
1506540554,22410289,3537.00,0.01075381,0
1506540554,22410288,3537.00,0.01997273,0
1506540552,22410286,3536.99,0.10904413,0
1506540545,22410280,3520.04,0.10904413,1
1506540537,22410263,3539.00,0.38535179,0
1506540536,22410262,3538.95,0.05000000,0
1506540536,22410261,3537.60,0.06847724,0
1506540536,22410259,3537.60,0.18436669,0
1506540534,22410256,3537.00,2.00000000,0
1506540534,22410255,3537.00,0.55636557,0
1506540529,22410250,3521.29,0.03500431,1
1506540524,22410246,3537.00,0.01380134,0
1506540524,22410245,3536.99,0.00166460,0
1506540498,22410211,3521.01,0.00166460,1
1506540470,22410187,3537.60,0.02709181,0
1506540461,22410184,3537.60,0.05579942,0
1506540447,22410166,3537.60,0.72321214,0
1506540447,22410165,3537.59,0.06000000,0
1506540447,22410163,3537.36,0.01559691,0
1506540447,22410162,3537.35,0.20119095,0
1506540408,22410149,3537.60,0.02332405,0
1506540406,22410144,3539.00,0.23021165,0
1506540406,22410142,3538.95,0.14400000,0
1506540405,22410141,3538.17,0.08189143,0
1506540405,22410140,3538.17,0.02788000,0
1506540405,22410139,3538.00,0.00500000,0
1506540404,22410138,3537.67,0.07000000,0
1506540404,22410137,3537.60,1.97325669,0
1506540404,22410136,3537.60,0.02674331,0
1506540404,22410135,3534.41,0.02347907,0
1506540403,22410134,3534.00,0.07368547,0
1506540403,22410133,3530.00,0.25000000,0
1506540403,22410132,3530.00,1.00000000,0
1506540401,22410125,3529.94,1.00000000,0
1506540397,22410121,3524.57,0.02988567,0
1506540396,22410117,3524.57,0.00500000,0
1506540382,22410059,3524.56,0.00500000,0
1506540373,22410042,3524.57,0.01380619,0
1506540373,22410040,3524.56,0.03619381,0
1506540364,22410033,3524.57,0.00794867,0
1506540348,22410016,3520.08,0.20079021,1
1506540348,22410015,3520.11,0.81093039,1
1506540348,22410014,3524.02,0.00013140,1
1506540342,22410004,3520.00,0.18742260,0
1506540333,22409981,3520.00,0.08223400,0
1506540326,22409977,3520.00,0.02641696,0
1506540324,22409974,3520.00,0.09000000,0
1506540320,22409971,3520.00,0.30268500,0
1506540320,22409968,3520.00,0.02833807,0
1506540317,22409957,3520.00,0.30264500,0
1506540315,22409953,3520.00,0.01417602,0
1506540312,22409951,3520.00,0.32328235,0
1506540312,22409950,3520.00,0.36171765,0
1506540304,22409948,3520.00,0.26836957,0
1506540275,22409924,3520.00,0.18128832,0
1506540275,22409923,3520.00,0.02810205,0
1506540274,22409922,3520.00,0.14117000,0
1506540274,22409921,3520.00,0.03924287,0
1506540268,22409919,3520.00,0.12807955,0
1506540268,22409918,3520.00,0.07728505,0
1506540266,22409917,3520.00,0.27528011,0
1506540234,22409910,3520.00,0.05110513,0
1506540223,22409903,3520.00,0.02388722,0
1506540223,22409900,3520.00,0.24644300,0
1506540188,22409852,3520.00,0.02708916,0
1506540165,22409836,3519.00,0.02180000,1
1506540154,22409828,3519.00,0.47637108,1
1506540154,22409827,3519.97,0.18807892,1
1506540154,22409826,3519.98,0.20000000,1
1506540134,22409811,3520.00,0.01110748,0
1506540132,22409810,3520.00,0.01389750,0
1506540132,22409809,3519.98,0.01699457,0
1506540116,22409802,3519.99,0.01745543,1
1506540045,22409676,3520.00,0.02576213,0
1506540040,22409675,3520.00,0.02833523,0
1506540013,22409662,3520.00,0.01143538,0
1506540004,22409650,3519.97,0.15000000,1
1506539988,22409645,3520.00,0.01567208,0
1506539987,22409643,3520.00,0.02719452,0
1506539970,22409629,3520.00,0.14092045,0
1506539970,22409627,3520.00,2.54222159,0
1506539955,22409619,3519.97,0.16477125,1
1506539952,22409618,3519.97,0.12000000,1
1506539944,22409609,3519.97,0.13056659,1
1506539940,22409601,3519.97,0.00227246,1
1506539914,22409581,3520.00,0.02764742,0
1506539913,22409578,3520.00,0.02156417,0
1506539906,22409567,3519.97,0.06371867,1
1506539906,22409566,3519.97,0.30000000,1
1506539904,22409564,3519.99,0.03628133,1
1506539885,22409556,3520.00,0.02347200,0
1506539871,22409543,3520.00,0.08000000,0
1506539862,22409535,3520.00,0.00400000,0
1506539835,22409524,3520.00,0.61691640,0
1506539822,22409512,3520.00,0.02674331,0
1506539807,22409502,3520.00,0.01000000,0
1506539806,22409500,3520.00,0.02663029,0
1506539805,22409497,3520.00,0.13695563,0
1506539801,22409496,3520.00,0.01331785,0
1506539792,22409485,3520.00,0.01498345,0
1506539790,22409483,3520.00,0.07610951,0
1506539783,22409476,3520.00,0.07488334,0
1506539781,22409474,3520.00,0.05350920,0
1506539778,22409471,3520.00,0.01000000,0
1506539772,22409462,3520.00,0.04667133,0
1506539771,22409461,3520.00,0.36027557,0
1506539765,22409453,3520.00,0.13035511,0
1506539749,22409444,3520.00,0.01000000,0
1506539743,22409442,3520.00,0.16411349,0
1506539730,22409433,3520.00,0.05352040,0
1506539724,22409430,3520.00,0.08227484,0
1506539721,22409429,3519.97,0.10025000,0
1506539703,22409423,3520.00,0.26354545,0
1506539674,22409406,3519.97,0.01000000,0
1506539666,22409404,3520.00,0.02434474,0
1506539664,22409403,3520.00,0.26782102,0
1506539664,22409402,3520.00,0.02413418,0
1506539661,22409401,3520.00,0.00797356,0
1506539653,22409392,3519.97,0.14098000,0
1506539641,22409389,3520.00,0.02000000,0
1506539625,22409371,3519.97,0.06645000,0
1506539604,22409360,3520.00,0.00797356,0
1506539592,22409355,3519.97,0.00850007,0
1506539560,22409329,3509.03,0.03000000,0
1506539560,22409328,3509.03,0.01000000,0
1506539555,22409323,3520.00,0.09309529,0
1506539548,22409317,3520.00,0.10996807,0
1506539548,22409316,3519.99,0.07000000,0
1506539545,22409314,3519.74,0.01117237,0
1506539542,22409313,3514.00,0.02639100,0
1506539538,22409308,3510.00,0.30060580,0
1506539538,22409307,3509.00,0.63936442,0
1506539535,22409303,3509.00,0.41934041,0
1506539531,22409299,3509.00,0.80751152,0
1506539531,22409298,3509.00,0.11379573,0
1506539530,22409297,3509.00,0.21908499,0
1506539517,22409276,3508.00,0.02220584,0
1506539512,22409274,3508.00,0.21929915,0
1506539506,22409271,3508.00,0.05514736,0
1506539504,22409268,3508.00,0.21996140,0
1506539503,22409267,3508.00,0.17079818,0
1506539498,22409260,3509.00,0.07305604,0
1506539481,22409243,3509.00,0.10944595,0
1506539479,22409242,3509.00,0.21987297,0
1506539479,22409241,3509.00,0.21914250,0
1506539472,22409239,3509.00,0.27426005,0
1506539472,22409238,3509.00,0.07304750,0
1506539471,22409237,3509.00,0.00428000,0
1506539462,22409227,3509.00,0.26436876,0
1506539458,22409224,3509.00,0.06994651,0
1506539458,22409223,3509.00,0.15860772,0
1506539452,22409221,3509.00,0.21980442,0
1506539451,22409220,3505.24,0.07557938,1
1506539448,22409218,3502.09,0.00250000,1
1506539447,22409217,3509.00,0.17190550,0
1506539447,22409216,3505.24,0.15872654,0
1506539446,22409212,3505.24,0.06194428,0
1506539446,22409211,3501.79,0.00250000,1
1506539445,22409210,3501.79,0.00250000,1
1506539445,22409208,3502.14,0.00250000,1
1506539444,22409207,3505.24,0.00795325,0
1506539440,22409204,3505.24,0.01100088,0
1506539435,22409195,3505.99,0.01000000,1
1506539434,22409194,3506.00,0.08488305,1
1506539434,22409192,3509.00,0.28810935,0
1506539429,22409189,3509.00,0.02739706,0
1506539428,22409187,3509.00,0.34573839,0
1506539427,22409186,3509.00,0.21914265,0
1506539427,22409185,3509.00,0.27393040,0
1506539424,22409182,3509.00,0.84119157,0
1506539421,22409180,3509.00,0.04259633,0
1506539420,22409179,3509.00,0.02182476,0
1506539420,22409178,3509.00,0.02182476,0
1506539419,22409174,3509.00,0.04364953,0
1506539418,22409173,3509.00,0.08729906,0
1506539417,22409171,3509.00,0.17459811,0
1506539416,22409170,3509.00,0.34919623,0
1506539414,22409168,3508.97,0.21914921,0
1506539400,22409128,3509.00,0.00182342,0
1506539394,22409114,3510.00,0.00364684,0
1506539391,22409109,3510.00,0.00729368,0
1506539387,22409108,3510.00,0.01458735,0
1506539382,22409107,3510.00,0.02917469,0
1506539376,22409104,3505.00,0.04357246,0
1506539373,22409100,3505.00,0.01000000,0
1506539366,22409097,3505.00,0.02631388,0
1506539364,22409093,3505.08,0.02011366,1
1506539355,22409089,3505.11,0.57890000,1
1506539348,22409083,3515.00,0.15001318,0
1506539342,22409079,3515.00,0.02114370,0
1506539340,22409076,3514.97,0.75356400,0
1506539338,22409074,3510.80,0.00610000,1
1506539335,22409068,3501.05,0.04337700,0
1506539335,22409066,3501.06,0.10000000,1
1506539333,22409063,3501.79,0.05662300,0
1506539333,22409062,3501.30,0.72000000,0
1506539330,22409056,3501.04,0.00150000,1
1506539330,22409055,3501.04,0.00150000,1
1506539327,22409051,3515.00,0.01352335,0
1506539326,22409047,3504.69,0.11165558,1
1506539326,22409046,3504.69,0.00911473,0
1506539325,22409045,3510.00,0.20000000,1
1506539325,22409044,3510.00,0.46696011,1
1506539325,22409043,3510.00,0.14861254,1
1506539325,22409042,3510.00,0.18717094,1
1506539325,22409041,3510.00,0.00500000,1
1506539324,22409037,3510.80,0.01000000,1
1506539305,22409006,3518.00,0.26599262,0
1506539296,22408999,3519.00,0.05900568,0
1506539294,22408997,3518.99,0.08000000,0
1506539286,22408990,3519.00,0.05419740,0
1506539285,22408989,3518.97,0.20000000,0
1506539284,22408988,3519.00,0.02538893,0
1506539278,22408975,3519.00,0.18049769,0
1506539272,22408971,3510.06,0.28500000,1
1506539271,22408969,3519.94,0.01469493,0
1506539265,22408963,3510.10,0.99715963,0
1506539264,22408962,3510.10,0.00284037,1
1506539259,22408958,3520.00,0.01870232,0
1506539257,22408957,3519.99,0.09000000,0
1506539251,22408953,3520.00,0.02003820,0
1506539245,22408944,3519.97,0.11538308,0
1506539235,22408928,3510.10,1.98717057,1
1506539235,22408926,3512.24,0.09371095,1
1506539233,22408924,3512.27,0.11911848,1
1506539219,22408914,3520.00,1.70046307,0
1506539209,22408904,3520.00,0.15511408,0
1506539204,22408899,3520.00,0.03000000,0
1506539198,22408896,3520.00,0.00250000,0
1506539185,22408887,3519.97,0.17692045,0
1506539182,22408885,3520.00,0.00791700,0
1506539172,22408880,3520.00,0.22615320,0
1506539168,22408879,3519.97,0.00192186,0
1506539164,22408877,3520.00,0.33138124,0
1506539164,22408876,3520.00,0.00384371,0
1506539161,22408874,3520.00,0.00768741,0
1506539161,22408873,3512.24,0.00569000,1
1506539157,22408868,3520.00,0.01537482,0
1506539155,22408867,3512.27,0.00447000,1
1506539155,22408866,3520.00,0.41013057,0
1506539155,22408865,3519.99,0.52138355,0
1506539153,22408863,3519.92,0.03074966,0
1506539149,22408856,3519.99,0.06149931,0
1506539146,22408848,3519.99,0.12299862,0
1506539143,22408841,3519.99,0.24218725,0
1506539143,22408840,3514.04,0.00381000,0
1506539137,22408832,3514.05,0.05900000,1
1506539133,22408823,3519.92,0.09283882,0
1506539133,22408822,3510.00,0.09155742,0
1506539133,22408821,3510.00,0.02612820,0
1506539132,22408818,3510.00,0.00688000,0
1506539132,22408817,3507.98,0.00740000,0
1506539132,22408815,3510.00,0.21004558,0
1506539132,22408814,3510.00,0.01567806,0
1506539129,22408808,3510.00,0.01062736,0
1506539128,22408807,3510.00,0.12966167,0
1506539128,22408806,3510.00,0.02167333,0
1506539127,22408805,3510.00,0.79328213,0
1506539127,22408804,3510.00,0.04284000,0
1506539125,22408803,3510.00,5.00000000,0
1506539124,22408802,3510.00,0.10168600,0
1506539122,22408801,3510.00,0.12853000,0
1506539120,22408799,3510.00,0.21902445,0
1506539119,22408798,3510.00,0.04167268,0
1506539119,22408797,3507.97,0.04139917,0
1506539119,22408796,3507.97,0.15860083,1
1506539118,22408793,3510.00,0.17474074,0
1506539116,22408786,3510.00,0.53243304,0
1506539116,22408785,3510.00,0.14789190,0
1506539114,22408779,3510.00,0.31348070,0
1506539114,22408778,3510.00,0.02023694,0
1506539113,22408777,3510.00,0.21848526,0
1506539113,22408776,3510.00,0.90252759,0
1506539113,22408775,3510.00,0.38560000,0
1506539112,22408773,3510.00,0.00788951,0
1506539110,22408768,3510.00,0.01325373,0
1506539109,22408764,3510.00,0.02733775,0
1506539108,22408761,3510.00,0.08588278,0
1506539108,22408758,3510.00,0.17462222,0
1506539108,22408756,3510.00,0.15134505,0
1506539107,22408754,3510.00,0.39617067,0
1506539107,22408753,3510.00,0.02349151,0
1506539103,22408748,3510.00,1.18656000,0
1506539101,22408739,3510.00,0.09000000,0
1506539101,22408738,3507.75,0.01000000,0
1506539100,22408732,3510.00,0.15194000,0
1506539098,22408726,3510.00,0.00283642,0
1506539095,22408715,3510.00,0.17000000,0
1506539094,22408713,3510.00,0.01326247,0
1506539094,22408712,3510.00,0.95000000,0
1506539094,22408711,3510.00,0.72700000,0
1506539093,22408709,3510.00,2.90772546,1
1506539093,22408708,3511.10,0.09000000,1
1506539093,22408707,3511.11,0.03000000,1
1506539093,22408706,3512.29,0.30000000,1
1506539093,22408705,3514.90,0.07100000,1
1506539093,22408703,3515.00,0.27167852,1
1506539093,22408700,3515.00,1.22095021,1
1506539092,22408699,3515.45,0.17000000,1
1506539092,22408698,3515.54,0.02060290,1
1506539092,22408697,3515.65,0.75400000,1
1506539092,22408696,3515.66,0.94834604,1
1506539077,22408680,3515.44,0.05664053,1
1506539066,22408674,3533.90,0.54925680,0
1506539065,22408666,3533.90,0.01559086,0
1506539057,22408653,3534.00,0.21803324,0
1506539056,22408649,3534.00,0.04913762,0
1506539056,22408648,3534.00,0.24088703,0
1506539055,22408647,3533.99,0.06000000,0
1506539051,22408636,3534.00,0.41825664,0
1506539048,22408633,3534.00,0.15860083,1
1506539048,22408632,3533.99,0.72500000,0
1506539047,22408629,3515.00,0.53054677,0
1506539046,22408626,3515.00,0.27161308,0
1506539045,22408622,3513.09,0.37593885,1
1506539045,22408620,3513.09,0.01058208,0
1506539044,22408619,3514.34,0.09000000,1
1506539044,22408618,3514.35,0.02347907,1
1506539041,22408614,3515.00,1.75186000,0
1506539041,22408611,3515.00,0.21000000,0
1506539040,22408609,3515.00,0.93411909,0
1506539039,22408608,3516.64,1.00000000,1
1506539039,22408607,3516.65,1.47877671,1
1506539039,22408606,3516.65,1.08463520,1
1506539039,22408605,3517.74,0.23000000,1
