date,tid,price,amount,type
1506556846,22426742,4202.37,0.00833000,1
1506556810,22426738,4202.34,0.00744871,1
1506556786,22426728,4199.29,0.09520000,1
1506556768,22426724,4203.48,0.07207370,0
1506556750,22426709,4202.96,0.00303830,0
1506556750,22426708,4199.88,0.02024516,0
1506556666,22426702,4199.88,0.00275484,0
1506556645,22426699,4196.06,0.02000000,1
1506556607,22426685,4199.87,0.21619500,0
1506556597,22426683,4199.87,1.09500000,1
1506556596,22426682,4199.70,0.11905612,0
1506556540,22426651,4199.75,0.10165900,0
1506556526,22426620,4199.76,0.11905400,0
1506556514,22426616,4196.00,0.04181990,1
1506556511,22426614,4199.78,0.22099060,1
1506556487,22426612,4199.84,0.01105437,0
1506556477,22426607,4199.86,0.06302840,0
1506556465,22426603,4199.87,0.16690000,0
1506556455,22426597,4199.87,0.12597532,0
1506556445,22426590,4201.73,2.32938071,0
1506556445,22426589,4201.60,2.38020000,0
1506556444,22426588,4201.50,0.21429416,0
1506556413,22426583,4194.01,0.21429416,1
1506556413,22426582,4195.86,0.00687302,1
1506556412,22426580,4203.74,0.71941326,1
1506556401,22426579,4205.94,0.00953278,0
1506556321,22426566,4206.34,0.51254909,0
1506556254,22426558,4203.74,0.03402900,1
1506556252,22426556,4206.72,0.47513435,0
1506556249,22426555,4203.74,0.03404110,1
1506556221,22426546,4203.74,0.61137363,1
1506556216,22426545,4203.88,6.31783733,1
1506556216,22426544,4203.89,0.07321811,1
1506556151,22426513,4207.60,0.08687047,0
1506556141,22426510,4204.13,0.00597401,1
1506556129,22426507,4203.99,0.02170005,1
1506556082,22426495,4208.24,0.01303633,0
1506556077,22426462,4203.74,0.02321977,1
1506556044,22426454,4207.61,7.28622662,1
1506556044,22426453,4207.15,0.12980000,0
1506556043,22426452,4207.15,4.00000000,1
1506556043,22426451,4203.96,1.00595585,0
1506556043,22426450,4203.96,0.17900263,0
1506556042,22426446,4203.74,0.00847920,0
1506556040,22426445,4202.00,0.57707700,0
1506556036,22426444,4196.45,0.02600000,1
1506556026,22426440,4196.38,0.00496531,1
1506556016,22426432,4199.40,0.01000000,1
1506556014,22426430,4199.40,0.75326160,1
1506556014,22426429,4199.40,2.95167056,0
1506556013,22426428,4200.05,0.12993416,1
1506556010,22426427,4200.05,0.03000000,1
1506556000,22426425,4202.95,2.00000000,0
1506555988,22426412,4203.74,0.02852080,0
1506555987,22426411,4203.47,0.52281429,1
1506555987,22426410,4200.22,0.07235150,0
1506555987,22426409,4200.22,0.06894850,0
1506555979,22426406,4201.05,0.00840037,0
1506555966,22426399,4198.82,0.11922390,1
1506555964,22426397,4196.14,0.03200000,0
1506555964,22426396,4195.86,0.01968178,0
1506555958,22426392,4193.80,0.18501598,0
1506555956,22426391,4193.80,0.01498402,0
1506555953,22426387,4193.20,0.25038792,1
1506555953,22426386,4193.25,0.02553590,1
1506555937,22426373,4195.86,0.01362525,0
1506555931,22426372,4193.21,0.88756482,1
1506555930,22426371,4193.24,0.11243518,1
1506555921,22426370,4193.31,0.38320139,0
1506555904,22426363,4193.12,1.00000000,1
1506555902,22426361,4193.99,0.01894490,0
1506555899,22426360,4193.99,0.10000000,0
1506555897,22426359,4195.00,0.00027331,1
1506555896,22426358,4195.00,9.09577648,0
1506555896,22426357,4194.00,0.06395021,0
1506555883,22426353,4193.12,1.53197367,1
1506555883,22426352,4193.21,0.06802633,1
1506555864,22426348,4194.00,0.85900000,0
1506555849,22426346,4193.19,0.03020490,1
1506555849,22426345,4194.00,0.09002167,0
1506555845,22426344,4194.00,0.35550400,0
1506555841,22426338,4192.58,0.74604806,1
1506555841,22426336,4192.58,0.05549100,0
1506555840,22426335,4193.18,0.07320000,1
1506555836,22426329,4193.99,0.11921821,0
1506555831,22426328,4194.00,0.18078200,0
1506555823,22426326,4193.99,0.11921821,0
1506555789,22426319,4194.24,1.12941502,0
1506555785,22426316,4194.24,0.08070514,0
1506555780,22426309,4193.18,0.02220000,1
1506555774,22426307,4194.87,0.36929993,0
1506555767,22426299,4195.00,1.10851760,0
1506555767,22426298,4195.00,0.17780371,0
1506555765,22426296,4195.00,1.80870689,0
1506555765,22426295,4195.00,0.30811724,0
1506555762,22426293,4195.00,0.04759668,1
1506555734,22426269,4195.01,0.01106096,0
1506555695,22426265,4195.77,0.11616433,0
1506555622,22426256,4200.26,0.34782189,0
1506555603,22426252,4203.01,0.05458430,0
1506555593,22426249,4203.26,0.09521951,0
1506555590,22426248,4202.00,2.00000000,1
1506555581,22426245,4198.56,0.16180000,1
1506555581,22426244,4198.67,0.14210000,1
1506555581,22426243,4199.00,0.80667535,1
1506555581,22426242,4199.00,4.90409977,1
1506555581,22426241,4200.00,0.09590023,1
1506555578,22426240,4200.02,2.81285500,1
1506555566,22426238,4208.13,0.00125000,0
1506555558,22426233,4200.02,2.18714500,1
1506555558,22426232,4200.05,0.15318753,1
1506555558,22426231,4200.64,0.12240000,1
1506555558,22426230,4200.68,0.03726747,1
1506555545,22426227,4210.96,0.00125000,0
1506555544,22426226,4210.98,0.22000000,0
1506555541,22426225,4210.97,0.13618952,1
1506555539,22426224,4201.56,0.17214152,0
1506555539,22426223,4201.60,1.77509245,1
1506555539,22426222,4201.61,0.21876603,1
1506555538,22426221,4201.60,0.33400000,1
1506555536,22426220,4210.90,0.01069113,1
1506555530,22426218,4210.70,0.27000000,0
1506555525,22426216,4210.63,0.00125000,0
1506555524,22426215,4201.59,0.00243392,1
1506555521,22426214,4201.59,0.01700000,1
1506555507,22426207,4203.89,0.38550000,1
1506555507,22426206,4203.91,0.87150000,1
1506555507,22426205,4203.91,1.74300000,1
1506555505,22426203,4210.97,0.00125000,0
1506555498,22426197,4206.64,1.52809451,1
1506555498,22426196,4206.66,0.87150000,1
1506555498,22426195,4207.27,0.10040549,1
1506555487,22426194,4207.29,0.15944807,1
1506555485,22426193,4210.99,0.00125000,0
1506555482,22426192,4210.99,0.23694995,1
1506555467,22426190,4207.22,0.79679501,1
1506555467,22426189,4207.23,0.04774527,1
1506555467,22426188,4210.98,0.11848566,1
1506555466,22426187,4211.00,0.00125000,0
1506555451,22426184,4210.20,0.04549527,1
1506555449,22426183,4210.22,0.00225000,0
1506555449,22426182,4209.70,0.04775000,0
1506555445,22426178,4209.70,0.00125000,0
1506555436,22426177,4207.16,0.02375297,1
1506555428,22426174,4206.94,0.33076812,0
1506555428,22426173,4206.94,0.12598031,0
1506555428,22426172,4206.89,0.07996431,0
1506555426,22426171,4206.89,0.00125000,0
1506555425,22426169,4206.89,0.03763833,0
1506555421,22426167,4203.82,0.08554574,1
1506555421,22426166,4206.43,0.01979126,1
1506555415,22426165,4206.90,0.01435600,0
1506555391,22426160,4206.92,0.10994700,0
1506555391,22426159,4206.43,0.02480000,1
1506555386,22426157,4206.92,0.00890447,0
1506555361,22426123,4206.94,0.71493447,0
1506555356,22426119,4206.94,1.65892600,0
1506555348,22426114,4206.94,7.00000000,0
1506555347,22426113,4206.94,0.00314394,0
1506555269,22426060,4207.00,1.73669937,0
1506555268,22426059,4207.80,0.01960594,1
1506555268,22426058,4207.81,0.73629469,1
1506555253,22426055,4207.81,0.25320531,0
1506555248,22426049,4207.81,2.24679469,0
1506555240,22426041,4207.95,0.22851707,0
1506555236,22426034,4212.92,0.01574801,0
1506555235,22426028,4212.95,0.22820361,0
1506555234,22426027,4208.00,2.12283820,1
1506555234,22426026,4208.00,7.00000000,1
1506555231,22426025,4208.00,2.50000000,1
1506555218,22426017,4207.79,1.10885410,1
1506555218,22426016,4210.00,0.68321735,1
1506555217,22426015,4210.04,0.70792855,1
1506555217,22426014,4210.00,0.61110937,1
1506555216,22426013,4210.00,1.88888827,1
1506555214,22426009,4210.01,0.32543579,1
1506555192,22425996,4214.44,0.47342233,0
1506555187,22425995,4214.16,0.00890915,0
1506555183,22425993,4214.27,0.22009851,0
1506555178,22425991,4214.67,0.04629101,0
1506555178,22425990,4214.67,0.00125000,0
1506555155,22425982,4210.00,1.00000000,1
1506555147,22425980,4215.00,0.16624716,1
1506555145,22425979,4215.00,0.00154432,1
1506555145,22425978,4215.01,0.05119568,1
1506555114,22425953,4221.99,1.00000000,0
1506555105,22425950,4221.99,0.02937849,0
1506555099,22425946,4222.96,0.45404411,0
1506555091,22425939,4220.40,0.01444413,0
1506555087,22425937,4218.67,0.05000000,0
1506555087,22425936,4218.00,0.32993309,0
1506555077,22425933,4215.34,0.00591174,1
1506555077,22425931,4218.00,0.64833518,0
1506555076,22425930,4218.00,0.07368062,0
1506555076,22425928,4218.00,0.25786492,0
1506555064,22425920,4218.00,0.03465544,0
1506555063,22425919,4218.00,0.15473644,0
1506555057,22425917,4218.00,0.81260673,0
1506555054,22425915,4218.00,0.00271355,0
1506555051,22425913,4218.00,0.09357871,0
1506555050,22425912,4218.00,0.14531430,0
1506555050,22425911,4218.00,0.06159322,0
1506555050,22425910,4218.00,0.06973884,0
1506555049,22425909,4218.00,0.01065376,0
1506555043,22425901,4218.00,0.23651019,0
1506555041,22425900,4223.00,0.06942444,0
1506555040,22425899,4223.00,0.02088798,0
1506555040,22425898,4219.37,0.01780000,0
1506555038,22425896,4219.37,0.01000000,0
1506555035,22425894,4219.37,0.02820000,0
1506555029,22425890,4218.97,0.04205800,0
1506555016,22425882,4215.36,0.05000000,1
1506555011,22425881,4215.32,0.02668048,1
1506555009,22425880,4215.32,0.00500000,0
1506554999,22425877,4219.00,2.47010000,0
1506554997,22425876,4215.00,0.82474596,1
1506554996,22425873,4219.00,0.23643043,0
1506554989,22425866,4219.00,1.54240000,0
1506554981,22425860,4215.46,0.01000000,0
1506554965,22425856,4221.99,0.05000000,0
1506554952,22425851,4222.99,0.01078174,1
1506554946,22425847,4223.04,0.23627529,0
1506554942,22425841,4223.00,0.03537044,1
1506554924,22425824,4223.00,0.23170708,0
1506554913,22425816,4222.99,0.03542987,0
1506554912,22425815,4219.00,0.68613190,0
1506554909,22425813,4219.03,0.10000000,1
1506554907,22425811,4222.99,0.17627320,1
1506554897,22425807,4222.94,0.00870000,0
1506554871,22425794,4219.00,10.00000000,1
1506554868,22425790,4223.00,2.38160048,0
1506554868,22425789,4222.99,0.11839952,0
1506554866,22425786,4222.91,0.96521127,0
1506554866,22425785,4219.01,0.03372649,0
1506554864,22425779,4219.00,0.04489280,1
1506554861,22425776,4219.00,0.04538242,1
1506554860,22425773,4219.00,0.06838221,1
1506554858,22425772,4219.01,0.01165593,0
1506554848,22425762,4223.17,0.12020463,1
1506554847,22425760,4226.73,0.01165593,1
1506554847,22425758,4226.73,0.00787620,0
1506554845,22425753,4223.17,0.05590000,1
1506554845,22425751,4223.17,0.02644348,1
1506554845,22425750,4223.17,0.02181290,1
1506554844,22425749,4223.17,0.02213743,1
1506554844,22425748,4224.99,0.01881986,1
1506554843,22425745,4224.99,0.04545668,0
1506554839,22425742,4226.08,0.45121786,0
1506554839,22425741,4226.00,0.04600000,0
1506554839,22425739,4225.54,0.01445149,0
1506554839,22425738,4225.54,0.00519096,0
1506554839,22425737,4225.54,0.01964245,0
1506554839,22425736,4225.00,0.03913971,0
1506554837,22425735,4223.16,0.06147324,0
1506554837,22425734,4223.16,0.12363567,0
1506554832,22425719,4225.00,0.01952175,0
1506554830,22425717,4223.16,0.06400000,1
1506554829,22425716,4225.00,0.00383854,0
1506554829,22425715,4224.94,0.00793800,0
1506554829,22425714,4224.70,0.01096482,0
1506554829,22425713,4224.70,0.03596958,0
1506554829,22425712,4224.42,0.00193080,0
1506554829,22425711,4224.00,0.04600000,0
1506554828,22425709,4223.75,0.00191026,0
1506554827,22425705,4223.16,0.31948607,1
1506554824,22425700,4222.00,0.04600000,0
1506554824,22425699,4221.90,0.00143537,0
1506554823,22425698,4221.67,0.01966047,0
1506554823,22425697,4221.15,0.00196069,0
1506554823,22425696,4221.00,0.18000000,0
1506554823,22425695,4221.00,0.05600000,0
1506554823,22425694,4221.00,0.05600000,0
1506554823,22425693,4221.00,0.36000000,0
1506554823,22425692,4220.00,0.28082550,0
1506554823,22425691,4219.01,0.36083026,0
1506554822,22425690,4219.00,0.26180247,0
1506554822,22425688,4219.00,0.22263023,0
1506554820,22425684,4219.00,0.02000236,0
1506554817,22425675,4219.00,5.00000000,0
1506554808,22425663,4219.00,1.72365701,0
1506554800,22425652,4219.00,1.06920576,0
1506554800,22425650,4219.00,0.00142176,0
1506554798,22425647,4219.00,1.20128041,0
1506554798,22425646,4217.62,0.10294850,1
1506554796,22425640,4219.00,0.50000000,1
1506554792,22425639,4220.00,4.89640619,0
1506554792,22425638,4220.00,0.10359381,0
1506554792,22425637,4220.00,4.89640619,0
1506554791,22425636,4219.01,0.50000000,1
1506554791,22425635,4219.01,0.01996000,1
1506554790,22425634,4220.00,7.38000000,0
1506554790,22425633,4219.01,0.06094819,1
1506554790,22425632,4219.01,0.03799320,1
1506554789,22425631,4220.00,0.99432943,0
1506554788,22425629,4220.00,6.72926438,0
1506554788,22425628,4220.00,5.18325794,0
1506554788,22425626,4220.00,0.19890520,0
1506554787,22425624,4220.00,0.19883310,0
1506554787,22425623,4220.00,0.01764000,0
1506554787,22425622,4220.00,0.19876270,0
1506554787,22425621,4220.00,0.00200000,0
1506554787,22425620,4220.00,0.00200000,0
1506554787,22425619,4220.00,0.00200000,0
1506554786,22425618,4220.00,0.00200000,0
1506554786,22425617,4220.00,0.19869233,0
1506554786,22425616,4220.00,0.02058000,0
1506554786,22425615,4220.00,0.19862198,0
1506554786,22425614,4220.00,0.02401000,0
1506554785,22425613,4220.00,0.50000000,0
1506554785,22425612,4220.00,0.19855166,0
1506554785,22425611,4220.00,0.02801000,0
1506554785,22425610,4220.00,0.03268000,0
1506554785,22425609,4220.00,0.19848136,0
1506554785,22425608,4220.00,0.19841109,0
1506554784,22425607,4220.00,0.13629826,0
1506554781,22425599,4220.00,0.01954644,0
1506554779,22425597,4220.00,0.04249281,0
1506554779,22425596,4220.00,0.03813000,0
1506554779,22425595,4220.00,0.19826729,0
1506554779,22425594,4220.00,0.04448000,0
1506554779,22425593,4220.00,0.05190000,0
1506554779,22425592,4220.00,0.14341753,0
1506554779,22425591,4220.00,0.06055000,0
1506554778,22425590,4220.00,0.92717000,0
1506554778,22425589,4220.00,0.19796554,0
1506554778,22425588,4220.00,0.14800000,0
1506554778,22425587,4220.00,0.58834477,0
1506554778,22425586,4220.00,0.01184597,0
1506554778,22425585,4220.00,0.04743609,0
1506554777,22425584,4220.00,0.95256391,0
1506554777,22425583,4220.00,0.04600000,0
1506554777,22425582,4219.79,0.00143609,0
1506554773,22425572,4219.00,1.00000000,0
1506554773,22425571,4219.00,0.14000000,0
1506554773,22425570,4218.99,0.70000000,0
1506554773,22425569,4218.54,0.01967434,0
1506554769,22425568,4218.00,0.07000000,1
1506554768,22425567,4218.00,0.00191025,0
1506554768,22425566,4218.00,0.02642745,0
1506554766,22425565,4218.00,0.01957255,0
1506554764,22425562,4217.67,0.01967911,0
1506554764,22425561,4217.62,0.00189444,0
1506554764,22425560,4217.12,0.00793800,0
1506554764,22425559,4217.00,4.68087384,0
1506554759,22425556,4217.00,3.42091872,0
1506554757,22425555,4217.00,0.01736000,0
1506554756,22425554,4217.00,7.00000000,0
1506554755,22425553,4217.00,0.04789431,0
1506554754,22425551,4217.00,5.00000000,0
1506554753,22425546,4217.00,0.00868000,0
1506554751,22425542,4217.00,0.04257616,0
1506554748,22425538,4217.00,0.01736000,0
1506554747,22425537,4217.00,4.11422660,0
1506554747,22425536,4217.00,0.01132000,0
1506554743,22425534,4217.00,0.00868000,0
1506554739,22425531,4216.60,0.99818461,0
1506554738,22425530,4216.60,0.04727372,0
1506554738,22425529,4216.60,0.77472347,0
1506554738,22425528,4216.58,0.17075094,0
1506554737,22425527,4216.58,0.01736000,0
1506554734,22425523,4216.58,0.00125000,0
1506554733,22425522,4216.58,0.00868000,0
1506554727,22425521,4216.58,0.01736000,0
1506554723,22425510,4216.58,0.00868000,0
1506554721,22425506,4216.58,0.07055351,0
1506554721,22425504,4216.58,0.06447131,0
1506554721,22425503,4216.58,0.04994135,0
1506554721,22425501,4216.58,0.02870846,0
1506554721,22425500,4216.58,0.01413668,0
1506554720,22425498,4216.58,0.04810775,0
1506554720,22425497,4216.00,0.00403827,0
1506554719,22425496,4216.00,0.04196173,0
1506554719,22425495,4215.83,0.02228977,0
1506554719,22425494,4215.83,0.04415103,0
1506554719,22425493,4215.83,0.00255920,0
1506554718,22425492,4215.43,0.02188000,0
1506554718,22425489,4215.43,0.01736000,0
1506554716,22425487,4212.04,0.01088564,1
1506554716,22425485,4214.11,0.03472000,1
1506554716,22425484,4214.83,0.00190030,1
1506554712,22425481,4215.43,0.00868000,0
1506554709,22425477,4215.43,0.01736000,0
1506554702,22425475,4215.43,0.00868000,0
1506554698,22425474,4215.42,0.01736000,0
1506554692,22425440,4215.42,0.00868000,0
1506554688,22425438,4214.96,0.00868000,0
1506554684,22425433,4214.90,1.92551912,0
1506554684,22425432,4214.90,9.82788590,1
1506554683,22425430,4214.90,0.12893550,1
1506554682,22425429,4215.43,0.00868000,0
1506554677,22425427,4215.43,0.01736000,0
1506554676,22425424,4214.90,0.04317860,0
1506554672,22425423,4214.90,0.01736000,0
1506554669,22425422,4212.02,0.95395494,1
1506554667,22425421,4214.90,0.00868000,0
1506554665,22425419,4212.02,0.29790877,1
1506554662,22425418,4214.90,0.00868000,0
1506554659,22425417,4214.90,0.01740140,0
1506554659,22425416,4212.96,0.04179900,0
1506554657,22425415,4212.96,0.01736000,0
1506554652,22425413,4212.96,0.00868000,0
1506554643,22425409,4212.96,0.00750000,0
1506554584,22425388,4212.96,0.00526100,0
1506554563,22425364,4212.96,0.01740000,0
1506554557,22425361,4212.79,0.00870000,0
1506554552,22425356,4212.82,0.00870000,0
1506554543,22425355,4212.87,0.00870000,0
1506554532,22425339,4211.85,0.01740000,0
1506554528,22425337,4211.86,0.50941542,0
1506554527,22425336,4211.86,0.00870000,0
1506554522,22425330,4211.91,0.01740000,0
1506554517,22425325,4213.74,0.00870000,0
1506554517,22425324,4213.74,0.05850694,0
1506554512,22425321,4211.96,0.00247742,0
1506554512,22425320,4211.65,0.00622258,0
1506554508,22425317,4211.62,0.01740000,0
1506554503,22425315,4211.61,0.23270647,1
1506554502,22425313,4211.62,0.00870000,0
1506554498,22425309,4211.62,0.01740000,0
1506554493,22425303,4211.61,0.13042045,1
1506554492,22425302,4211.64,0.00870000,0
1506554488,22425301,4211.62,0.00870000,0
1506554485,22425297,4210.11,0.02589128,1
1506554482,22425296,4211.64,0.00870000,0
1506554479,22425294,4210.12,0.55403990,0
1506554478,22425293,4210.11,0.12152583,1
1506554475,22425292,4211.65,0.08177742,0
1506554475,22425291,4210.13,0.01030000,0
1506554465,22425286,4210.12,0.09122507,0
1506554462,22425283,4210.13,0.00870000,0
1506554457,22425278,4210.09,0.00870000,0
1506554442,22425264,4208.99,0.06348367,1
1506554442,22425263,4208.99,0.04402318,1
1506554439,22425261,4206.43,0.00021512,0
1506554433,22425255,4206.41,0.18433219,0
1506554429,22425250,4206.42,0.33178727,0
1506554429,22425249,4206.42,0.23688164,0
1506554427,22425248,4206.42,0.08964034,1
1506554425,22425245,4202.81,0.12825764,1
1506554421,22425242,4206.43,0.13378488,0
1506554421,22425241,4202.82,0.06782437,1
1506554421,22425240,4202.82,1.76273549,1
1506554420,22425239,4202.85,0.00567057,1
1506554416,22425229,4206.43,0.00356376,1
1506554401,22425216,4208.66,0.78170281,1
1506554398,22425212,4208.96,0.01603479,0
1506554398,22425211,4208.63,0.97230700,0
1506554375,22425198,4208.26,0.02236775,1
1506554373,22425197,4208.26,0.20891481,0
1506554373,22425196,4205.98,0.11887836,0
1506554361,22425192,4206.88,0.03560000,0
1506554361,22425190,4205.99,0.09793427,0
1506554356,22425185,4199.57,0.00698914,1
1506554352,22425180,4205.99,0.05806573,0
1506554341,22425171,4208.47,0.11868930,0
1506554319,22425162,4208.46,0.02769300,0
1506554305,22425150,4199.45,0.05594222,1
1506554305,22425149,4202.13,0.04776449,1
1506554287,22425141,4208.65,0.26968999,0
1506554245,22425126,4205.00,0.09058350,1
1506554245,22425125,4205.01,0.03558812,1
1506554191,22425103,4203.81,0.14600000,0
1506554169,22425096,4202.31,0.07009694,0
1506554169,22425095,4202.31,0.21123024,0
1506554169,22425094,4200.77,0.01000000,0
1506554165,22425091,4199.00,0.95939158,1
1506554165,22425090,4199.02,0.04060842,1
1506554153,22425081,4200.00,1.00000000,1
1506554151,22425080,4200.03,0.03512801,0
1506554146,22425077,4200.01,0.98502229,0
1506554145,22425075,4200.01,0.01497771,1
1506554142,22425071,4200.03,1.00000000,1
1506554141,22425070,4200.04,0.14918989,0
1506554139,22425068,4200.04,0.01497568,0
1506554134,22425066,4203.80,0.11580978,0
1506554134,22425065,4203.80,0.14585453,0
1506554122,22425058,4200.25,1.00000000,0
1506554120,22425057,4200.38,0.00591851,0
1506554114,22425056,4200.38,1.00000000,1
1506554110,22425054,4200.35,0.89726364,0
1506554109,22425053,4200.38,0.10273636,1
1506554098,22425051,4203.18,0.11864481,0
1506554076,22425048,4200.76,0.23463892,1
1506554075,22425047,4200.77,0.87150000,1
1506554069,22425042,4200.69,0.89726364,0
1506554049,22425029,4206.40,0.21465494,1
1506554047,22425028,4206.40,0.28382832,1
1506554047,22425027,4207.01,0.06000000,1
1506554047,22425026,4209.07,0.00190029,1
1506554046,22425025,4210.00,0.22086460,1
1506554046,22425024,4210.00,3.20005412,1
1506554045,22425021,4210.00,7.00000000,1
1506554045,22425020,4210.00,5.00000000,1
1506554043,22425019,4210.00,12.94130000,1
1506554040,22425014,4210.00,0.34737613,1
1506554040,22425013,4210.09,0.02031220,1
1506554036,22425010,4212.00,0.00788082,1
1506554031,22425008,4214.36,2.27528943,1
1506554027,22425006,4215.43,6.81666401,1
1506554026,22425005,4215.18,0.03200000,0
1506554026,22425004,4215.00,4.00000000,1
1506554024,22425002,4215.00,1.00000000,0
1506554020,22424996,4212.00,0.01170000,0
1506554016,22424995,4212.00,0.01169279,0
1506554015,22424994,4214.69,1.47079989,0
1506554015,22424993,4214.69,0.76000000,1
1506554015,22424991,4214.00,0.02100000,0
1506554015,22424990,4214.00,2.20000000,0
1506554015,22424988,4214.00,0.04600000,0
1506554014,22424986,4213.24,0.67780792,0
1506554014,22424984,4213.17,0.01902324,0
1506554014,22424983,4213.06,0.01970063,0
1506554013,22424982,4212.92,0.00193078,0
1506554013,22424981,4212.34,0.19600000,0
1506554013,22424980,4212.24,0.00191024,0
1506554011,22424979,4212.00,6.44090018,0
1506554003,22424978,4212.00,0.82474596,0
1506554000,22424977,4210.00,0.57176446,1
1506554000,22424976,4210.08,0.10224554,1
1506553966,22424967,4210.06,0.00887872,1
1506553904,22424950,4212.00,0.20000000,0
1506553902,22424947,4210.01,0.11071708,0
1506553897,22424944,4210.01,0.19300848,1
1506553894,22424938,4211.67,0.11067589,0
1506553894,22424937,4211.01,0.00550000,0
1506553876,22424930,4210.00,0.11109900,1
1506553876,22424929,4210.05,0.08099327,1
1506553868,22424927,4210.04,0.03900000,1
1506553865,22424926,4210.05,0.02290000,1
1506553864,22424925,4212.00,0.00868000,0
1506553861,22424924,4212.00,0.01804838,0
1506553820,22424916,4212.00,11.85780152,0
1506553808,22424913,4210.00,0.40647430,1
1506553807,22424911,4210.00,0.08393400,1
1506553803,22424905,4212.00,0.45845556,0
1506553803,22424904,4211.99,0.07798602,0
1506553801,22424903,4211.99,0.04072271,0
1506553789,22424899,4210.00,0.05144989,1
1506553789,22424898,4210.00,0.07370791,1
1506553778,22424896,4210.00,0.68150363,1
1506553778,22424895,4210.01,0.11849637,1
1506553770,22424890,4210.01,0.02727914,1
1506553770,22424889,4210.01,0.02000000,1
1506553770,22424888,4210.01,0.02757439,1
1506553770,22424886,4210.01,0.71612621,1
1506553769,22424885,4210.01,0.08820474,1
1506553769,22424884,4210.01,0.05901658,1
1506553769,22424883,4210.01,0.13050209,1
1506553769,22424882,4210.01,1.22754001,1
1506553768,22424881,4210.00,0.02000000,1
1506553768,22424880,4210.00,0.08024289,1
1506553768,22424879,4210.00,0.02109628,1
1506553768,22424878,4210.00,0.02500000,1
1506553768,22424877,4210.00,0.01741987,1
1506553767,22424876,4210.00,0.51641460,1
1506553767,22424875,4210.00,0.01600000,1
1506553766,22424874,4210.00,0.06000000,1
1506553766,22424873,4210.00,0.02861026,1
1506553766,22424872,4210.00,0.02400606,1
1506553766,22424871,4210.00,0.20866585,1
1506553766,22424870,4212.00,0.01960004,0
1506553763,22424869,4212.00,0.17176836,0
1506553763,22424868,4212.00,0.04600000,0
1506553763,22424867,4211.70,0.00500180,0
1506553762,22424866,4210.96,0.01971048,0
1506553762,22424865,4210.87,0.01043069,0
1506553762,22424863,4210.84,0.62834695,0
1506553762,22424862,4210.82,0.11874172,0
1506553759,22424861,4210.00,1.64140490,1
1506553759,22424860,4210.46,0.36599400,1
1506553758,22424859,4210.46,0.10000000,1
1506553756,22424857,4210.46,0.50000000,1
1506553753,22424856,4210.46,0.03400600,0
1506553747,22424853,4210.00,0.11558772,1
1506553741,22424849,4210.01,0.47631569,1
1506553729,22424836,4210.00,1.93044401,1
1506553728,22424835,4210.02,0.06955599,1
1506553722,22424832,4210.01,2.21123211,1
1506553710,22424823,4210.00,0.40443863,1
1506553710,22424821,4210.00,0.01070707,1
1506553709,22424819,4210.00,1.00000000,0
1506553709,22424818,4210.00,1.23855903,0
1506553709,22424817,4210.00,0.20000000,0
1506553709,22424816,4210.00,11.97273939,0
1506553696,22424808,4210.00,0.88337292,0
1506553695,22424807,4210.00,5.14388769,0
1506553692,22424806,4210.00,0.26087078,0
1506553689,22424802,4210.00,6.73912922,0
1506553689,22424801,4210.00,0.01187411,0
1506553689,22424800,4210.00,0.04600000,0
1506553689,22424799,4209.65,0.00196067,0
1506553689,22424798,4209.26,0.00803600,0
1506553689,22424797,4209.23,0.19300000,0
1506553684,22424796,4209.00,0.65685936,0
1506553681,22424794,4209.00,5.00000000,0
1506553680,22424793,4209.00,7.00000000,0
1506553679,22424792,4209.00,5.00000000,0
1506553679,22424791,4207.24,0.17743742,0
1506553656,22424775,4207.01,0.09951240,1
1506553629,22424763,4201.69,0.06610779,1
1506553595,22424746,4202.41,0.12172048,0
1506553595,22424745,4202.41,0.07943677,0
1506553594,22424744,4202.99,0.01445149,1
1506553590,22424742,4207.24,0.00231166,0
1506553590,22424741,4207.24,0.00204817,0
1506553590,22424740,4207.24,0.00190553,0
1506553589,22424738,4207.24,0.00200728,0
1506553589,22424737,4207.24,0.00214615,0
1506553589,22424736,4207.24,0.00237981,0
1506553589,22424735,4207.24,0.00302985,0
1506553588,22424734,4207.24,0.00252996,0
1506553588,22424733,4207.24,0.00332204,0
1506553586,22424731,4207.24,0.00788213,0
1506553569,22424727,4202.99,0.00519096,1
1506553568,22424725,4203.01,0.14292372,1
1506553555,22424713,4207.27,0.02445520,0
1506553553,22424710,4207.27,0.71150428,0
1506553550,22424703,4207.00,0.07000836,0
1506553550,22424702,4202.99,0.04903764,0
1506553549,22424701,4202.99,0.01964245,0
1506553548,22424699,4202.99,0.05028284,0
1506553547,22424698,4209.00,2.34314064,0
1506553547,22424697,4209.00,0.12350000,0
1506553547,22424696,4208.91,0.02582200,0
1506553546,22424695,4208.88,0.20000000,0
1506553546,22424694,4208.70,0.00141282,0
1506553546,22424693,4208.70,0.00153358,0
1506553546,22424692,4208.70,0.00225699,0
1506553546,22424691,4208.70,0.00234663,0
1506553546,22424690,4208.70,0.00212540,0
1506553546,22424689,4208.70,0.00234503,0
1506553546,22424688,4208.70,0.00202976,0
1506553545,22424687,4208.70,0.00244623,0
1506553545,22424686,4208.70,0.00257652,0
1506553545,22424685,4208.70,0.00247561,0
1506553545,22424684,4208.00,0.03600000,0
1506553545,22424683,4208.00,0.04182200,0
1506553545,22424682,4208.00,0.04600000,0
1506553545,22424681,4207.89,0.01656915,0
1506553545,22424680,4207.89,0.00315572,0
1506553545,22424679,4207.53,0.00189899,0
1506553544,22424678,4207.31,0.02865893,0
1506553544,22424677,4207.29,2.00000000,0
1506553544,22424676,4207.01,0.01188400,0
1506553544,22424675,4207.00,0.10000000,0
1506553541,22424674,4199.95,0.30622414,1
1506553528,22424667,4199.60,0.03354700,1
1506553527,22424666,4199.58,0.05319962,1
1506553527,22424665,4203.51,0.01546278,1
1506553527,22424664,4203.51,0.02495001,1
1506553527,22424663,4203.51,0.02994003,1
1506553527,22424662,4203.51,0.05233222,1
1506553526,22424660,4203.51,0.05711496,1
1506553526,22424659,4205.38,0.04288504,1
1506553526,22424658,4205.38,0.02005980,1
1506553524,22424657,4207.00,6.23905525,1
1506553524,22424656,4207.00,7.00000000,1
1506553523,22424655,4207.00,2.37150000,1
1506553521,22424653,4207.00,3.81643900,1
1506553520,22424652,4207.00,2.36841762,1
1506553520,22424651,4207.01,0.00758238,1
1506553519,22424650,4207.01,0.12400000,1
1506553519,22424649,4207.31,0.07134107,0
1506553508,22424642,4207.00,13.00000000,1
1506553504,22424641,4207.01,0.30700000,1
1506553497,22424638,4207.00,0.06038821,0
1506553497,22424637,4206.59,12.76509992,0
1506553497,22424636,4206.58,2.37910000,0
1506553488,22424631,4206.59,35.12482872,0
1506553487,22424630,4206.50,5.00000000,0
1506553487,22424629,4206.49,0.00192023,0
1506553487,22424628,4206.26,6.57162300,0
1506553487,22424627,4206.21,0.87150000,0
1506553487,22424626,4205.38,0.05472805,0
1506553487,22424625,4205.34,2.37540000,0
1506553427,22424580,4199.18,0.17900000,1
1506553397,22424564,4199.13,0.06450000,1
1506553387,22424556,4205.38,0.05826578,0
1506553361,22424542,4199.09,0.79200000,0
1506553359,22424516,4199.10,0.01000000,1
1506553348,22424511,4204.48,0.04743512,0
1506553347,22424510,4199.10,0.01476269,0
1506553347,22424509,4199.09,0.00528026,0
1506553336,22424506,4199.04,0.07690452,1
1506553334,22424504,4199.10,2.00000000,0
1506553329,22424502,4199.10,0.28523731,0
1506553327,22424501,4199.09,0.02361039,0
1506553317,22424496,4199.00,0.05554738,1
1506553317,22424495,4199.00,0.03103610,1
1506553312,22424494,4204.49,0.10857449,0
1506553312,22424493,4204.48,0.11892077,0
1506553311,22424491,4199.00,2.10870600,1
1506553302,22424487,4199.01,0.25814665,1
1506553301,22424486,4199.06,0.24365538,1
1506553301,22424485,4199.10,0.02779903,1
1506553288,22424481,4199.07,0.09389662,1
1506553287,22424480,4199.07,0.46859304,1
1506553278,22424475,4201.98,0.81643900,0
1506553277,22424474,4201.98,7.00000000,0
1506553268,22424467,4199.07,0.99680000,1
1506553265,22424466,4199.06,0.00500000,1
1506553263,22424464,4205.38,0.22059362,0
1506553250,22424462,4205.38,0.77585432,0
1506553250,22424461,4205.06,2.37700000,0
1506553250,22424460,4205.00,0.04714568,0
1506553219,22424439,4203.99,0.03381073,0
1506553216,22424437,4199.01,1.00000000,0
1506553199,22424431,4199.00,0.08642200,1
1506553193,22424430,4199.00,1.00000000,1
1506553191,22424429,4199.01,1.00000000,1
1506553190,22424428,4204.37,0.03723606,0
1506553189,22424427,4199.00,0.20000000,1
1506553187,22424426,4199.00,0.86195042,1
1506553184,22424424,4199.00,1.00000000,1
1506553182,22424423,4199.00,1.00000000,1
1506553176,22424419,4199.00,0.50851344,1
1506553175,22424418,4199.00,0.14030000,1
1506553161,22424413,4199.01,2.00000000,1
1506553159,22424412,4199.01,0.01050506,1
1506553159,22424411,4199.00,0.26597007,1
1506553158,22424410,4199.00,0.35197220,1
1506553157,22424409,4199.00,0.31860752,1
1506553155,22424408,4199.00,0.00388775,1
1506553155,22424407,4200.25,0.04579185,1
1506553149,22424401,4200.25,0.83879502,1
1506553147,22424400,4200.10,1.27318754,1
1506553144,22424394,4200.24,0.08455000,1
1506553142,22424393,4201.42,0.00887000,0
1506553121,22424389,4199.00,0.81840232,1
1506553120,22424388,4200.00,3.00000000,0
1506553120,22424387,4200.00,7.00000000,0
1506553104,22424381,4201.42,6.89931809,0
1506553104,22424380,4200.74,0.00192022,0
1506553104,22424379,4200.34,2.07673970,0
1506553104,22424378,4199.97,0.11904847,0
1506553094,22424373,4199.01,0.00900000,1
1506553088,22424369,4199.00,0.20004286,1
1506553044,22424360,4199.00,0.54316443,1
1506553043,22424357,4199.00,0.67640859,1
1506553042,22424356,4199.01,0.10376703,1
1506553034,22424345,4199.00,1.20588151,1
1506553029,22424341,4199.00,3.79411849,1
1506553028,22424340,4199.00,5.00000000,1
1506553028,22424339,4199.00,2.58436427,1
1506553026,22424336,4199.00,7.00000000,1
1506553025,22424335,4199.00,7.00000000,1
1506553024,22424334,4199.00,13.00000000,1
1506553024,22424333,4199.00,2.34080247,1
1506553023,22424332,4199.00,4.00000000,1
1506553022,22424331,4199.00,1.00000000,1
1506553022,22424330,4198.00,0.28071477,0
1506553022,22424329,4197.95,4.00000000,0
1506553012,22424328,4193.22,0.81320000,1
1506552964,22424317,4197.99,0.05464996,0
1506552962,22424315,4193.76,1.00000000,1
1506552960,22424314,4193.75,0.03739850,1
1506552955,22424312,4193.81,0.66000000,1
1506552952,22424311,4193.81,1.00000000,1
1506552948,22424304,4198.00,0.42962810,0
1506552947,22424303,4198.00,2.00000000,0
1506552944,22424302,4198.00,0.02732751,0
1506552938,22424298,4198.00,0.10000000,0
1506552938,22424297,4198.00,0.10000000,0
1506552934,22424295,4198.00,0.01000000,0
1506552930,22424294,4198.00,6.99000000,0
1506552929,22424293,4197.99,0.01000000,0
1506552922,22424292,4193.69,0.04394003,1
1506552920,22424289,4198.00,0.06232962,0
1506552911,22424281,4191.34,0.16763790,1
1506552910,22424280,4192.00,0.07279317,1
1506552910,22424279,4192.00,0.82720683,0
1506552904,22424276,4190.12,0.20000000,1
1506552904,22424274,4192.00,0.05472805,0
1506552903,22424273,4192.00,0.05460000,0
1506552899,22424270,4192.00,0.03670520,0
1506552888,22424269,4192.00,0.00957498,0
1506552887,22424268,4192.00,0.00189844,0
1506552883,22424267,4192.00,0.57194400,0
1506552879,22424266,4190.03,0.02012704,1
1506552879,22424265,4190.07,0.11587296,1
1506552871,22424260,4190.07,0.01415951,1
1506552846,22424243,4190.04,3.98951203,1
1506552841,22424239,4190.03,0.24113100,1
1506552826,22424224,4190.02,0.01985223,1
1506552797,22424218,4186.84,0.02360000,1
1506552792,22424213,4192.00,2.35726310,0
1506552790,22424209,4192.00,7.00000000,0
1506552790,22424208,4192.00,5.00000000,0
1506552789,22424207,4192.00,0.33883340,0
1506552788,22424206,4188.88,0.10726660,0
1506552784,22424203,4188.88,0.01209705,0
1506552760,22424199,4184.14,1.28006447,1
1506552760,22424198,4184.17,1.00000000,1
1506552751,22424191,4188.90,0.10693553,0
1506552738,22424189,4190.40,2.22619533,1
1506552738,22424188,4190.30,0.27380467,0
1506552735,22424187,4190.00,2.57436427,0
1506552735,22424186,4190.39,0.45153573,1
1506552732,22424185,4190.50,2.64273690,0
1506552724,22424184,4190.50,0.02721300,0
1506552723,22424183,4190.49,0.09551600,0
1506552712,22424180,4190.39,0.03600000,1
1506552687,22424174,4190.39,1.23921416,1
1506552685,22424173,4190.50,0.02356521,0
1506552681,22424170,4190.39,0.01501649,1
1506552681,22424169,4190.39,0.03026873,1
1506552681,22424168,4190.39,0.02898774,1
1506552663,22424131,4190.38,0.08148376,0
1506552663,22424130,4190.35,0.11749339,0
1506552660,22424121,4190.38,0.03783716,0
1506552658,22424119,4180.28,0.11748535,1
1506552657,22424118,4182.76,0.05834860,1
1506552654,22424117,4182.71,0.03623200,1
1506552626,22424115,4183.18,0.04492782,1
1506552583,22424102,4191.33,0.02399062,0
1506552549,22424091,4180.11,0.21884739,1
1506552548,22424090,4183.50,0.13696952,1
1506552527,22424074,4192.00,1.05432490,1
1506552526,22424073,4191.99,0.04000000,0
1506552526,22424072,4190.23,0.11868561,0
1506552524,22424071,4187.09,0.00072778,0
1506552517,22424068,4187.09,0.11868690,0
1506552510,22424067,4182.56,0.14148401,1
1506552506,22424065,4182.27,0.83233286,1
1506552505,22424064,4182.25,0.04029543,1
1506552505,22424063,4182.25,0.05008610,1
1506552505,22424062,4182.25,0.01149079,1
1506552505,22424061,4182.26,0.01268647,1
1506552498,22424060,4190.00,0.05000000,0
1506552491,22424058,4190.02,0.06814370,1
1506552489,22424056,4190.02,0.03382403,1
1506552487,22424055,4190.02,13.00000000,1
1506552486,22424054,4190.02,0.28832300,1
1506552484,22424050,4190.02,15.10487020,1
1506552484,22424049,4190.03,0.11512980,1
1506552473,22424043,4190.02,0.08372600,1
1506552470,22424038,4190.02,2.16800000,1
1506552469,22424037,4190.02,2.50000000,1
1506552467,22424036,4190.02,0.05471307,1
1506552465,22424035,4190.02,15.07000000,1
1506552462,22424034,4182.27,1.62840000,0
1506552452,22424030,4183.29,0.87160000,1
1506552451,22424029,4190.21,1.62840000,1
1506552448,22424028,4190.20,0.87150000,0
1506552448,22424027,4190.02,5.20717896,1
1506552445,22424026,4190.02,15.31000000,1
1506552443,22424025,4190.02,4.00000000,1
1506552443,22424024,4190.02,0.01500000,0
1506552443,22424023,4190.00,0.14899601,0
1506552443,22424022,4190.00,0.02622499,0
1506552442,22424021,4187.83,0.12640000,0
1506552442,22424020,4187.79,6.88000000,0
1506552442,22424019,4187.27,0.05000000,0
1506552442,22424018,4187.10,2.38670000,0
1506552442,22424017,4184.82,7.07000000,0
1506552442,22424016,4184.80,7.79000000,0
1506552441,22424015,4184.74,0.98950004,0
1506552411,22424008,4184.69,0.01049996,0
1506552370,22423989,4180.01,0.01767833,1
1506552370,22423988,4180.01,0.07647715,1
1506552369,22423987,4179.40,0.01300300,0
1506552367,22423985,4171.50,4.69718306,1
1506552367,22423984,4171.51,0.30000000,1
1506552367,22423983,4171.69,1.31674571,1
1506552367,22423982,4172.10,1.63900000,1
1506552367,22423981,4172.22,7.90000000,1
1506552367,22423980,4173.90,6.78250000,1
1506552366,22423979,4173.93,1.00000000,1
1506552366,22423978,4180.00,0.14899601,1
1506552365,22423977,4187.12,0.00460000,0
1506552362,22423976,4180.01,0.05970306,1
1506552355,22423973,4184.85,0.15450979,0
1506552351,22423971,4182.26,0.11955259,0
1506552342,22423970,4180.00,0.02622499,1
1506552319,22423963,4182.87,0.32949721,1
1506552319,22423962,4188.21,0.17050279,1
1506552312,22423958,4185.83,0.05970534,0
1506552309,22423957,4181.20,0.50000000,1
1506552300,22423943,4182.25,0.68474648,1
1506552299,22423942,4182.30,0.87150000,1
1506552299,22423940,4182.25,0.84251018,1
1506552299,22423938,4184.05,0.05748982,1
1506552277,22423909,4184.04,0.02386044,1
1506552275,22423907,4181.04,0.01989308,1
1506552275,22423906,4180.80,1.83034659,0
1506552274,22423902,4183.65,0.15270000,1
1506552274,22423900,4184.00,0.00295341,1
1506552271,22423898,4191.22,2.49369131,1
1506552269,22423893,4191.22,0.00630869,1
1506552268,22423892,4184.00,0.01456585,1
1506552267,22423891,4192.39,0.42071301,1
1506552267,22423890,4192.39,0.73564868,1
1506552265,22423889,4192.39,0.28635518,1
1506552265,22423888,4191.22,0.11929701,0
1506552265,22423887,4190.00,0.59208612,0
1506552264,22423885,4190.02,1.79121388,1
1506552256,22423884,4190.02,0.68140813,1
1506552256,22423883,4190.03,0.05445061,1
1506552249,22423875,4190.02,0.02685018,1
1506552249,22423873,4190.02,13.00000000,1
1506552247,22423872,4190.02,2.42570000,1
1506552245,22423871,4190.02,0.17637000,1
1506552237,22423860,4190.02,0.06725974,1
1506552236,22423859,4190.04,0.00694026,1
1506552234,22423858,4190.62,2.50000000,1
1506552234,22423857,4192.40,7.25155520,1
1506552232,22423852,4192.40,1.63665791,1
1506552232,22423851,4192.40,0.21205569,1
1506552231,22423850,4192.40,0.31595700,1
1506552231,22423848,4192.40,0.54738509,1
1506552230,22423847,4190.63,0.03638911,0
1506552226,22423843,4190.63,0.01391089,0
1506552217,22423833,4192.44,2.50000000,0
1506552213,22423832,4192.42,2.50000000,0
1506552213,22423830,4190.02,2.50000000,1
1506552211,22423828,4190.02,0.17872148,1
1506552211,22423827,4190.03,0.11612451,1
1506552211,22423825,4190.57,0.14740000,1
1506552209,22423823,4192.39,0.04769996,0
1506552192,22423809,4190.02,2.50000000,1
1506552191,22423808,4190.02,0.82310484,1
1506552188,22423801,4190.02,15.00000000,1
1506552188,22423799,4190.02,0.21177965,1
1506552187,22423793,4190.02,0.19706922,1
1506552186,22423792,4190.02,2.38740000,1
1506552186,22423790,4190.01,8.03312288,0
1506552185,22423789,4190.01,0.19707112,0
1506552184,22423787,4190.00,0.02433174,0
1506552183,22423785,4190.00,0.09500000,0
1506552171,22423784,4184.00,0.04699408,1
1506552151,22423773,4184.00,0.00738666,1
1506552151,22423772,4184.05,0.00360361,1
1506552133,22423763,4190.96,0.01037165,0
1506552126,22423759,4184.06,0.00500000,1
1506552126,22423758,4184.06,0.09840413,1
1506552125,22423756,4190.99,0.02183200,0
1506552122,22423754,4190.99,0.18069190,0
1506552122,22423753,4190.22,0.02386510,0
1506552094,22423747,4190.24,0.00949184,0
1506552064,22423742,4190.00,9.89846694,1
1506552064,22423741,4190.01,0.13212570,1
1506552048,22423739,4190.00,7.00000000,1
1506552048,22423738,4190.00,7.00000000,1
1506552046,22423737,4190.00,0.92265218,1
1506552045,22423736,4189.99,7.84284005,0
1506552045,22423735,4189.45,2.38410000,0
1506552045,22423734,4189.40,0.04139014,0
1506552045,22423733,4189.39,4.00000000,0
1506552045,22423732,4189.34,0.91055069,0
1506552030,22423728,4183.07,0.01400000,1
1506552010,22423720,4189.40,0.00269000,0
1506551998,22423716,4189.39,0.00952406,0
1506551996,22423713,4189.39,0.00545205,0
1506551996,22423712,4189.39,0.06237171,0
1506551986,22423683,4182.62,0.01677000,1
1506551970,22423676,4188.74,0.23164471,0
1506551960,22423670,4196.48,0.11902845,1
1506551957,22423669,4200.00,2.08797475,1
1506551956,22423668,4197.55,7.32622953,0
1506551956,22423667,4197.47,0.16990000,0
1506551956,22423666,4197.41,0.87150000,0
1506551956,22423665,4191.13,0.05000000,0
1506551955,22423664,4188.59,0.11937191,0
1506551952,22423663,4185.43,1.00000000,1
1506551951,22423662,4185.25,1.00000000,0
1506551948,22423655,4185.25,0.91055069,0
1506551948,22423654,4185.25,0.01344684,0
1506551947,22423652,4185.39,0.07600247,1
1506551945,22423647,4185.38,1.00000000,1
1506551944,22423645,4185.36,0.94178521,1
1506551944,22423644,4185.36,0.87150000,1
1506551941,22423637,4185.26,1.00000000,1
1506551934,22423632,4191.12,0.06508267,0
1506551926,22423630,4189.40,0.87150000,0
1506551923,22423629,4191.14,0.18779404,1
1506551921,22423628,4191.13,1.00000000,0
1506551918,22423622,4191.13,0.12756179,1
1506551915,22423618,4194.70,0.21345763,0
1506551909,22423617,4195.50,4.00000000,1
1506551904,22423610,4200.00,6.17689516,1
1506551903,22423607,4200.00,2.27396404,1
1506551902,22423605,4200.00,6.89880900,1
1506551901,22423604,4200.00,2.37980000,1
1506551900,22423603,4200.00,7.13100000,1
1506551900,22423602,4200.00,2.50000000,0
1506551900,22423601,4198.23,8.32000000,0
1506551900,22423600,4198.15,4.00000000,0
1506551900,22423599,4198.09,0.31953180,0
1506551890,22423596,4188.24,0.01206451,1
1506551884,22423595,4188.16,0.00618578,1
1506551877,22423589,4193.65,0.01967911,1
1506551870,22423578,4199.77,3.46760973,1
1506551870,22423577,4199.77,1.74300000,1
1506551870,22423576,4199.77,0.87150000,1
1506551870,22423575,4197.48,0.92557335,0
1506551869,22423574,4197.00,0.25000000,0
1506551869,22423573,4195.65,0.14300000,0
1506551869,22423572,4195.33,2.38500000,1
1506551868,22423571,4191.62,0.01979587,0
1506551866,22423570,4191.13,0.19452105,0
1506551857,22423565,4188.06,1.00000000,1
1506551840,22423558,4191.13,0.00547895,0
1506551829,22423557,4189.87,1.00000000,0
1506551827,22423555,4189.87,1.00000000,0
1506551826,22423554,4189.87,0.00178788,0
1506551821,22423552,4188.00,0.05630848,0
1506551819,22423550,4188.00,1.00000000,0
1506551814,22423549,4187.99,0.87150000,1
1506551812,22423548,4187.99,1.00000000,1
1506551802,22423545,4186.78,0.67285360,1
1506551801,22423544,4180.02,0.05225914,1
1506551799,22423538,4186.78,0.17426934,0
1506551798,22423535,4187.98,0.01971048,1
1506551797,22423534,4188.00,0.06618581,0
1506551796,22423533,4186.59,0.76614705,0
1506551796,22423532,4186.62,0.12850000,1
1506551793,22423530,4186.60,0.87150000,0
1506551769,22423528,4180.00,0.89259248,0
1506551769,22423527,4180.00,0.02797882,0
1506551768,22423525,4177.00,1.22780573,0
1506551767,22423523,4177.00,1.00000000,0
1506551766,22423522,4179.14,6.77078589,1
1506551765,22423516,4179.14,0.41050000,1
1506551763,22423515,4179.80,1.71220425,0
1506551763,22423514,4179.31,0.02496175,0
1506551761,22423509,4178.99,0.38113214,0
1506551759,22423508,4176.09,0.08975499,1
1506551756,22423507,4178.99,0.03124234,0
1506551740,22423504,4178.98,0.00772615,0
1506551735,22423501,4178.99,0.01136295,0
1506551730,22423499,4177.87,0.79994578,0
1506551729,22423498,4171.50,0.24400000,1
1506551729,22423497,4171.51,2.38450000,1
1506551729,22423496,4171.52,0.87150000,1
1506551717,22423491,4167.93,0.03918147,1
1506551717,22423490,4168.81,0.00192022,1
1506551717,22423487,4168.82,0.01979587,1
1506551716,22423482,4169.40,0.26382693,0
1506551716,22423481,4169.00,2.04938581,0
1506551701,22423480,4169.99,0.07922636,0
1506551696,22423475,4169.99,0.04067800,0
1506551688,22423468,4169.99,0.40000000,0
1506551688,22423467,4170.00,0.06050120,1
1506551688,22423466,4171.02,0.12497557,1
1506551684,22423458,4170.00,0.02632443,0
1506551684,22423457,4170.00,0.03420098,0
1506551682,22423456,4170.00,4.00000000,0
1506551681,22423452,4170.00,2.38820000,0
1506551680,22423451,4170.00,0.90000000,0
1506551680,22423450,4170.00,0.10120000,1
1506551680,22423449,4170.50,0.50000000,1
1506551680,22423448,4172.00,22.65395343,1
1506551680,22423447,4172.03,1.02494000,1
1506551680,22423446,4172.91,1.74300000,1
1506551680,22423445,4173.52,0.40706029,1
1506551679,22423444,4173.54,0.87150000,1
1506551679,22423443,4174.56,0.00192023,1
1506551679,22423442,4175.00,0.04770064,1
1506551679,22423441,4175.00,0.10000000,1
1506551672,22423439,4175.00,1.67639665,1
1506551672,22423438,4175.01,0.50000000,1
1506551672,22423437,4175.01,0.30000000,1
1506551671,22423436,4175.01,0.26980000,1
1506551671,22423435,4175.03,0.02249596,1
1506551656,22423428,4175.02,0.00584056,1
1506551632,22423411,4177.97,0.07395111,0
1506551631,22423410,4178.99,0.06243347,0
1506551626,22423405,4175.01,0.03020000,1
1506551600,22423395,4175.03,0.01000000,1
1506551596,22423394,4178.99,0.01386910,0
1506551596,22423393,4178.00,0.01164204,0
1506551595,22423392,4178.00,0.22191788,0
1506551578,22423386,4175.13,0.30000000,1
1506551578,22423385,4175.13,0.01000000,1
1506551573,22423384,4175.13,0.01000000,1
1506551566,22423383,4179.30,0.15759936,1
1506551563,22423381,4179.65,0.00410315,0
1506551558,22423377,4179.30,0.02740064,1
1506551558,22423376,4179.31,0.00259936,1
1506551529,22423368,4180.00,0.13097298,0
1506551523,22423366,4180.00,0.15153418,0
1506551520,22423364,4179.31,0.08761922,1
1506551517,22423359,4179.99,0.23866029,0
1506551505,22423355,4180.00,0.57820823,0
1506551505,22423354,4179.98,0.11961780,0
1506551494,22423347,4179.99,0.16840000,0
1506551492,22423346,4180.00,0.08196865,0
1506551491,22423345,4179.30,0.01700000,1
1506551490,22423344,4180.00,0.12370000,0
1506551484,22423342,4180.00,2.38736986,0
1506551484,22423341,4180.00,0.20000000,1
1506551484,22423340,4180.89,0.02383093,1
1506551484,22423339,4181.00,0.50000000,1
1506551484,22423338,4181.13,0.12780000,1
1506551484,22423336,4182.85,14.96342203,1
1506551483,22423334,4182.86,0.02703891,1
1506551483,22423333,4183.00,0.88259248,1
1506551481,22423330,4183.00,0.01000000,1
1506551478,22423329,4182.86,0.00745460,1
1506551477,22423328,4185.81,0.01366230,0
1506551466,22423326,4182.85,0.03657797,1
1506551450,22423320,4186.32,0.03415426,0
1506551415,22423304,4186.77,0.02101471,0
1506551415,22423303,4182.85,0.04131619,0
1506551390,22423294,4182.85,0.03750264,0
1506551384,22423288,4182.84,2.38736986,0
1506551371,22423280,4181.98,0.17083142,1
1506551369,22423278,4182.16,1.02494000,1
1506551369,22423277,4182.24,0.87150000,1
1506551356,22423273,4182.60,0.08229702,1
1506551348,22423272,4187.49,0.03004770,0
1506551348,22423271,4187.35,0.01352205,0
1506551343,22423267,4187.49,0.11907574,0
1506551343,22423266,4187.44,0.00609100,0
1506551326,22423258,4182.93,0.02980375,1
1506551322,22423254,4188.00,0.04984277,0
1506551298,22423243,4187.76,0.04822874,0
1506551298,22423242,4187.76,0.01662076,0
1506551296,22423238,4182.93,0.60000000,1
1506551268,22423191,4187.97,0.01002634,0
1506551254,22423181,4188.00,0.06230347,0
1506551250,22423177,4188.00,0.22924076,0
1506551246,22423172,4182.64,0.02342864,1
1506551228,22423168,4188.00,0.07234021,0
1506551224,22423165,4188.00,1.00495941,0
1506551218,22423161,4188.00,3.00000000,0
1506551214,22423159,4188.00,0.00819523,0
1506551197,22423147,4188.00,0.07168019,0
1506551193,22423146,4188.00,0.05798500,0
1506551186,22423135,4188.00,0.01664000,0
1506551183,22423129,4188.00,0.11648500,0
1506551182,22423127,4188.00,0.04321500,0
1506551180,22423121,4187.99,0.00843101,0
1506551176,22423116,4187.99,0.11095800,0
1506551174,22423114,4188.00,0.15558000,0
1506551172,22423111,4188.00,0.02939809,0
1506551171,22423106,4188.00,0.16358000,0
1506551171,22423104,4188.00,0.01755702,0
1506551168,22423096,4188.00,0.22186244,0
1506551165,22423094,4187.99,0.13946000,1
1506551163,22423090,4188.00,0.02725800,0
1506551157,22423081,4187.99,0.13738119,0
1506551155,22423074,4186.33,0.39007193,0
1506551151,22423071,4188.23,0.41080727,1
1506551148,22423067,4189.15,2.50000000,0
1506551146,22423065,4188.23,1.08319273,1
1506551146,22423064,4189.99,0.44877695,1
1506551146,22423063,4189.99,0.96803032,1
1506551138,22423054,4190.00,0.13087300,0
1506551133,22423052,4190.00,0.06230533,0
1506551132,22423051,4190.00,0.18662200,0
1506551126,22423046,4190.00,0.14972500,0
1506551110,22423030,4190.00,0.00518839,0
1506551106,22423027,4189.00,0.47809262,0
1506551103,22423026,4189.00,0.02190738,0
1506551096,22423020,4190.00,0.13520000,0
1506551089,22423013,4190.00,0.27477200,0
1506551086,22423010,4190.00,0.57180000,0
1506551071,22423004,4188.24,0.05488510,1
1506551059,22422996,4190.00,0.01365289,0
1506551052,22422992,4190.00,0.25894988,0
1506551043,22422979,4190.00,0.10951074,0
1506551040,22422973,4190.00,0.25894988,0
1506551027,22422967,4189.99,0.26177643,0
1506551026,22422965,4188.22,0.10600000,1
1506551016,22422958,4190.00,0.02380907,0
1506551009,22422950,4188.19,0.47919300,1
1506551008,22422947,4190.00,0.02380907,0
1506551007,22422946,4190.00,0.91000000,0
1506551004,22422944,4190.00,0.09474708,0
1506550993,22422938,4190.00,0.07142721,0
1506550983,22422931,4190.00,0.13628200,0
1506550982,22422930,4190.00,0.05475418,0
1506550968,22422923,4190.00,0.29984479,0
1506550968,22422922,4190.00,0.01966637,0
1506550967,22422917,4190.00,0.01957154,0
1506550962,22422914,4190.00,0.11032190,0
1506550951,22422901,4190.00,0.01755671,0
1506550942,22422898,4194.66,0.03891644,1
1506550930,22422884,4194.66,0.00798356,1
1506550929,22422883,4194.67,0.01201644,1
1506550918,22422871,4196.89,0.00573864,0
1506550918,22422870,4196.89,0.52670764,0
1506550898,22422860,4194.66,0.02310000,1
1506550888,22422855,4196.86,0.22905077,0
1506550876,22422841,4195.49,0.02363134,0
1506550874,22422840,4194.65,0.03000000,0
1506550862,22422832,4187.08,0.02630383,1
1506550862,22422831,4192.23,0.01962923,1
1506550858,22422829,4192.23,0.00005077,0
1506550857,22422828,4192.23,2.27094923,1
1506550854,22422822,4192.23,0.01240389,0
1506550845,22422806,4192.23,0.06222482,0
1506550840,22422803,4192.24,0.01804460,0
1506550818,22422785,4194.66,0.01200840,0
1506550817,22422783,4189.99,0.05974000,1
1506550815,22422781,4194.68,0.22905077,0
1506550815,22422780,4194.67,2.27094923,0
1506550812,22422776,4194.67,0.09325730,0
1506550811,22422774,4194.67,0.01559347,0
1506550810,22422772,4194.68,0.07414571,0
1506550806,22422760,4196.20,0.31163879,1
1506550803,22422754,4194.93,0.14480000,0
1506550803,22422752,4194.85,0.00833730,0
1506550803,22422751,4193.60,0.14100000,0
1506550803,22422750,4193.60,0.17050000,0
1506550803,22422749,4190.00,0.22372391,0
1506550799,22422743,4190.00,0.25971977,0
1506550798,22422742,4190.00,0.07468799,0
1506550795,22422740,4190.00,0.08182951,0
1506550792,22422737,4190.00,0.02609700,0
1506550787,22422733,4187.47,0.00454636,1
1506550786,22422730,4190.00,0.40111483,0
1506550785,22422728,4190.00,0.74411471,0
1506550785,22422727,4189.23,0.10000000,0
1506550779,22422721,4190.00,0.22280822,0
1506550779,22422719,4190.00,0.02970776,0
1506550778,22422715,4190.00,0.20002816,0
1506550776,22422712,4190.00,0.07426941,0
1506550774,22422708,4190.00,0.03792872,0
1506550774,22422707,4190.00,0.02970776,0
1506550773,22422705,4190.00,0.02970776,0
1506550773,22422704,4190.00,0.25994292,0
1506550773,22422703,4190.00,0.07475216,0
1506550771,22422696,4190.00,0.01363931,0
1506550770,22422689,4189.99,0.05991476,0
1506550768,22422679,4189.98,0.02859555,0
1506550766,22422678,4189.98,0.07426976,1
1506550766,22422677,4189.98,0.02970790,1
1506550762,22422671,4189.99,0.02970855,0
1506550762,22422670,4189.99,0.02970872,0
1506550757,22422664,4190.00,0.02970872,0
1506550755,22422657,4190.00,0.02970872,0
1506550754,22422656,4190.00,0.45879291,0
1506550754,22422655,4190.00,0.25995429,0
1506550749,22422650,4190.00,0.11140769,0
1506550748,22422648,4190.00,0.02970872,0
1506550748,22422647,4190.00,0.05064604,0
1506550743,22422640,4190.00,0.02124260,0
1506550740,22422637,4190.00,0.28629202,1
1506550740,22422636,4190.15,2.00000000,1
1506550740,22422635,4190.19,2.38010000,1
1506550740,22422634,4191.00,0.00264614,1
1506550740,22422633,4194.73,0.02382041,1
1506550740,22422632,4194.85,0.23170132,1
1506550737,22422629,4196.99,0.21531241,0
1506550736,22422628,4196.99,0.08308366,0
1506550717,22422618,4196.99,0.02226776,0
1506550683,22422613,4197.48,0.01718500,0
1506550671,22422604,4197.48,0.00409195,0
1506550669,22422603,4197.48,0.10844917,0
1506550664,22422602,4197.48,0.07413679,0
1506550651,22422583,4197.48,0.23908433,0
1506550640,22422576,4197.48,0.14825983,0
1506550631,22422573,4197.48,0.01846648,0
1506550631,22422572,4195.43,0.02046402,0
1506550624,22422564,4197.48,0.04750000,0
1506550616,22422562,4197.48,0.33356505,0
1506550608,22422554,4197.48,0.93049034,0
1506550608,22422553,4197.46,0.11911966,0
1506550603,22422542,4194.31,0.13220000,1
1506550601,22422538,4194.52,0.87150000,1
1506550600,22422534,4197.48,0.88088063,0
1506550600,22422533,4197.47,0.11911937,0
1506550591,22422500,4194.49,1.00000000,1
1506550590,22422499,4194.30,0.74265968,0
1506550589,22422498,4194.39,0.25734032,1
1506550587,22422497,4194.35,0.00558669,1
1506550583,22422492,4196.17,0.09976473,0
1506550583,22422491,4196.17,0.88606063,0
1506550582,22422489,4196.17,0.01417464,1
1506550575,22422488,4197.48,0.03096381,0
1506550572,22422438,4197.48,0.06222966,0
1506550569,22422435,4197.48,0.07424416,0
1506550569,22422434,4197.48,0.03712208,0
1506550568,22422433,4197.48,0.22330298,0
1506550566,22422424,4197.48,0.01015561,0
1506550565,22422423,4193.98,0.08987607,1
1506550565,22422422,4196.16,0.14183639,1
1506550564,22422421,4197.48,0.59191024,0
1506550564,22422420,4197.48,0.08363832,0
1506550563,22422419,4197.48,0.02299798,0
1506550558,22422412,4196.16,0.83291420,0
1506550557,22422410,4197.48,0.01865933,0
1506550555,22422408,4197.48,0.00446808,0
1506550540,22422400,4197.48,0.00883971,0
1506550538,22422398,4196.14,0.07190000,1
1506550536,22422397,4196.14,0.01522863,1
1506550534,22422395,4197.48,0.01135987,0
1506550531,22422393,4197.48,0.00545237,0
1506550528,22422389,4197.48,0.01063827,0
1506550525,22422388,4196.12,0.02394217,1
1506550524,22422387,4196.12,0.01669363,1
1506550522,22422386,4197.48,0.06220227,0
1506550503,22422371,4197.48,0.01226600,0
1506550492,22422365,4197.48,0.22206809,0
1506550491,22422362,4197.48,0.22211260,0
1506550485,22422357,4197.48,0.08034858,0
1506550466,22422324,4197.48,0.83457000,0
1506550466,22422322,4196.04,0.04098556,1
1506550463,22422312,4196.04,0.00717900,1
1506550461,22422295,4197.48,0.22495900,0
1506550460,22422288,4197.48,0.13830679,0
1506550455,22422262,4197.48,3.53829098,0
1506550455,22422261,4197.48,0.05918252,0
1506550454,22422258,4197.48,0.02130112,0
1506550453,22422255,4197.48,0.42340000,0
1506550452,22422253,4197.48,0.29543515,0
1506550451,22422250,4197.48,2.07660000,0
1506550451,22422248,4197.48,0.00497500,0
1506550450,22422246,4197.48,2.00000000,0
1506550444,22422243,4197.48,0.84499615,0
1506550443,22422241,4197.48,1.65500385,0
1506550443,22422240,4197.48,2.50000000,0
1506550436,22422232,4196.02,0.04430000,1
1506550436,22422229,4197.48,0.12762600,0
1506550434,22422228,4191.34,2.60461437,1
1506550434,22422227,4191.37,2.37860000,1
1506550433,22422226,4197.40,0.01678563,1
1506550433,22422225,4197.40,2.48321437,0
1506550432,22422224,4197.40,0.04153200,0
1506550431,22422220,4197.40,0.04767221,0
1506550425,22422214,4197.40,0.14806273,0
1506550424,22422213,4197.40,2.00000000,0
1506550424,22422212,4197.40,0.10939354,0
1506550421,22422211,4196.10,0.04747555,0
1506550421,22422210,4196.10,0.07406628,0
1506550419,22422207,4197.23,1.89490382,0
1506550419,22422205,4196.10,0.20000000,0
1506550419,22422203,4196.00,0.39509618,0
1506550418,22422200,4196.00,0.25715787,0
1506550413,22422194,4196.00,0.02961495,0
1506550407,22422177,4197.10,0.01000000,0
1506550402,22422164,4197.40,0.60850368,0
1506550402,22422163,4197.29,0.20000000,0
1506550402,22422162,4197.20,0.89285689,0
1506550402,22422161,4197.20,0.29863943,0
1506550401,22422159,4197.20,0.05531700,0
1506550401,22422158,4197.00,0.03180000,0
1506550401,22422157,4197.00,0.30000000,0
1506550396,22422153,4189.99,0.02089993,1
1506550384,22422146,4197.00,0.00750000,0
1506550324,22422111,4196.99,0.71515300,0
1506550315,22422097,4197.00,0.02084822,0
1506550308,22422094,4188.63,0.04747000,1
1506550297,22422087,4197.20,0.20399649,0
1506550292,22422086,4188.69,2.25757790,0
1506550291,22422085,4190.45,0.16940000,1
1506550291,22422083,4194.98,0.00084323,1
1506550291,22422080,4194.98,0.00905193,1
1506550290,22422079,4197.19,0.25257887,1
1506550253,22422051,4197.15,0.14070000,0
1506550252,22422050,4197.13,0.87150000,0
1506550250,22422048,4197.18,0.02406480,0
1506550246,22422041,4195.00,0.07192706,1
1506550238,22422035,4195.00,0.67183335,0
1506550238,22422034,4195.00,0.49146072,0
1506550223,22422024,4185.12,0.00311448,1
1506550221,22422021,4194.98,0.02620000,0
1506550218,22422019,4194.90,0.90490171,1
1506550218,22422018,4194.87,0.87150000,0
1506550218,22422017,4194.31,0.07708062,0
1506550217,22422016,4194.25,0.56343607,0
1506550206,22422001,4190.40,0.11932000,0
1506550153,22421966,4182.22,0.07053407,1
1506550150,22421962,4188.99,0.06500000,0
1506550149,22421961,4188.99,0.02032439,0
1506550147,22421957,4188.90,0.50000000,1
1506550143,22421956,4188.99,0.55959312,0
1506550142,22421954,4188.96,0.12533488,0
1506550130,22421939,4189.00,0.10710858,0
1506550129,22421938,4189.00,0.27446561,0
1506550128,22421935,4189.00,0.07707134,0
1506550128,22421934,4189.00,0.11116059,0
1506550125,22421930,4194.31,0.66325977,0
1506550124,22421927,4191.84,0.18390000,0
1506550124,22421926,4191.84,0.15284023,0
1506550120,22421922,4191.84,0.03105977,0
1506550119,22421921,4191.78,0.00384911,0
1506550118,22421917,4189.06,0.08238786,0
1506550118,22421916,4189.06,0.07421214,0
1506550106,22421888,4179.31,0.01500543,0
1506550105,22421883,4179.31,0.98499457,1
1506550102,22421879,4179.31,0.13920000,0
1506550096,22421876,4179.31,1.00000000,1
1506550094,22421873,4179.28,0.37051534,1
1506550094,22421872,4180.89,0.13534586,1
1506550094,22421871,4180.90,0.04443656,1
1506550094,22421870,4188.46,0.44970224,1
1506550093,22421868,4188.46,0.11937562,0
1506550093,22421867,4185.96,0.20000000,0
1506550093,22421866,4185.96,0.28581653,0
1506550090,22421864,4179.26,1.00000000,1
1506550088,22421858,4180.89,0.14260787,0
1506550088,22421857,4180.74,0.24382916,0
1506550087,22421855,4180.74,0.09096032,0
1506550086,22421853,4180.74,0.03199364,0
1506550085,22421851,4180.89,0.10815560,0
1506550084,22421848,4179.23,0.21000000,0
1506550083,22421847,4180.89,0.02638300,0
1506550083,22421846,4180.89,0.02033900,0
1506550082,22421845,4180.94,0.87150000,1
1506550081,22421843,4185.97,0.22680310,0
1506550080,22421842,4185.95,0.37726790,0
1506550080,22421841,4185.97,0.02544285,0
1506550076,22421838,4185.97,0.19999591,1
1506550072,22421832,4188.47,0.07426702,0
1506550071,22421831,4188.47,0.09560000,1
1506550071,22421830,4189.99,0.04823500,1
1506550070,22421829,4194.33,2.37800000,0
1506550070,22421828,4194.32,0.12200000,0
1506550070,22421827,4191.84,0.83502315,0
1506550070,22421826,4190.00,1.50783374,0
1506550069,22421824,4190.00,0.01553073,0
1506550068,22421823,4190.00,0.02225722,0
1506550067,22421822,4189.99,0.05176500,1
1506550067,22421821,4190.00,2.03009438,0
1506550063,22421818,4191.84,0.79190041,1
1506550062,22421817,4194.32,0.26829381,0
1506550061,22421816,4194.32,0.11020066,0
1506550059,22421814,4191.84,0.01930218,1
1506550058,22421811,4194.33,1.42707655,0
1506550058,22421810,4194.33,0.02223283,0
1506550057,22421809,4194.33,0.02964473,0
1506550057,22421808,4194.33,0.07293601,0
1506550055,22421807,4195.00,0.02174911,1
1506550054,22421806,4194.94,0.19643898,0
1506550053,22421805,4191.84,0.17230000,0
1506550053,22421804,4189.99,0.06804317,0
1506550052,22421803,4189.99,0.02225936,0
1506550051,22421800,4188.49,0.03394553,0
1506550051,22421798,4188.49,0.22259412,0
1506550051,22421797,4188.49,0.07419788,0
1506550049,22421793,4189.99,0.02902950,0
1506550045,22421787,4190.00,0.05978310,0
1506550045,22421786,4188.49,0.25785007,0
1506550044,22421784,4188.49,0.02226810,0
1506550044,22421783,4188.49,0.36461889,0
1506550043,22421781,4188.49,0.05000000,0
1506550040,22421772,4188.49,1.70380691,0
1506550039,22421771,4188.49,0.01967434,1
1506550032,22421767,4188.62,0.08178169,0
1506550029,22421766,4188.48,0.91961616,1
1506550029,22421765,4188.49,2.37910000,1
1506550029,22421764,4188.64,0.70128384,1
1506550028,22421763,4188.64,0.17021616,0
1506550027,22421762,4195.00,0.40139617,0
1506550026,22421760,4197.20,0.22102354,0
1506550025,22421757,4197.20,0.22102353,1
1506550025,22421754,4197.20,0.22102354,0
1506550022,22421746,4197.48,0.10714311,0
1506550021,22421745,4195.00,3.65852426,1
1506550018,22421737,4195.67,0.20000000,1
1506550015,22421735,4196.60,0.04807350,0
1506550015,22421734,4197.48,0.07156340,0
1506550013,22421733,4197.48,0.07156340,0
1506550013,22421732,4200.12,0.07156340,0
1506550012,22421731,4197.21,1.00000000,1
1506550012,22421730,4197.22,2.37850000,1
1506550012,22421729,4197.39,0.17090000,1
1506550011,22421728,4197.48,0.07156340,0
1506550010,22421724,4197.48,8.17120700,1
1506550010,22421723,4197.77,0.15376600,1
1506550010,22421722,4197.95,0.16790000,1
1506550009,22421721,4199.00,1.50000000,1
1506550004,22421717,4200.00,0.15523475,1
1506550001,22421716,4200.35,3.37599413,1
1506550001,22421715,4200.36,0.12061585,1
1506549996,22421712,4200.35,0.30500000,1
1506549989,22421705,4205.00,0.01136151,0
1506549987,22421703,4205.00,0.01550013,0
1506549987,22421702,4205.00,0.29634958,0
1506549985,22421700,4204.98,0.11890663,0
1506549984,22421699,4200.35,0.04265975,1
1506549962,22421692,4200.35,0.05975000,1
1506549961,22421691,4200.35,0.06002027,1
1506549961,22421690,4200.36,0.02590042,1
1506549954,22421688,4204.97,0.09973813,0
1506549952,22421687,4201.00,0.00300000,0
1506549949,22421685,4200.35,1.00000000,1
1506549946,22421682,4200.35,1.00000000,1
1506549944,22421675,4200.35,1.00000000,1
1506549926,22421665,4197.48,1.00000000,1
1506549923,22421657,4197.48,1.00000000,1
1506549917,22421635,4197.68,0.98275618,0
1506549916,22421631,4197.68,0.01724382,1
1506549916,22421627,4197.68,0.05975000,1
1506549911,22421625,4200.35,0.20411612,0
1506549908,22421623,4200.35,0.00800886,1
1506549906,22421622,4205.38,0.08160700,0
1506549905,22421621,4205.38,0.02638600,0
1506549898,22421617,4197.76,0.01706452,1
1506549882,22421596,4197.48,1.00000000,1
1506549881,22421594,4205.38,0.35021043,0
1506549881,22421593,4205.37,2.37720000,0
1506549881,22421592,4205.34,0.11889645,0
1506549881,22421591,4205.31,0.18016316,0
1506549880,22421587,4197.21,1.00000000,1
1506549865,22421539,4200.00,0.03026047,1
1506549865,22421537,4200.00,0.02225057,1
1506549865,22421536,4200.01,0.02229015,1
1506549843,22421523,4205.44,0.02638000,0
1506549843,22421521,4205.38,0.00750000,0
1506549828,22421493,4197.08,0.05293285,1
1506549828,22421491,4200.00,0.08721750,1
1506549828,22421490,4200.01,0.09847884,1
1506549811,22421465,4200.00,0.01278250,1
1506549782,22421435,4205.44,0.06119300,0
1506549766,22421401,4196.44,0.23885616,1
1506549761,22421382,4196.31,0.05845999,1
1506549759,22421373,4206.58,0.00871000,0
1506549753,22421371,4206.59,0.11007136,0
1506549753,22421370,4206.59,1.00000000,0
1506549750,22421367,4206.59,1.00000000,0
1506549747,22421366,4206.57,0.01000000,1
1506549746,22421365,4205.00,0.18348350,1
1506549745,22421364,4205.00,0.08629561,1
1506549742,22421361,4206.57,0.11769309,0
1506549742,22421360,4205.00,0.88230691,0
1506549734,22421355,4204.65,0.10664108,1
1506549733,22421354,4204.65,0.15898358,0
1506549726,22421352,4204.65,0.23071256,0
1506549726,22421351,4204.62,0.11891681,0
1506549726,22421350,4204.59,0.56199484,0
1506549726,22421349,4200.56,0.04823109,0
1506549725,22421348,4198.98,0.03380000,0
1506549725,22421347,4198.98,0.00634470,0
1506549723,22421346,4196.05,0.01000000,1
1506549723,22421345,4198.98,0.02185530,0
1506549719,22421343,4198.98,2.37800000,1
1506549711,22421338,4198.97,0.02000000,1
1506549709,22421337,4200.08,0.02000000,1
1506549709,22421336,4200.08,0.02000000,1
1506549709,22421335,4200.06,0.01200000,0
1506549708,22421334,4200.06,0.56199484,1
1506549705,22421325,4199.99,1.53224201,0
1506549704,22421323,4199.99,0.35635799,0
1506549702,22421318,4198.97,0.10363282,1
1506549699,22421317,4199.99,0.04750488,0
1506549694,22421310,4199.99,0.00190028,0
1506549688,22421305,4196.18,0.46989028,1
1506549688,22421304,4199.99,0.82997129,1
1506549687,22421303,4199.99,0.37662787,1
1506549686,22421299,4199.99,0.01570413,1
1506549686,22421297,4200.23,0.03000000,1
1506549686,22421296,4199.99,0.04305000,1
1506549685,22421295,4199.99,0.73464671,1
1506549685,22421294,4200.13,0.09905329,1
1506549685,22421293,4200.13,0.03024671,1
1506549678,22421284,4200.52,0.08044246,1
1506549678,22421283,4202.11,0.02974458,1
1506549677,22421282,4202.11,0.01490582,1
1506549663,22421266,4206.47,0.01962031,1
1506549657,22421262,4206.47,0.79093872,0
1506549657,22421261,4204.65,0.20680676,0
1506549655,22421259,4206.49,0.04072504,0
1506549654,22421258,4206.49,2.76847219,0
1506549654,22421257,4206.49,0.99128000,1
1506549654,22421256,4206.02,0.01973357,0
1506549653,22421255,4206.00,0.09000000,0
1506549653,22421254,4206.00,0.04600000,0
1506549653,22421253,4205.45,0.07215577,0
1506549653,22421252,4205.00,0.20000000,0
1506549652,22421251,4204.77,0.00570587,0
1506549652,22421250,4204.65,0.15440000,0
1506549652,22421249,4204.65,0.12060000,0
1506549652,22421248,4204.65,0.87150000,1
1506549652,22421247,4204.00,0.22000000,0
1506549651,22421246,4204.00,0.04600000,0
1506549651,22421245,4203.34,0.01000000,0
1506549651,22421244,4202.09,0.00497500,0
1506549650,22421243,4202.00,0.01975253,0
1506549650,22421242,4202.00,0.03960000,0
1506549650,22421241,4202.00,0.04600000,0
1506549650,22421240,4201.58,0.01975450,0
1506549650,22421238,4201.42,0.00194076,0
1506549649,22421237,4201.41,0.01975527,0
1506549649,22421236,4201.37,0.00901600,0
1506549648,22421234,4200.90,0.02000000,0
1506549648,22421233,4200.83,0.02400000,0
1506549648,22421232,4200.74,0.00192022,0
1506549647,22421230,4200.25,0.25000000,0
1506549647,22421225,4200.17,0.15326017,0
1506549647,22421224,4200.01,0.00549353,0
1506549646,22421222,4200.00,0.25435090,0
1506549646,22421221,4200.00,0.07279715,0
1506549646,22421219,4199.99,1.47281259,1
1506549645,22421217,4199.99,6.22648141,0
1506549641,22421216,4195.00,1.45776557,1
1506549641,22421215,4195.01,0.01504702,1
1506549636,22421209,4199.99,0.01075022,0
1506549636,22421207,4195.72,0.00734979,0
1506549631,22421196,4197.57,0.01069111,1
1506549625,22421192,4199.99,0.01075955,0
1506549615,22421183,4196.02,0.01563820,1
1506549615,22421182,4196.02,0.01000000,1
1506549612,22421180,4196.02,0.00003919,1
1506549612,22421179,4197.56,0.05603421,1
1506549609,22421177,4199.99,0.06405015,0
1506549609,22421176,4195.00,0.00758985,1
1506549609,22421175,4199.92,0.00000577,1
1506549606,22421173,4199.99,2.50000000,0
1506549603,22421170,4199.99,0.02726500,0
1506549595,22421146,4199.92,0.01249900,1
1506549587,22421134,4199.99,1.25463200,0
1506549587,22421132,4199.99,4.46277669,0
1506549581,22421128,4199.90,0.59736715,1
1506549581,22421127,4199.77,1.74300000,0
1506549580,22421126,4199.35,0.01108835,0
1506549580,22421125,4198.05,0.14854450,0
1506549580,22421123,4198.05,0.02093353,0
1506549579,22421122,4198.05,0.00582197,0
1506549578,22421121,4197.56,0.17820000,0
1506549564,22421115,4197.17,0.00872000,0
1506549558,22421114,4192.88,0.00872000,0
1506549553,22421113,4192.88,0.00872000,0
1506549544,22421112,4192.89,0.00872000,0
1506549541,22421111,4188.49,0.01016711,1
1506549539,22421110,4192.89,0.00872000,0
1506549529,22421107,4199.69,0.00872000,0
1506549522,22421098,4185.70,0.28024256,1
1506549522,22421097,4185.73,0.71975744,1
1506549518,22421096,4185.62,0.20464844,1
1506549514,22421093,4199.92,0.01743000,0
1506549512,22421091,4188.04,6.61966686,1
1506549512,22421090,4188.06,0.87150000,1
1506549512,22421089,4189.96,1.67300000,1
1506549512,22421088,4190.00,0.83583314,1
1506549510,22421085,4190.01,0.74250260,1
1506549508,22421081,4199.99,0.00871000,0
1506549506,22421077,4190.00,0.03000000,1
1506549506,22421076,4190.00,0.03222258,1
1506549506,22421075,4190.01,0.03000000,1
1506549506,22421073,4190.01,0.03000000,1
1506549506,22421072,4190.01,0.16018668,1
1506549505,22421071,4190.07,0.29767256,1
1506549505,22421070,4199.98,0.37150589,1
1506549505,22421069,4199.98,0.13398222,1
1506549504,22421068,4199.99,0.38259852,0
1506549504,22421067,4199.98,1.00000000,1
1506549503,22421065,4199.99,0.00871000,0
1506549502,22421063,4197.71,0.86412653,0
1506549501,22421060,4197.72,0.13587347,1
1506549498,22421054,4199.99,0.00708086,0
1506549494,22421052,4199.99,0.03618560,0
1506549494,22421051,4199.99,0.01904790,0
1506549478,22421029,4199.95,1.08662637,0
1506549478,22421027,4199.92,1.00000000,0
1506549472,22421018,4195.12,0.20872824,1
1506549472,22421017,4199.99,0.10000000,0
1506549470,22421016,4194.99,3.00000000,0
1506549469,22421015,4194.99,5.00000000,0
1506549469,22421013,4193.34,0.14844612,1
1506549468,22421012,4194.99,7.00000000,0
1506549465,22421006,4193.33,0.12062252,0
1506549463,22421005,4193.33,0.40568953,1
1506549463,22421004,4193.33,0.80000000,1
1506549463,22421003,4194.11,0.10557901,1
1506549463,22421002,4194.16,0.98903146,1
1506549459,22420999,4200.00,0.00871000,0
1506549455,22420995,4193.29,0.19970000,1
1506549453,22420992,4198.17,0.00871000,0
1506549452,22420991,4198.17,0.07139549,1
1506549452,22420988,4198.17,0.07871361,1
1506549450,22420982,4194.12,0.64578169,1
1506549450,22420981,4194.12,1.29481842,1
1506549448,22420977,4198.19,0.00871000,0
1506549446,22420975,4190.49,1.29620341,1
1506549445,22420974,4191.67,0.03609014,1
1506549445,22420973,4194.10,0.09038536,1
1506549445,22420972,4194.10,0.04000000,1
1506549444,22420970,4194.10,0.72658375,1
1506549441,22420961,4191.67,0.19890986,1
1506549441,22420959,4194.10,0.50000000,1
1506549441,22420958,4194.10,0.30109014,1
1506549439,22420950,4194.10,0.05183165,1
1506549439,22420948,4194.10,0.63771000,1
1506549439,22420947,4192.52,0.00229000,0
1506549439,22420946,4192.52,0.00871000,0
1506549438,22420943,4188.07,0.12850000,1
1506549438,22420940,4188.09,0.87150000,1
1506549437,22420937,4190.40,0.11932035,0
1506549436,22420936,4188.19,0.80000000,0
1506549435,22420935,4189.58,1.83520100,1
1506549435,22420932,4191.56,1.00000000,1
1506549434,22420931,4189.58,6.20917472,0
1506549434,22420930,4189.58,1.06479900,0
1506549434,22420929,4188.20,1.00000000,0
1506549433,22420928,4189.57,2.74536800,0
1506549431,22420926,4189.58,0.87150000,0
1506549430,22420925,4188.20,0.12850000,0
1506549430,22420923,4188.24,0.87150000,1
1506549430,22420921,4189.58,0.56370100,0
1506549426,22420916,4188.20,0.54271572,1
1506549418,22420903,4189.04,0.15110000,1
1506549418,22420901,4190.00,0.02000000,1
1506549417,22420900,4190.44,0.01096854,0
1506549417,22420899,4190.44,0.50000000,0
1506549414,22420894,4197.57,0.00191027,1
1506549411,22420893,4200.00,0.04940476,0
1506549408,22420889,4190.46,0.84312647,1
1506549408,22420888,4200.00,1.54587353,1
1506549404,22420882,4200.00,1.00000000,1
1506549403,22420881,4200.00,0.97375000,1
1506549402,22420880,4200.00,1.00000000,1
1506549401,22420878,4200.00,3.40625313,1
1506549401,22420877,4200.00,13.70000000,1
1506549399,22420875,4200.00,2.45710000,1
1506549398,22420874,4200.00,6.00000000,1
1506549398,22420873,4200.00,4.00000000,0
1506549398,22420872,4200.00,57.99702334,0
1506549397,22420871,4199.99,0.02000000,0
1506549397,22420870,4197.61,6.90000000,0
1506549397,22420869,4191.82,1.00000000,0
1506549395,22420867,4191.82,0.00875000,0
1506549392,22420866,4191.82,0.00191026,1
1506549391,22420861,4200.00,5.00297666,0
1506549391,22420860,4200.00,0.00525211,0
1506549390,22420859,4200.00,0.02343570,0
1506549390,22420858,4200.00,0.02813700,0
1506549390,22420857,4200.00,0.31000000,0
1506549390,22420856,4200.00,0.03000000,0
1506549390,22420855,4200.00,0.01000000,0
1506549390,22420854,4200.00,0.00775531,0
1506549390,22420853,4200.00,0.02443152,0
1506549390,22420852,4200.00,0.10000000,0
1506549390,22420851,4200.00,0.10000000,0
1506549389,22420850,4200.00,0.01000000,0
1506549389,22420848,4200.00,1.00260000,0
1506549389,22420847,4200.00,0.02500000,0
1506549389,22420846,4200.00,0.27965217,0
1506549389,22420845,4200.00,0.12330810,0
1506549389,22420844,4200.00,0.54339216,0
1506549389,22420843,4200.00,8.70422727,0
1506549389,22420842,4200.00,4.00000000,0
1506549388,22420841,4200.00,0.10000000,0
1506549388,22420840,4200.00,0.25000000,0
1506549388,22420839,4200.00,0.10329967,0
1506549388,22420838,4200.00,0.05000000,0
1506549388,22420837,4200.00,0.15000000,0
1506549388,22420836,4200.00,2.00000000,0
1506549388,22420835,4200.00,0.60600000,0
1506549388,22420834,4200.00,0.12500000,0
1506549388,22420833,4200.00,0.03500000,0
1506549387,22420832,4200.00,0.09215000,0
1506549387,22420831,4200.00,54.95438143,0
1506549387,22420830,4199.99,0.27451023,0
1506549387,22420829,4199.40,5.43413651,0
1506549387,22420828,4199.39,0.20000000,0
1506549387,22420826,4199.39,7.10000000,0
1506549387,22420825,4199.36,0.20000000,0
1506549386,22420823,4199.00,0.87315416,0
1506549386,22420822,4197.96,7.12220000,0
1506549383,22420817,4199.37,0.01750000,0
1506549379,22420815,4199.40,9.93635030,0
1506549379,22420814,4199.30,0.20000000,0
1506549379,22420813,4199.30,2.37575000,0
1506549378,22420812,4199.30,0.00875000,0
1506549377,22420811,4199.00,0.32986335,0
1506549373,22420808,4199.00,0.00875000,0
1506549369,22420800,4198.74,0.00875000,0
1506549366,22420791,4198.96,0.21900000,0
1506549365,22420790,4198.80,0.01600000,0
1506549364,22420789,4199.00,0.10000000,0
1506549364,22420787,4199.00,0.00875000,0
1506549358,22420780,4199.00,0.01750000,0
1506549354,22420773,4199.89,0.02221364,0
1506549353,22420772,4194.41,1.81955217,1
1506549353,22420771,4195.63,0.49226537,1
1506549353,22420770,4195.95,0.18818246,1
1506549348,22420763,4195.63,0.00773463,1
1506549347,22420762,4199.41,1.00000000,0
1506549346,22420758,4199.41,0.18000000,0
1506549345,22420757,4199.35,0.82000000,0
1506549343,22420751,4199.41,1.00000000,0
1506549341,22420750,4199.41,1.00000000,0
1506549340,22420748,4199.41,0.07411041,0
1506549338,22420747,4199.35,0.18000000,1
1506549336,22420746,4199.40,0.12850000,0
1506549335,22420743,4199.35,0.87150000,0
1506549333,22420740,4199.40,0.12850000,0
1506549333,22420739,4198.89,0.87150000,0
1506549329,22420734,4198.94,0.01966047,0
1506549329,22420732,4198.94,0.00875000,0
1506549327,22420730,4196.35,0.02494000,0
1506549327,22420727,4196.30,0.02537033,0
1506549324,22420722,4196.35,1.00000000,0
1506549322,22420721,4192.19,0.03069462,1
1506549322,22420720,4192.19,0.70346482,1
1506549322,22420719,4196.30,0.44642593,1
1506549321,22420718,4196.30,0.02565222,1
1506549320,22420715,4196.30,0.04792185,1
1506549318,22420709,4194.65,0.48000000,0
1506549312,22420701,4195.93,0.02570000,1
1506549311,22420699,4195.93,0.02900000,0
1506549309,22420697,4195.83,0.75907909,1
1506549309,22420696,4195.90,1.67292091,1
1506549309,22420693,4195.90,0.45652473,1
1506549307,22420689,4195.90,0.20708286,1
1506549307,22420688,4195.90,0.08787150,1
1506549300,22420680,4195.71,0.44696303,0
1506549300,22420679,4192.99,0.09303697,0
1506549300,22420678,4189.67,0.46000000,0
1506549297,22420677,4195.78,0.12850000,0
1506549297,22420675,4195.73,0.87150000,0
1506549295,22420670,4192.80,0.08752078,1
1506549292,22420662,4192.99,0.21108327,1
1506549291,22420661,4192.99,0.12850000,1
1506549290,22420660,4192.99,0.16555273,0
1506549290,22420659,4192.80,0.18363178,0
1506549286,22420653,4192.70,0.87150000,0
1506549284,22420652,4192.72,0.84921900,0
1506549282,22420646,4192.80,0.12850000,1
1506549282,22420645,4192.80,0.87150000,1
1506549279,22420643,4189.76,0.46000000,1
1506549279,22420642,4189.34,0.28311687,0
1506549278,22420635,4192.99,0.70780000,0
1506549278,22420631,4192.99,0.03500000,0
1506549277,22420629,4192.98,2.70020000,0
1506549277,22420627,4192.80,0.55700000,0
1506549274,22420622,4189.76,0.01577863,0
1506549273,22420621,4189.39,0.13680000,0
1506549267,22420619,4189.34,0.87150000,0
1506549264,22420612,4188.24,0.20000000,1
1506549263,22420610,4182.35,0.20000000,1
1506549260,22420607,4189.37,0.36591420,1
1506549260,22420606,4188.35,0.02700000,0
1506549258,22420605,4185.85,0.44000000,0
1506549257,22420601,4183.00,0.09956800,0
1506549256,22420600,4180.18,0.00479143,1
1506549253,22420597,4182.36,0.02000000,0
1506549253,22420596,4180.77,0.02800000,0
1506549249,22420589,4180.12,0.04900377,0
1506549211,22420583,4176.01,0.24600000,1
1506549202,22420581,4175.51,0.03800000,0
1506549193,22420576,4175.02,0.81581816,1
1506549193,22420575,4175.02,0.74086538,1
1506549193,22420574,4175.50,0.09965823,1
1506549192,22420573,4175.02,1.65634177,0
1506549191,22420572,4175.50,1.70755136,0
1506549190,22420571,4175.02,1.56190177,0
1506549188,22420570,4175.02,0.14564959,0
1506549181,22420567,4175.02,1.75613000,1
1506549179,22420566,4175.52,0.04857864,1
1506549162,22420565,4175.24,0.19500000,0
1506549160,22420561,4180.12,0.05898283,0
1506549160,22420555,4180.12,0.03133501,0
1506549160,22420551,4180.11,0.11961408,0
1506549158,22420527,4175.38,1.32850000,1
1506549158,22420526,4175.40,0.87150000,1
1506549134,22420518,4175.10,0.02161720,1
1506549134,22420517,4175.10,0.01998016,1
1506549124,22420513,4180.12,0.08964885,0
1506549106,22420509,4175.01,1.76000000,1
1506549100,22420507,4175.01,0.62882486,1
1506549100,22420506,4175.03,2.39420000,1
1506549100,22420505,4177.53,0.17850000,1
1506549100,22420504,4180.00,0.13100000,1
1506549100,22420503,4180.00,1.61554080,1
1506549100,22420502,4180.10,0.25205063,1
1506549100,22420501,4180.13,0.14800040,1
1506549036,22420455,4183.08,0.11425856,0
1506549036,22420454,4182.65,0.11954144,0
1506549005,22420433,4180.00,0.05390358,1
1506549005,22420432,4182.65,0.71641192,0
1506549004,22420431,4182.80,0.09568700,1
1506549004,22420430,4183.06,0.62341192,0
1506548999,22420422,4180.00,0.90671996,1
1506548999,22420421,4180.01,0.09328004,1
1506548997,22420420,4180.00,0.30000000,1
1506548997,22420419,4180.00,0.85853337,1
1506548995,22420417,4180.00,2.20000000,1
1506548987,22420410,4180.00,0.09300000,1
1506548985,22420406,4181.27,0.09300000,1
1506548976,22420400,4183.02,0.10155057,1
1506548957,22420387,4181.27,0.09588747,1
1506548956,22420386,4180.00,0.06427569,0
1506548956,22420385,4177.09,0.01177570,0
1506548954,22420383,4177.09,0.02322430,0
1506548936,22420370,4175.01,0.39990000,1
1506548919,22420351,4175.03,0.34250000,1
1506548895,22420329,4175.01,3.26635654,1
1506548894,22420328,4175.01,0.06475922,1
1506548885,22420315,4175.01,0.51062168,0
1506548884,22420314,4175.01,0.02198078,0
1506548880,22420311,4175.01,0.03649060,0
1506548879,22420310,4175.01,0.02119182,0
1506548875,22420308,4175.00,0.25000000,1
1506548850,22420295,4175.00,0.25360335,1
1506548848,22420293,4175.01,0.35726214,0
1506548848,22420292,4175.00,2.50000000,1
1506548841,22420289,4175.00,0.02000000,1
1506548824,22420274,4181.00,0.73441760,1
1506548824,22420273,4181.00,0.22000000,0
1506548819,22420266,4175.06,1.60549328,1
1506548819,22420264,4175.08,0.87150000,1
1506548807,22420248,4180.98,0.05649463,0
1506548805,22420244,4180.63,0.01394848,0
1506548797,22420217,4175.01,0.02300672,0
1506548797,22420211,4175.18,0.81803538,1
1506548793,22420194,4180.63,0.01137544,0
1506548790,22420191,4180.63,0.00767608,0
1506548790,22420190,4176.69,0.01680000,0
1506548785,22420187,4175.05,0.79117718,1
1506548761,22420182,4175.00,0.30000000,1
1506548728,22420165,4178.75,0.06700000,0
1506548713,22420161,4182.19,0.00879957,0
1506548712,22420160,4180.80,0.04500000,0
1506548706,22420159,4182.16,0.02814335,0
1506548677,22420148,4175.15,0.07295050,0
1506548677,22420147,4176.00,0.01130957,0
1506548676,22420144,4176.00,0.03869043,0
1506548674,22420140,4176.16,0.24400000,1
1506548674,22420139,4178.39,0.16860000,1
1506548674,22420138,4185.00,0.19860335,1
1506548674,22420137,4185.01,0.00710622,1
1506548658,22420129,4187.04,0.01376656,0
1506548652,22420124,4183.27,0.05500000,0
1506548650,22420122,4176.05,0.02000000,1
1506548649,22420120,4176.03,0.12260000,1
1506548648,22420118,4176.00,0.02866850,1
1506548646,22420115,4187.23,0.00278993,0
1506548637,22420088,4175.09,0.75683981,1
1506548637,22420086,4175.09,1.74300000,1
1506548631,22420080,4187.32,0.30000000,0
1506548617,22420071,4186.00,0.65780792,1
1506548606,22420068,4175.89,0.00108976,0
1506548604,22420066,4180.31,0.00191024,1
1506548596,22420056,4186.07,0.00191025,1
1506548587,22420055,4175.55,0.08439000,1
1506548587,22420054,4180.28,0.02280000,1
1506548585,22420047,4180.28,0.15550000,1
1506548583,22420039,4191.31,0.02124746,1
1506548581,22420038,4180.59,0.02832403,1
1506548580,22420037,4180.56,0.02000000,1
1506548570,22420029,4186.28,0.00011300,1
1506548569,22420028,4189.19,0.16174600,1
1506548567,22420027,4189.19,0.01235400,1
1506548564,22420025,4191.49,0.02755770,0
1506548562,22420022,4191.50,0.56000000,0
1506548562,22420021,4186.51,0.44000000,0
1506548560,22420019,4191.78,0.97772173,0
1506548560,22420018,4191.53,0.02227827,0
1506548555,22420016,4177.72,0.14979821,1
1506548555,22420015,4177.78,1.74300000,1
1506548555,22420014,4177.78,0.87150000,1
1506548555,22420013,4178.96,0.00636007,1
1506548555,22420012,4178.96,0.02251521,1
1506548555,22420011,4179.46,0.06475922,1
1506548555,22420010,4180.26,6.52968115,1
1506548554,22420009,4186.28,0.15100000,1
1506548554,22420008,4186.29,0.07282343,1
1506548554,22420007,4186.29,2.39250000,1
1506548547,22420004,4189.19,0.20000000,0
1506548542,22420001,4186.28,0.56702170,1
1506548541,22419999,4186.28,0.37190109,0
1506548535,22419996,4186.28,0.06809891,0
1506548535,22419995,4184.23,0.03190109,0
1506548534,22419994,4184.23,0.01409891,0
1506548523,22419986,4184.76,0.00500000,0
1506548515,22419983,4179.48,0.02000000,1
1506548479,22419972,4179.62,0.01449991,1
1506548479,22419971,4179.61,0.02543293,1
1506548478,22419970,4179.61,0.03010817,1
1506548474,22419968,4179.68,0.13202170,1
1506548438,22419956,4179.48,0.44000000,1
1506548419,22419907,4179.24,0.42000000,1
1506548417,22419905,4189.84,0.69832381,0
1506548415,22419903,4191.18,0.06887500,0
1506548412,22419893,4191.64,2.35321258,0
1506548411,22419890,4191.64,2.00000000,1
1506548411,22419889,4191.20,3.35943300,0
1506548411,22419888,4191.19,1.75600000,1
1506548410,22419887,4189.84,0.06900000,1
1506548410,22419886,4182.26,0.06500000,1
1506548409,22419881,4179.14,2.32038666,0
1506548406,22419872,4179.15,0.01722091,1
1506548406,22419871,4195.99,0.05689243,1
1506548405,22419870,4195.99,0.28930000,1
1506548403,22419864,4193.94,6.70000000,0
1506548403,22419863,4191.65,4.65678799,1
1506548402,22419862,4191.65,2.34601201,0
1506548402,22419861,4191.00,0.41017897,0
1506548402,22419860,4189.30,6.30000000,0
1506548402,22419859,4185.66,0.10000000,0
1506548401,22419856,4179.15,0.20899297,1
1506548401,22419855,4179.15,0.01975253,1
1506548401,22419854,4179.15,0.01975450,1
1506548400,22419853,4180.00,0.21150000,1
1506548398,22419852,4198.88,3.01246284,1
1506548398,22419851,4191.21,1.02494000,1
1506548397,22419850,4185.66,0.20000000,1
1506548397,22419849,4185.66,0.20000000,1
1506548397,22419848,4184.85,0.12670000,0
1506548396,22419847,4183.73,0.01194520,0
1506548396,22419846,4183.73,0.08805480,0
1506548393,22419842,4200.00,5.04561857,0
1506548393,22419840,4200.00,0.01105502,0
1506548393,22419839,4200.00,0.00362169,0
1506548393,22419838,4200.00,0.05000000,0
1506548393,22419837,4200.00,0.05000000,0
1506548392,22419836,4200.00,6.46470039,0
1506548392,22419835,4200.00,1.00000000,0
1506548392,22419834,4200.00,0.10000000,0
1506548392,22419832,4200.00,0.02000000,0
1506548392,22419831,4200.00,0.00810564,0
1506548392,22419830,4200.00,0.30000000,0
1506548392,22419829,4200.00,0.10000000,0
1506548392,22419828,4200.00,0.02896997,0
1506548392,22419827,4200.00,0.05445027,0
1506548391,22419826,4200.00,0.25373494,0
1506548391,22419825,4200.00,0.00595216,0
1506548391,22419824,4200.00,0.00250000,0
1506548391,22419823,4200.00,0.05000000,0
1506548391,22419822,4200.00,0.01190238,0
1506548391,22419821,4200.00,0.05000000,0
1506548391,22419819,4200.00,0.04600000,0
1506548391,22419817,4200.00,0.05000000,0
1506548391,22419815,4200.00,0.00500000,0
1506548390,22419814,4199.90,0.22925052,0
1506548390,22419813,4199.90,0.02074948,0
1506548390,22419812,4199.49,0.00122000,0
1506548390,22419810,4199.48,0.03000000,0
1506548390,22419809,4199.18,0.38000000,0
1506548390,22419808,4199.00,0.88851924,0
1506548390,22419807,4199.00,12.35826582,0
1506548390,22419806,4199.00,0.01606669,0
1506548390,22419804,4199.00,0.05262910,0
1506548389,22419803,4198.80,6.60000000,0
1506548389,22419802,4198.27,0.00316249,0
1506548389,22419801,4198.27,0.01660756,0
1506548389,22419800,4198.16,2.00000000,0
1506548389,22419799,4198.15,0.09500000,0
1506548389,22419798,4198.14,0.00197065,0
1506548389,22419796,4198.00,20.00000000,0
1506548389,22419795,4198.00,0.06250000,0
1506548388,22419794,4198.00,1.00000000,0
1506548388,22419793,4198.00,0.04600000,0
1506548388,22419792,4197.97,0.14995201,0
1506548388,22419791,4197.66,0.01977295,0
1506548388,22419790,4197.44,0.00190355,0
1506548388,22419789,4196.96,0.09310819,0
1506548388,22419788,4196.90,0.71796832,0
1506548388,22419786,4196.76,0.01977717,0
1506548387,22419785,4196.58,7.23755452,0
1506548387,22419784,4196.00,0.04600000,0
1506548387,22419783,4195.00,5.00000000,0
1506548387,22419782,4195.00,0.10000000,0
1506548387,22419781,4195.00,0.09000000,0
1506548387,22419780,4195.00,1.00000000,0
1506548387,22419779,4194.99,0.00192021,0
1506548386,22419778,4194.97,0.00943302,0
1506548386,22419777,4194.55,1.39241353,0
1506548386,22419776,4194.50,0.00200000,0
1506548386,22419775,4194.49,0.05000000,0
1506548386,22419774,4194.01,0.10000000,0
1506548386,22419773,4194.00,0.18000000,0
1506548386,22419772,4194.00,0.04600000,0
1506548386,22419771,4193.86,5.79000000,0
1506548386,22419770,4193.71,7.30000000,0
1506548385,22419769,4193.50,0.10000000,0
1506548385,22419768,4193.45,0.00901600,0
1506548385,22419767,4193.08,0.01978500,0
1506548385,22419766,4193.00,0.81219720,0
1506548385,22419765,4192.00,0.01000000,0
1506548385,22419764,4192.00,0.04600000,0
1506548385,22419763,4191.17,7.00000000,0
1506548384,22419762,4190.74,0.16720000,0
1506548384,22419761,4190.59,0.09400000,0
1506548384,22419760,4190.31,0.01980761,0
1506548384,22419759,4190.00,0.00625000,0
1506548384,22419758,4190.00,0.03409038,0
1506548384,22419757,4188.86,7.00000000,0
1506548384,22419756,4187.29,1.02494000,0
1506548384,22419755,4186.49,0.07489734,0
1506548384,22419754,4186.12,0.20000000,0
1506548383,22419753,4186.00,1.00000000,0
1506548383,22419752,4185.89,6.47600000,0
1506548383,22419751,4185.80,0.00319570,0
1506548383,22419750,4185.68,0.16700000,0
1506548383,22419749,4185.67,50.00000000,0
1506548383,22419748,4183.74,6.29820800,0
1506548383,22419747,4183.73,0.12000000,0
1506548383,22419746,4183.68,1.74300000,0
1506548382,22419745,4183.67,4.79270000,0
1506548382,22419743,4183.03,0.08400000,0
1506548382,22419742,4182.00,5.00000000,0
1506548382,22419741,4181.81,6.55000000,0
1506548382,22419740,4181.79,0.87150000,0
1506548382,22419739,4180.00,0.50423668,0
1506548382,22419738,4180.00,0.10000000,0
1506548382,22419737,4179.37,6.75188596,0
1506548381,22419736,4179.16,5.61873408,0
1506548381,22419735,4178.96,0.44000000,0
1506548364,22419721,4176.59,0.00150000,1
1506548355,22419705,4179.29,0.03773128,1
1506548355,22419704,4179.27,0.87150000,1
1506548354,22419703,4178.52,0.08954000,0
1506548354,22419702,4176.93,0.01320245,0
1506548353,22419701,4176.61,5.04673978,0
1506548353,22419700,4176.59,5.80000000,0
1506548351,22419699,4175.47,0.09900000,0
1506548341,22419691,4176.61,1.47426022,0
1506548340,22419690,4176.43,5.88000000,1
1506548340,22419689,4175.34,0.13600000,0
1506548340,22419688,4175.30,0.10000000,0
1506548339,22419687,4174.94,0.44000000,0
1506548339,22419686,4174.88,0.11678000,0
1506548338,22419685,4174.76,3.81347579,0
1506548323,22419678,4174.76,0.02074938,0
1506548323,22419677,4174.76,1.51176578,0
1506548313,22419656,4174.76,0.10952951,0
1506548312,22419655,4174.76,0.64471991,0
1506548312,22419654,4174.50,0.42976596,0
1506548311,22419653,4172.00,0.00625247,1
1506548307,22419644,4172.00,0.00611170,1
1506548304,22419627,4172.00,13.30000000,1
1506548290,22419605,4172.00,0.25000000,1
1506548287,22419603,4174.50,0.00300000,0
1506548283,22419599,4172.00,0.01759358,1
1506548283,22419598,4172.01,0.01985853,1
1506548283,22419597,4172.54,0.00254789,1
1506548265,22419594,4174.50,0.04793375,0
1506548247,22419588,4174.36,0.00316249,1
1506548245,22419586,4174.36,0.01660756,0
1506548242,22419581,4174.36,0.09961527,0
1506548241,22419575,4174.36,0.01977717,0
1506548240,22419561,4172.54,0.01988570,0
1506548230,22419533,4172.00,0.22000000,1
1506548225,22419528,4172.00,0.78718911,1
1506548225,22419526,4172.01,0.04284611,1
1506548194,22419512,4170.42,0.05800000,0
1506548194,22419511,4170.42,0.16100000,0
1506548194,22419510,4169.99,2.53989971,0
1506548186,22419506,4166.69,0.09551378,1
1506548184,22419503,4169.98,0.15448622,1
1506548182,22419501,4169.98,0.04000000,1
1506548164,22419479,4169.99,0.56214283,0
1506548150,22419467,4169.98,0.01018124,0
1506548131,22419454,4166.71,0.11069511,1
1506548131,22419453,4166.73,0.07202050,0
1506548131,22419452,4166.81,0.87150000,1
1506548120,22419448,4169.99,0.00596807,0
1506548120,22419447,4169.99,0.01034862,0
1506548117,22419446,4166.72,0.05702764,1
1506548110,22419444,4169.99,0.00279300,0
1506548103,22419442,4169.99,0.22246576,0
1506548091,22419439,4169.99,0.73806467,0
1506548086,22419437,4166.69,0.01560000,1
1506548074,22419417,4166.69,0.15795561,1
1506548074,22419415,4167.69,4.00000000,1
1506548074,22419414,4167.70,2.39780000,1
1506548074,22419413,4168.00,5.17570877,1
1506548074,22419412,4169.98,0.01260729,1
1506548074,22419411,4169.98,0.30000000,1
1506548060,22419409,4169.99,0.02791613,0
1506548038,22419403,4169.99,0.33323101,0
1506548034,22419402,4169.99,0.63723547,0
1506548029,22419400,4169.99,0.98243641,0
1506548022,22419399,4169.99,0.03264110,0
1506548007,22419389,4169.99,0.09510000,0
1506547932,22419364,4169.99,0.14530521,0
1506547868,22419325,4168.04,0.01980088,1
1506547836,22419310,4168.00,0.10758961,1
1506547834,22419308,4169.98,0.06233583,0
1506547818,22419298,4168.00,0.08540000,1
1506547814,22419293,4168.00,0.03183917,1
1506547813,22419292,4168.00,0.04453770,1
1506547812,22419288,4168.00,0.00715381,1
1506547812,22419287,4169.93,0.00284619,1
1506547812,22419286,4169.98,0.14088857,0
1506547811,22419285,4169.98,0.06373772,0
1506547811,22419284,4169.93,0.11990609,0
1506547808,22419283,4168.00,3.07950000,1
1506547745,22419220,4168.00,2.83673951,1
1506547744,22419219,4168.81,0.00192022,1
1506547744,22419218,4169.41,0.12725056,1
1506547744,22419217,4169.42,0.03408971,1
1506547698,22419163,4169.99,0.40878515,0
1506547696,22419162,4169.43,4.12000000,0
1506547664,22419155,4169.41,0.01565142,0
1506547638,22419143,4168.00,0.37014146,1
1506547638,22419142,4168.01,0.04985854,1
1506547634,22419141,4168.00,0.04608255,1
1506547633,22419139,4168.00,0.05261200,1
1506547622,22419133,4168.00,1.11955496,1
1506547618,22419130,4168.00,0.42000000,1
1506547611,22419127,4168.00,14.20000000,1
1506547609,22419126,4167.57,0.42000000,0
1506547609,22419125,4167.23,6.68391027,0
1506547609,22419124,4166.54,2.00000000,0
1506547609,22419123,4166.53,3.31923019,0
1506547593,22419120,4161.11,0.16890878,1
1506547582,22419116,4166.53,0.50000000,0
1506547568,22419114,4165.09,0.03300000,0
1506547568,22419113,4165.00,0.17200000,0
1506547563,22419109,4164.99,0.02203367,0
1506547558,22419107,4164.99,0.41000000,0
1506547539,22419096,4164.84,0.99900000,0
1506547522,22419081,4164.85,0.00059660,0
1506547521,22419080,4163.06,0.02768238,0
1506547498,22419068,4164.84,0.00446529,0
1506547496,22419066,4161.00,2.67455915,1
1506547491,22419061,4164.85,0.04697605,0
1506547491,22419060,4164.85,0.04000000,0
1506547483,22419056,4166.53,0.08106455,0
1506547483,22419055,4166.39,0.02100000,0
1506547478,22419054,4166.00,0.73747956,1
1506547478,22419053,4166.00,5.00000000,1
1506547478,22419052,4166.00,7.00000000,1
1506547476,22419049,4166.00,0.22636746,1
1506547476,22419048,4164.90,6.97000000,0
1506547476,22419047,4163.06,0.06615298,0
1506547440,22419027,4164.87,0.07384275,0
1506547437,22419026,4167.23,0.00274702,0
1506547436,22419025,4167.23,0.05334271,0
1506547420,22419018,4167.15,0.03917100,0
1506547418,22419017,4160.11,0.01198350,1
1506547416,22419016,4166.54,0.16208172,1
1506547416,22419015,4166.54,0.09097237,0
1506547412,22419014,4158.12,0.00680958,1
1506547411,22419013,4163.06,0.00192021,1
1506547409,22419008,4166.54,0.09097477,1
1506547404,22419002,4166.60,0.12551721,1
1506547392,22418997,4166.92,1.40859675,1
1506547390,22418996,4166.59,0.28987398,0
1506547384,22418990,4166.59,0.11012602,0
1506547377,22418981,4164.95,0.12004946,0
1506547374,22418979,4169.59,0.03452617,1
1506547374,22418978,4169.45,0.15380000,0
1506547373,22418976,4165.90,0.12498198,0
1506547371,22418975,4164.97,0.35991675,0
1506547360,22418967,4160.56,0.01150000,1
1506547357,22418966,4160.54,0.05000000,1
1506547331,22418952,4164.97,0.04008325,0
1506547287,22418903,4158.76,0.02542271,1
1506547286,22418900,4165.79,0.03430000,0
1506547280,22418892,4158.60,0.34651584,1
1506547267,22418887,4160.00,0.18987500,1
1506547267,22418886,4164.00,0.18987500,1
1506547264,22418884,4165.80,0.11014691,0
1506547235,22418876,4159.82,0.01956401,0
1506547234,22418875,4165.82,0.00830000,0
1506547231,22418872,4165.90,0.11701802,0
1506547177,22418854,4161.64,1.00000000,0
1506547175,22418853,4161.64,1.00000000,1
1506547174,22418852,4166.01,0.01498455,0
1506547172,22418851,4165.98,0.14083776,0
1506547167,22418847,4164.36,1.46515422,0
1506547163,22418846,4166.00,0.53884154,1
1506547162,22418845,4166.00,5.00000000,1
1506547157,22418844,4166.00,14.46115846,1
1506547157,22418843,4166.00,0.83884154,1
1506547153,22418842,4167.00,0.37035690,1
1506547153,22418841,4167.01,0.01063352,1
1506547153,22418840,4167.02,3.00000000,1
1506547152,22418838,4167.02,1.00000000,1
1506547149,22418837,4169.51,0.02799500,0
1506547123,22418824,4169.54,0.07176569,0
1506547122,22418823,4169.54,0.17560000,0
1506547118,22418821,4169.54,0.00434850,0
1506547118,22418820,4169.53,0.01382905,0
1506547113,22418816,4169.54,0.02903800,0
1506547108,22418812,4167.30,0.01382905,1
1506547085,22418793,4169.54,0.05502285,0
1506547084,22418792,4169.54,0.02200962,0
1506547083,22418789,4169.51,0.02430615,0
1506547077,22418784,4169.99,0.00120000,0
1506547074,22418780,4169.99,0.00120000,0
1506547071,22418776,4169.99,3.73058263,0
1506547071,22418775,4169.98,0.02540000,0
1506547066,22418773,4167.01,0.02540000,1
1506547065,22418772,4169.99,0.00350000,0
1506546996,22418706,4169.98,0.02000000,1
1506546995,22418705,4166.00,0.34706650,0
1506546994,22418703,4166.01,0.13293350,0
1506546993,22418702,4166.01,2.26306650,1
1506546993,22418701,4166.02,0.13693350,1
1506546985,22418700,4166.01,0.00609050,1
1506546985,22418699,4166.01,0.97000000,1
1506546983,22418698,4169.99,0.07954281,0
1506546971,22418689,4166.00,0.33276157,1
1506546969,22418687,4166.27,0.40000000,0
1506546969,22418685,4166.06,2.27455915,0
1506546969,22418684,4166.06,5.00000000,0
1506546968,22418682,4166.06,5.00000000,0
1506546967,22418681,4166.00,0.23000000,1
1506546967,22418680,4166.06,7.00000000,0
1506546964,22418678,4166.00,7.00000000,1
1506546961,22418676,4166.00,1.54173317,1
1506546956,22418675,4164.45,0.14296268,0
1506546956,22418674,4164.00,5.00000000,0
1506546956,22418673,4163.97,3.17070104,0
1506546956,22418672,4163.95,1.74300000,0
1506546944,22418657,4164.22,0.28926013,0
1506546941,22418650,4164.26,0.10415740,1
1506546929,22418640,4161.93,0.06190378,0
1506546929,22418634,4162.28,0.08349622,1
1506546927,22418624,4164.45,0.21903732,0
1506546924,22418614,4162.28,0.02813445,0
1506546920,22418611,4162.28,0.36906455,0
1506546916,22418605,4151.10,0.39335562,1
1506546916,22418604,4151.27,0.16940000,1
1506546915,22418603,4156.99,0.21455992,1
1506546915,22418602,4159.00,0.47500000,1
1506546915,22418601,4159.91,0.12000000,1
1506546910,22418599,4162.28,0.00280100,0
1506546897,22418595,4165.24,0.13791282,1
1506546896,22418593,4164.83,0.13060000,0
1506546896,22418591,4164.73,1.74300000,1
1506546894,22418590,4162.12,0.38000000,0
1506546889,22418587,4160.09,0.31300000,0
1506546889,22418586,4160.00,1.22873317,0
1506546889,22418585,4160.00,6.77126683,0
1506546888,22418584,4160.00,0.22873317,0
1506546888,22418583,4160.00,0.77126683,0
1506546885,22418580,4159.90,0.32678022,0
1506546837,22418571,4160.00,1.00000000,0
1506546830,22418570,4157.29,0.38500000,0
1506546829,22418568,4156.00,0.01900000,1
1506546826,22418565,4156.03,0.02888594,1
1506546818,22418563,4156.02,0.00693875,1
1506546774,22418537,4157.77,0.00628582,0
1506546763,22418535,4158.08,3.98730183,0
1506546762,22418534,4156.02,0.02117870,0
1506546762,22418533,4155.86,6.70050000,0
1506546762,22418532,4155.86,1.74300000,1
1506546761,22418531,4155.37,4.00000000,1
1506546761,22418530,4155.00,0.04838029,0
1506546760,22418529,4154.98,0.40000000,0
1506546760,22418528,4154.75,1.00082768,0
1506546760,22418527,4154.73,1.74300000,1
1506546759,22418526,4154.44,0.01600000,0
1506546759,22418525,4154.00,0.39223200,0
1506546759,22418523,4153.78,0.49000000,0
1506546758,22418522,4152.67,0.05500000,0
1506546758,22418521,4152.58,1.73640276,0
1506546757,22418519,4152.56,1.74300000,0
1506546732,22418513,4152.56,0.06254238,0
1506546732,22418512,4152.55,0.02017235,0
1506546730,22418510,4151.00,0.01178600,1
1506546726,22418507,4151.00,0.05134303,0
1506546713,22418497,4150.88,0.01264530,0
1506546710,22418496,4150.88,0.01083882,0
1506546688,22418487,4151.00,0.04865697,0
1506546675,22418481,4150.00,0.00660397,1
1506546663,22418470,4150.91,0.02210840,0
1506546662,22418466,4149.99,0.07823276,1
1506546654,22418450,4149.99,0.56780225,1
1506546643,22418446,4150.00,0.02742974,0
1506546639,22418443,4149.99,0.07273904,1
1506546631,22418442,4150.00,0.01805371,1
1506546623,22418439,4152.02,1.00953512,0
1506546616,22418434,4152.02,0.00690499,0
1506546613,22418433,4149.99,0.01337900,1
1506546602,22418429,4149.99,0.02443217,1
1506546594,22418427,4150.00,0.02956627,0
1506546594,22418426,4150.00,0.00100373,0
1506546586,22418423,4150.00,0.04899627,1
1506546562,22418412,4149.99,0.29015383,1
1506546562,22418411,4150.00,0.05000000,1
1506546560,22418408,4151.43,0.01984617,1
1506546559,22418406,4152.47,0.28834886,0
1506546558,22418397,4152.49,0.02400748,0
1506546549,22418387,4152.53,0.01000000,0
1506546547,22418384,4152.53,0.05000000,0
1506546543,22418365,4151.42,0.06000000,1
1506546535,22418362,4152.54,0.04364569,0
1506546535,22418361,4152.54,0.52264569,0
1506546535,22418360,4150.23,0.22097200,0
1506546535,22418359,4150.23,0.50000000,0
1506546534,22418357,4152.57,0.02476797,1
1506546533,22418356,4152.57,0.04000000,0
1506546533,22418355,4150.11,0.09956900,0
1506546532,22418354,4150.11,0.22797400,0
1506546531,22418353,4152.57,0.10585011,0
1506546531,22418352,4152.57,0.07184443,0
1506546531,22418351,4150.12,0.02404060,0
1506546531,22418350,4150.11,0.65162699,0
1506546529,22418348,4150.11,1.27682402,0
1506546526,22418340,4149.99,0.00802269,1
1506546522,22418335,4149.99,3.48578224,1
1506546522,22418334,4149.99,0.70034243,1
1506546517,22418332,4149.99,0.10977677,1
1506546517,22418331,4149.99,0.83162219,1
1506546516,22418329,4149.99,0.22883475,1
1506546516,22418328,4150.11,0.00300123,0
1506546515,22418325,4149.99,0.68549762,1
1506546515,22418324,4149.99,0.07332652,1
1506546515,22418323,4149.99,0.31991207,1
1506546514,22418322,4149.99,0.90054647,1
1506546514,22418318,4149.99,3.48578224,1
1506546514,22418316,4149.99,0.70034243,1
1506546514,22418314,4149.99,0.55620457,1
1506546512,22418304,4149.99,2.11321130,1
1506546511,22418303,4150.00,0.31636540,1
1506546509,22418300,4150.01,0.15299857,0
1506546508,22418297,4150.00,0.68363460,1
1506546506,22418296,4150.00,0.05000000,1
1506546506,22418294,4150.00,0.05000000,1
1506546505,22418288,4150.00,0.05000000,1
1506546498,22418268,4150.00,0.10000000,1
1506546498,22418267,4150.00,0.10000000,1
1506546498,22418266,4150.00,0.10000000,1
1506546498,22418265,4150.00,0.10000000,1
1506546497,22418262,4150.11,0.40180436,0
1506546494,22418237,4150.24,0.01910041,1
1506546494,22418235,4150.24,0.02089959,1
1506546494,22418233,4150.33,0.01912841,1
1506546492,22418216,4150.33,0.04000000,1
1506546492,22418214,4150.33,0.01271602,1
1506546467,22418166,4150.31,2.88719505,1
1506546450,22418159,4150.30,0.04100000,1
1506546442,22418156,4152.58,0.11731324,0
1506546426,22418145,4152.58,0.02402361,0
1506546418,22418130,4151.90,0.02454011,1
1506546418,22418128,4151.90,0.02241867,1
1506546406,22418116,4152.50,0.02402890,0
1506546361,22418093,4150.02,0.01085392,1
1506546315,22418069,4151.88,0.02930930,0
1506546313,22418031,4149.99,7.00000000,1
1506546310,22418026,4150.09,0.16092981,0
1506546309,22418025,4150.00,0.58356326,0
1506546309,22418024,4149.99,12.89000000,1
1506546308,22418023,4149.99,1.00000000,1
1506546307,22418022,4150.00,0.01496100,0
1506546298,22418017,4150.00,0.31219196,0
1506546298,22418016,4150.00,0.14260000,0
1506546295,22418013,4149.99,0.12054612,1
1506546292,22418011,4149.99,0.68877321,1
1506546291,22418008,4149.99,4.00000000,1
1506546290,22418007,4149.99,0.43995236,0
1506546290,22418006,4147.80,3.31122679,0
1506546290,22418005,4147.80,0.68877321,0
1506546286,22418003,4144.12,0.34450000,1
1506546286,22418002,4144.12,18.07072875,1
1506546285,22418001,4145.00,0.38446976,0
