date,tid,price,amount,type
1506556863,22426769,0.07359300,0.13588248,1
1506556862,22426760,0.07359300,0.30492031,1
1506556640,22426698,0.07373600,5.00000000,0
1506556640,22426696,0.07373000,0.17938000,0
1506556572,22426679,0.07360700,1.50000000,1
1506556570,22426677,0.07360700,3.35816273,1
1506556570,22426676,0.07367100,0.37983727,1
1506556557,22426666,0.07367100,0.02096643,1
1506556557,22426665,0.07367110,0.10006501,1
1506556557,22426664,0.07367111,0.37896856,1
1506556512,22426615,0.07367111,0.11103144,1
1506556483,22426611,0.07367111,0.30000000,1
1506556470,22426605,0.07367111,0.30000000,1
1506556461,22426602,0.07367111,3.01000000,1
1506556459,22426599,0.07367111,0.30000000,1
1506556455,22426598,0.07367111,0.30000000,1
1506556451,22426595,0.07367111,0.30000000,1
1506556394,22426575,0.07367103,0.16000000,1
1506556268,22426559,0.07369971,0.31067924,1
1506556190,22426540,0.07369800,0.30000000,1
1506556189,22426539,0.07369800,3.10000000,1
1506556187,22426538,0.07369800,0.30000000,1
1506556180,22426536,0.07371100,3.20000030,1
1506556180,22426535,0.07372710,0.10080370,1
1506556180,22426534,0.07372711,2.22038300,1
1506556175,22426531,0.07372711,1.50000000,1
1506556175,22426530,0.07372714,0.30000000,1
1506556167,22426527,0.07372711,0.30000000,1
1506556165,22426526,0.07372711,0.30000000,1
1506556161,22426523,0.07372710,0.30000000,1
1506556157,22426519,0.07373030,3.33576300,1
1506556156,22426518,0.07373027,0.30000000,1
1506556153,22426516,0.07374201,1.50000000,1
1506556151,22426514,0.07374201,0.78462000,1
1506556143,22426511,0.07374203,0.17624300,0
1506556137,22426509,0.07374205,0.40000000,1
1506556031,22426441,0.07383200,5.00000000,0
1506555955,22426389,0.07373000,0.00002796,0
1506555955,22426388,0.07373000,0.20294204,0
1506555866,22426349,0.07372513,0.30000000,1
1506555860,22426347,0.07372500,0.16000000,1
1506555841,22426337,0.07385997,0.75110003,0
1506555837,22426333,0.07373000,0.17938000,1
1506555813,22426323,0.07374006,4.20682300,1
1506555795,22426322,0.07372003,0.10860200,1
1506555784,22426314,0.07388700,2.48393552,1
1506555783,22426313,0.07388000,0.31600000,0
1506555783,22426311,0.07385903,0.20000000,0
1506555781,22426310,0.07384400,0.00006448,0
1506555773,22426304,0.07384400,4.99993552,0
1506555768,22426300,0.07384297,4.99999500,0
1506555351,22426115,0.07367023,10.01183100,1
1506555331,22426099,0.07377000,4.99999972,0
1506555331,22426097,0.07376997,2.15539028,0
1506555267,22426057,0.07368600,3.10000000,1
1506555264,22426056,0.07368603,1.04316300,1
1506555251,22426053,0.07386000,0.81571190,0
1506555251,22426052,0.07381903,0.10668810,0
1506555243,22426046,0.07381903,0.29331190,0
1506555240,22426040,0.07367032,1.00000000,1
1506555105,22425949,0.07381891,3.93173600,0
1506555093,22425942,0.07380300,5.00000000,0
1506555093,22425941,0.07379903,0.51037547,0
1506555087,22425934,0.07377000,0.13540500,0
1506554918,22425821,0.07367200,3.00002454,1
1506554918,22425820,0.07367203,0.66523246,1
1506554915,22425818,0.07367203,3.40005428,1
1506554915,22425817,0.07369900,0.09994572,1
1506554911,22425814,0.07372200,0.33474305,1
1506554875,22425800,0.07370603,0.64390900,1
1506554866,22425784,0.07372228,1.79308800,1
1506554821,22425687,0.07385970,0.27725531,0
1506554819,22425683,0.07385971,1.29720833,1
1506554819,22425682,0.07385972,0.63342479,0
1506554819,22425681,0.07385971,1.29720833,0
1506554819,22425680,0.07385965,1.79308800,0
1506554811,22425666,0.07371100,3.50000000,1
1506554727,22425520,0.07387200,0.35427591,1
1506554727,22425519,0.07385900,0.04877260,0
1506554721,22425505,0.07385889,2.17169436,0
1506554614,22425399,0.07373203,1.06168600,1
1506554609,22425397,0.07373200,1.90145700,1
1506554609,22425396,0.07379000,0.13540000,1
1506554537,22425341,0.07385894,0.08779664,0
1506554462,22425282,0.07385900,0.28548550,0
1506554205,22425107,0.07381400,1.50000000,1
1506554140,22425069,0.07380000,0.20289500,0
1506554015,22424989,0.07385000,0.15833251,0
1506554014,22424987,0.07385000,0.00009749,1
1506554014,22424985,0.07385000,0.15833162,1
1506553928,22424961,0.07372307,0.31074338,1
1506553926,22424960,0.07372306,2.99089300,1
1506553916,22424957,0.07381600,0.00009374,1
1506553899,22424945,0.07381600,1.49990626,1
1506553886,22424933,0.07378997,12.53021100,0
1506553881,22424931,0.07369901,0.00587555,0
1506553805,22424909,0.07369901,1.13300000,0
1506553620,22424760,0.07369900,2.79710000,1
1506553620,22424759,0.07371000,0.20290000,1
1506553614,22424754,0.07381800,1.50000000,1
1506553305,22424489,0.07367300,2.68400000,1
1506553297,22424484,0.07367800,2.70048990,1
1506553297,22424483,0.07368900,0.29951010,1
1506553295,22424482,0.07371000,0.31600000,1
1506553276,22424473,0.07371003,3.00000000,1
1506553243,22424456,0.07371010,6.35389800,1
1506553214,22424435,0.07374015,3.01000000,1
1506553043,22424359,0.07382300,5.00000000,0
1506553043,22424358,0.07382000,0.16631300,0
1506553035,22424352,0.07381999,2.66980100,0
1506553034,22424350,0.07381600,2.45631300,0
1506553033,22424343,0.07381600,2.54368700,0
1506553032,22424342,0.07379000,0.16631300,0
1506552912,22424282,0.07374500,5.00000000,0
1506552905,22424277,0.07373400,0.16631300,0
1506552904,22424275,0.07373400,4.83368700,0
1506552902,22424271,0.07371000,0.16631300,0
1506552865,22424257,0.07370979,11.14490290,0
1506552865,22424256,0.07370976,13.45337510,0
1506552815,22424223,0.07370848,0.13534467,0
1506552611,22424111,0.07362200,5.00000000,1
1506552611,22424110,0.07362203,12.31723027,1
1506552611,22424109,0.07369000,0.14330639,1
1506552473,22424042,0.07369307,1.13614483,1
1506552388,22424000,0.07383597,12.94882810,0
1506552388,22423998,0.07377017,2.39080377,0
1506552360,22423975,0.07377014,0.30454700,0
1506552357,22423974,0.07369731,0.32355130,0
1506552209,22423822,0.07381000,0.31500000,0
1506552165,22423783,0.07389400,1.50000000,1
1506551875,22423587,0.07385400,1.98960243,1
1506551874,22423586,0.07389800,0.86639812,1
1506551874,22423585,0.07390000,0.14399945,1
1506551872,22423580,0.07389800,0.63360188,1
1506551872,22423579,0.07390000,2.36639812,1
1506551778,22423529,0.07390000,4.82803900,1
1506551730,22423500,0.07391091,2.71000000,1
1506551724,22423495,0.07390021,2.36428800,1
1506551719,22423493,0.07391091,0.09292051,1
1506551717,22423489,0.07411285,0.20000000,0
1506551668,22423431,0.07391062,0.95870000,1
1506551562,22423380,0.07390000,0.74372702,1
1506551561,22423379,0.07390104,0.25627298,1
1506551559,22423378,0.07390113,0.18521754,1
1506551557,22423375,0.07390119,0.44800000,1
1506551519,22423362,0.07393103,1.22901200,1
1506551504,22423352,0.07395104,0.25627298,1
1506551504,22423351,0.07395192,0.36888962,1
1506551341,22423265,0.07410681,5.00000000,0
1506551297,22423241,0.07394004,0.22478697,0
1506551263,22423184,0.07395300,4.99999975,1
1506551263,22423183,0.07396041,6.62471625,1
1506551253,22423180,0.07396000,0.31500000,1
1506551253,22423179,0.07396031,0.22869744,1
1506551234,22423169,0.07414524,0.18168894,0
1506551220,22423164,0.07396070,1.10915437,1
1506551220,22423163,0.07396070,0.73511863,1
1506551212,22423158,0.07396069,2.62266500,1
1506551173,22423113,0.07416697,0.04038401,0
1506551173,22423112,0.07415004,0.43036089,0
1506551172,22423109,0.07414000,0.20190000,0
1506551158,22423082,0.07410996,2.53687160,0
1506551154,22423072,0.07410997,4.13625580,0
1506551119,22423045,0.07399668,0.00615940,1
1506551119,22423044,0.07401004,0.39871860,1
1506550987,22422933,0.07417993,1.55818322,0
1506550926,22422878,0.07401003,1.33785181,0
1506550925,22422877,0.07401004,1.47024819,1
1506550925,22422876,0.07402000,0.20190000,1
1506550864,22422837,0.07411600,5.00000000,0
1506550864,22422836,0.07411000,0.20150000,0
1506550864,22422835,0.07411000,0.31500000,0
1506550863,22422833,0.07410994,0.26573000,0
1506550853,22422821,0.07391000,0.02617575,0
1506550853,22422819,0.07391000,0.16782425,0
1506550852,22422811,0.07391000,0.31500000,1
1506550833,22422794,0.07406500,5.00000000,1
1506550832,22422792,0.07406503,5.00000000,1
1506550822,22422788,0.07409500,5.00000000,1
1506550808,22422769,0.07414300,2.71000000,0
1506550808,22422767,0.07414300,2.04898476,0
1506550807,22422766,0.07414885,0.24101524,1
1506550807,22422765,0.07415000,0.20150000,1
1506550806,22422764,0.07418007,2.71000000,1
1506550805,22422759,0.07418021,3.01000000,1
1506550779,22422722,0.07429299,4.26607548,0
1506550775,22422710,0.07429000,2.49800000,1
1506550771,22422698,0.07429299,5.26588979,0
1506550771,22422697,0.07429000,0.00003474,0
1506550771,22422693,0.07429000,2.49800000,0
1506550769,22422687,0.07429000,2.50196526,0
1506550769,22422684,0.07428000,0.20160000,0
1506550630,22422570,0.07408800,0.47472866,1
1506550630,22422569,0.07408803,0.52527134,1
1506550627,22422566,0.07408803,1.00000000,1
1506550613,22422557,0.07430699,8.47448692,0
1506550613,22422556,0.07430442,5.62767308,0
1506550604,22422548,0.07430700,0.09475285,0
1506550604,22422546,0.07430436,0.22465000,0
1506550533,22422394,0.07405606,3.01000000,1
1506550531,22422392,0.07409420,0.31117679,1
1506550530,22422391,0.07405600,2.89941900,1
1506550529,22422390,0.07409420,0.20160000,1
1506550506,22422373,0.07416601,0.16000000,1
1506550491,22422364,0.07414000,0.79840000,1
1506550491,22422363,0.07415000,0.20160000,1
1506550484,22422354,0.07414003,0.68441608,1
1506550472,22422335,0.07435999,3.20275321,0
1506550471,22422334,0.07418900,5.00000000,0
1506550471,22422333,0.07418488,2.71000000,0
1506550471,22422332,0.07416896,0.31117679,0
1506550467,22422325,0.07416899,0.30078608,0
1506550463,22422316,0.07416896,0.14527100,0
1506550432,22422223,0.07409400,0.89747200,1
1506550432,22422222,0.07409400,5.00000000,0
1506550432,22422221,0.07408000,0.20160000,0
1506550419,22422208,0.07398500,0.18659435,1
1506550418,22422202,0.07399400,3.47493973,0
1506550414,22422198,0.07419392,3.31591800,0
1506550414,22422196,0.07419389,4.21084200,0
1506550407,22422178,0.07399608,2.97600000,1
1506550376,22422142,0.07402400,2.82900000,1
1506550376,22422141,0.07402403,0.81135100,1
1506550346,22422130,0.07417597,0.14059300,0
1506550258,22422057,0.07401600,0.08600000,1
1506550208,22422005,0.07410700,1.00000000,1
1506550202,22421996,0.07410700,0.11600000,1
1506550197,22421995,0.07412303,1.42400000,1
1506550193,22421993,0.07412300,0.48800000,1
1506550183,22421992,0.07415500,3.01000000,1
1506550182,22421990,0.07415500,0.79840000,1
1506550182,22421989,0.07416000,0.20160000,1
1506550151,22421963,0.07427800,1.57219500,0
1506550148,22421958,0.07427797,1.50000000,0
1506550142,22421953,0.07421203,0.89995600,0
1506550142,22421952,0.07420000,0.20180000,0
1506550141,22421951,0.07417101,0.20000000,0
1506550141,22421950,0.07413950,0.00349000,0
1506550134,22421944,0.07418800,5.00000000,1
1506550130,22421940,0.07421200,4.99999500,0
1506550129,22421937,0.07421200,5.00000000,1
1506550129,22421936,0.07421204,1.71608436,1
1506550128,22421932,0.07421203,0.40000000,1
1506550122,22421924,0.07417102,0.28391600,1
1506550115,22421915,0.07417101,1.50000000,1
1506550110,22421912,0.07433209,3.21608400,1
1506550107,22421899,0.07432997,1.81719964,1
1506550107,22421898,0.07433200,3.21609000,1
1506550107,22421895,0.07433200,1.78390500,0
1506550106,22421894,0.07433200,0.20179500,0
1506550106,22421892,0.07433200,3.01430000,0
1506550097,22421878,0.07429000,0.59807000,0
1506550093,22421869,0.07428813,0.22465200,1
1506550090,22421861,0.07429000,0.20179500,0
1506550086,22421854,0.07428791,1.45589600,0
1506549993,22421707,0.07409084,0.20000000,1
1506549949,22421684,0.07409048,0.31222000,1
1506549929,22421669,0.07409048,0.20000000,1
1506549926,22421664,0.07409045,0.99135104,1
1506549926,22421661,0.07409046,0.08902596,1
1506549921,22421649,0.07410000,0.20180000,1
1506549912,22421626,0.07409043,0.11000000,1
1506549902,22421620,0.07409039,0.90289100,1
1506549879,22421579,0.07408300,0.14895000,1
1506549868,22421543,0.07410202,0.20000000,1
1506549865,22421541,0.07410201,0.00226600,1
1506549865,22421540,0.07410201,0.20240000,1
1506549855,22421527,0.07410010,0.14034000,1
1506549838,22421515,0.07420000,4.37036142,0
1506549837,22421513,0.07420000,2.57907008,0
1506549834,22421505,0.07420000,0.33049300,0
1506549831,22421498,0.07418497,1.34999800,0
1506549830,22421496,0.07418500,2.63056700,0
1506549824,22421482,0.07415100,0.19000000,1
1506549822,22421481,0.07420000,0.62614447,0
1506549821,22421479,0.07415100,0.20240000,0
1506549816,22421469,0.07415100,4.79760000,0
1506549816,22421467,0.07414000,0.20240000,0
1506549808,22421464,0.07414803,2.69058045,0
1506549807,22421456,0.07414792,4.97868046,0
1506549661,22421265,0.07400200,2.20496100,1
1506549660,22421264,0.07400200,2.79503900,0
1506549602,22421168,0.07410939,2.59969034,0
1506549595,22421145,0.07397345,0.16896603,1
1506549530,22421108,0.07410939,0.23229966,0
1506549510,22421084,0.07410955,0.20240000,0
1506549509,22421083,0.07410955,0.85651579,0
1506549499,22421058,0.07410987,0.16063958,0
1506549487,22421048,0.07397301,2.82181700,0
1506549466,22421009,0.07403500,1.63000000,1
1506549458,22420998,0.07396400,1.08370400,1
1506549450,22420984,0.07397300,1.38918800,0
1506549449,22420979,0.07397300,1.49189200,0
1506549446,22420976,0.07397300,1.51053200,0
1506549440,22420955,0.07405000,0.31402282,0
1506549440,22420953,0.07396400,1.07516500,0
1506549435,22420934,0.07396400,3.92483500,0
1506549307,22420690,0.07379357,1.19084600,1
1506549292,22420663,0.07379315,2.86070200,1
1506549264,22420613,0.07380900,0.00000100,1
1506549263,22420611,0.07380900,4.99999900,1
1506549252,22420594,0.07381719,0.69509844,1
1506549252,22420593,0.07381719,4.43074473,1
1506549075,22420494,0.07384800,0.77826432,1
1506549073,22420493,0.07388001,2.42860000,1
1506549073,22420492,0.07389000,0.20240000,1
1506549071,22420490,0.07388001,0.28594559,1
1506549063,22420484,0.07387001,0.28594559,1
1506549054,22420478,0.07385700,1.15124600,1
1506549054,22420477,0.07385700,0.28594559,1
1506549045,22420467,0.07387500,0.28595378,1
1506549041,22420463,0.07387500,2.93350200,1
1506549039,22420459,0.07388000,0.31400000,1
1506549039,22420457,0.07390000,5.44808800,1
1506549034,22420453,0.07390000,1.25191200,1
1506549024,22420442,0.07390000,3.10000000,1
1506549006,22420434,0.07390000,0.20000000,1
1506549003,22420429,0.07390000,5.00000000,1
1506548986,22420408,0.07396965,2.03410452,0
1506548967,22420391,0.07396965,1.98858779,0
1506548954,22420382,0.07396000,0.31397718,0
1506548899,22420333,0.07383011,0.01012307,1
1506548898,22420332,0.07383011,0.31392100,1
1506548857,22420302,0.07395997,1.71806900,1
1506548810,22420254,0.07380001,0.23938620,1
1506548801,22420241,0.07404999,2.85111238,0
1506548801,22420240,0.07392700,5.00000000,0
1506548799,22420231,0.07405000,2.97721000,0
1506548799,22420229,0.07392000,5.00000000,0
1506548799,22420228,0.07390490,0.10000000,0
1506548740,22420177,0.07383400,0.17818959,0
1506548727,22420164,0.07373401,0.10857768,1
1506548727,22420163,0.07383300,0.17818959,1
1506548649,22420121,0.07383072,2.71000000,1
1506548647,22420116,0.07383071,2.71000000,0
1506548641,22420099,0.07383072,0.18600000,0
1506548577,22420036,0.07370000,8.89235100,1
1506548577,22420035,0.07370000,4.69764900,1
1506548563,22420024,0.07370000,0.30235100,1
1506548415,22419904,0.07370000,3.33718582,1
1506548413,22419899,0.07370000,6.66273412,1
1506548413,22419897,0.07370000,3.26627812,1
1506548413,22419895,0.07370712,0.00000276,1
1506548409,22419884,0.07370712,0.42544724,0
1506548408,22419880,0.07370712,0.14181867,0
1506548407,22419877,0.07370000,1.73372188,1
1506548406,22419875,0.07370719,3.26627812,1
1506548314,22419664,0.07383400,4.99999977,0
1506548314,22419663,0.07382000,0.20280000,0
1506548314,22419662,0.07380500,0.10771623,0
1506548192,22419507,0.07367900,0.20000000,1
1506548168,22419488,0.07370009,0.23548192,1
1506548032,22419401,0.07367903,0.28926090,1
1506548015,22419395,0.07370000,2.51310268,1
1506548015,22419394,0.07370000,2.48689732,1
1506548015,22419393,0.07370900,0.14939668,1
1506547999,22419384,0.07370903,9.66235416,1
1506547922,22419357,0.07384945,0.12508868,1
1506547920,22419356,0.07384945,9.87491132,0
1506547899,22419350,0.07370906,0.18900500,1
1506547877,22419330,0.07372000,0.20280000,1
1506547797,22419251,0.07388774,0.12780000,0
1506547757,22419240,0.07380000,3.00000000,1
1506547751,22419228,0.07380000,1.01138800,1
1506547748,22419225,0.07380000,1.00000000,1
1506547748,22419224,0.07380000,2.00000000,1
1506547745,22419221,0.07380000,3.00000000,1
1506547657,22419151,0.07370900,0.54675073,1
1506547657,22419150,0.07371500,0.01324927,1
1506547655,22419149,0.07371500,4.98675073,1
1506547655,22419147,0.07380000,10.00000000,1
1506547655,22419146,0.07380000,1.38117027,1
1506547652,22419144,0.07380000,2.90593000,1
1506547633,22419140,0.07380000,0.71289973,1
1506547620,22419132,0.07370903,0.11510791,1
1506547545,22419100,0.07380000,9.99999999,1
1506547545,22419098,0.07380000,4.57259101,1
1506547508,22419076,0.07380000,0.42740899,1
1506547508,22419075,0.07380001,0.04439101,1
1506547507,22419074,0.07380001,0.10452700,1
1506547500,22419069,0.07372311,2.00000000,1
1506547421,22419020,0.07380000,0.37268380,1
1506547421,22419019,0.07380001,0.86077120,1
1506547405,22419003,0.07380000,1.70184100,1
1506547388,22418995,0.07373534,4.65476741,1
1506547346,22418962,0.07380000,1.00000000,1
1506547324,22418946,0.07390000,1.29995460,1
1506547323,22418944,0.07384900,1.00000000,1
1506547322,22418942,0.07384900,0.00004540,0
1506547314,22418938,0.07380000,4.00000000,1
1506547302,22418919,0.07384900,0.59435376,0
1506547282,22418894,0.07373808,0.16211100,1
1506547278,22418891,0.07373807,2.91603100,1
1506547257,22418882,0.07385000,3.18385134,0
1506547257,22418880,0.07384875,4.12769000,0
1506547193,22418859,0.07382933,3.33879944,0
1506547193,22418858,0.07382930,7.09803556,0
1506547079,22418785,0.07362095,0.46110263,1
1506546757,22418520,0.07377841,2.09669211,0
1506546725,22418503,0.07360056,7.27292032,1
1506546676,22418483,0.07370013,2.71000000,0
1506546670,22418479,0.07370015,0.10000000,1
1506546658,22418453,0.07370017,1.51441900,0
1506546630,22418441,0.07370000,0.20000000,1
1506546561,22418410,0.07363003,0.27399109,1
1506546547,22418385,0.07378184,0.32621106,0
1506546527,22418346,0.07376700,0.72214847,0
1506546527,22418345,0.07375000,0.13532953,0
1506546513,22418308,0.07369630,1.74985748,1
1506546513,22418307,0.07369632,0.13489153,1
1506546509,22418299,0.07369631,0.32621106,0
1506546503,22418282,0.07366301,5.00729402,1
1506546501,22418279,0.07366300,0.36976048,1
1506546493,22418225,0.07355101,25.33907633,1
1506546493,22418221,0.07367000,5.00000000,1
1506546493,22418219,0.07370000,8.83573367,1
1506546492,22418218,0.07370000,0.17253756,1
1506546492,22418213,0.07370000,0.54274084,1
1506546480,22418187,0.07370003,0.26258969,0
1506546480,22418183,0.07370004,0.73741031,1
1506546477,22418180,0.07370000,0.44898793,1
1506546468,22418171,0.07371000,1.16392600,1
1506546461,22418163,0.07380000,5.00000000,1
1506546421,22418142,0.07380000,1.35399300,1
1506546416,22418124,0.07380000,0.20000000,1
1506546401,22418114,0.07384000,0.13530000,1
1506546360,22418092,0.07384999,0.20000000,0
1506546307,22418021,0.07385000,0.20258632,0
1506546277,22417970,0.07386000,0.20267047,0
1506546275,22417963,0.07375203,1.68280057,0
1506546274,22417962,0.07375203,0.16972794,0
1506546273,22417959,0.07375205,2.71000000,1
1506546265,22417955,0.07386984,9.20304000,0
1506546193,22417890,0.07380000,3.01000000,1
1506546192,22417889,0.07380000,2.10000000,1
1506546192,22417888,0.07380000,2.00000000,1
1506546191,22417887,0.07380000,3.00000000,1
1506546181,22417884,0.07388981,0.28241500,1
1506545967,22417768,0.07374000,1.00000000,1
1506545962,22417762,0.07374000,0.20270000,1
1506545941,22417744,0.07387646,0.29000000,1
1506545941,22417742,0.07387646,2.71000000,0
1506545931,22417737,0.07370400,2.77667900,1
1506545901,22417719,0.07371900,3.29100000,1
1506545899,22417717,0.07387810,0.67510158,0
1506545619,22417441,0.07379327,10.88316661,0
1506545612,22417437,0.07370000,4.46221609,1
1506545476,22417316,0.07379986,0.26529857,0
1506545466,22417293,0.07380000,5.00000000,1
1506545448,22417268,0.07374003,12.59867600,1
1506545265,22417063,0.07374003,0.85469900,1
1506545234,22417030,0.07389700,2.46160303,0
1506545233,22417028,0.07389700,2.53830736,0
1506545233,22417027,0.07389697,2.46165451,0
1506545215,22416978,0.07370000,0.20280000,1
1506545208,22416974,0.07371000,0.52720000,0
1506545207,22416971,0.07372000,0.20280000,1
1506545173,22416934,0.07373000,0.31400000,1
1506545159,22416924,0.07390753,1.19513000,0
1506545154,22416921,0.07372059,0.13564737,1
1506545002,22416785,0.07369003,0.20000000,1
1506544964,22416762,0.07366003,1.32056200,1
1506544940,22416755,0.07380006,0.53704714,0
1506544939,22416754,0.07379631,0.19465953,0
1506544939,22416752,0.07377000,0.19672733,0
1506544808,22416527,0.07379447,0.30127653,0
1506544801,22416513,0.07379482,1.84034000,0
1506544762,22416490,0.07378985,4.21984801,0
1506544762,22416488,0.07367232,0.00000062,0
1506544746,22416479,0.07364000,0.19672733,1
1506544732,22416457,0.07362000,0.03333957,0
1506544727,22416448,0.07362000,0.16936043,0
1506544715,22416402,0.07367232,0.32425360,0
1506544715,22416400,0.07367000,0.26415640,0
1506544715,22416399,0.07366000,0.31400000,0
1506544710,22416380,0.07367000,0.05996740,1
1506544708,22416361,0.07367000,0.26428682,1
1506544701,22416304,0.07367600,0.17219113,1
1506544697,22416284,0.07379631,0.12959469,0
1506544694,22416252,0.07364435,2.88230566,1
1506544693,22416245,0.07380000,0.44324324,1
1506544688,22416205,0.07380000,4.27792600,1
1506544688,22416204,0.07380000,0.17219113,1
1506544687,22416194,0.07380000,1.58872223,1
1506544687,22416191,0.07380000,0.32423027,1
1506544684,22416179,0.07380000,1.09975610,1
1506544683,22416167,0.07380006,4.01000000,1
1506544681,22416164,0.07399992,0.30000000,0
1506544667,22416158,0.07380000,1.99000100,1
1506544644,22416137,0.07380000,3.00999900,1
1506544602,22416121,0.07364403,0.99708889,1
1506544602,22416120,0.07375000,0.31400000,1
1506544586,22416102,0.07364084,2.51253430,1
1506544584,22416101,0.07364082,6.59866489,1
1506544584,22416098,0.07364083,3.51333996,1
1506544584,22416095,0.07365000,0.20270000,1
1506544584,22416094,0.07365600,5.00000000,1
1506544584,22416093,0.07370000,5.00000000,1
1506544580,22416075,0.07425189,429.41509004,1
1506544579,22416074,0.07424190,5.00000000,1
1506544579,22416073,0.07412137,0.20000000,0
1506544579,22416072,0.07412137,3.00000000,1
1506544578,22416071,0.07412133,1.52806458,0
1506544578,22416070,0.07406784,1.08759400,1
1506544577,22416069,0.07400000,1.00000000,0
1506544577,22416068,0.07400000,0.25000000,0
1506544577,22416067,0.07400000,0.15946100,0
1506544577,22416066,0.07400000,5.38500000,0
1506544577,22416064,0.07400000,4.45553900,0
1506544577,22416062,0.07398000,0.20270000,0
1506544576,22416061,0.07394194,73.50400000,1
1506544576,22416060,0.07394194,5.00000000,1
1506544576,22416059,0.07394194,6.84991684,1
1506544574,22416056,0.07384999,0.60184883,0
1506544566,22416045,0.07371000,0.20270000,1
1506544555,22416043,0.07371003,0.16913000,1
1506544532,22416038,0.07383800,1.50000000,0
1506544457,22415994,0.07364003,0.16818000,1
1506544387,22415958,0.07361435,0.35166079,1
1506544305,22415911,0.07378194,1.00045431,0
1506544300,22415908,0.07378194,3.21746080,0
1506544299,22415907,0.07369631,0.32432783,0
1506544277,22415895,0.07369497,6.86770929,0
1506544277,22415894,0.07369487,2.20036247,0
1506544226,22415814,0.07360000,0.22266200,1
1506544206,22415760,0.07360000,0.11534000,1
1506544182,22415750,0.07360000,0.39308289,1
1506544182,22415749,0.07360000,0.40318711,1
1506544169,22415745,0.07360000,1.83576590,1
1506544164,22415738,0.07360000,0.52848733,1
1506544162,22415731,0.07360000,2.23255966,1
1506544150,22415713,0.07354007,0.52856000,1
1506544140,22415709,0.07354004,0.20000000,1
1506544129,22415707,0.07354007,0.06988000,1
1506544119,22415689,0.07369497,35.45896057,1
1506544119,22415688,0.07369497,13.45337510,0
1506544106,22415683,0.07352601,1.42000000,1
1506544106,22415682,0.07352601,0.33000000,1
1506544106,22415681,0.07352601,0.76489506,1
1506544051,22415645,0.07352601,0.19984000,1
1506544042,22415635,0.07352601,1.42050494,1
1506544040,22415629,0.07352601,0.32476000,1
1506544008,22415608,0.07359500,0.31737500,1
1506544002,22415597,0.07359500,1.91811321,1
1506544001,22415596,0.07359500,5.00000000,0
1506543991,22415584,0.07359500,2.31295300,0
1506543990,22415582,0.07349000,0.31500000,0
1506543990,22415581,0.07348999,0.38711552,0
1506543871,22415482,0.07330000,4.49008893,1
1506543835,22415460,0.07318955,17.80870599,1
1506543779,22415408,0.07330003,7.87697308,1
1506543724,22415373,0.07330000,2.23098800,1
1506543664,22415331,0.07330010,5.42689500,1
1506543614,22415314,0.07330009,0.14946700,1
1506543604,22415301,0.07330006,0.31500000,0
1506543603,22415299,0.07340000,2.60931400,1
1506543599,22415296,0.07340000,0.84028400,1
1506543593,22415268,0.07340000,0.15000000,1
1506543584,22415254,0.07340000,0.56555400,1
1506543577,22415249,0.07340000,0.83484800,1
1506543542,22415225,0.07330000,3.21286200,1
1506543530,22415219,0.07342472,8.41957447,1
1506543530,22415217,0.07342480,7.75408800,1
1506543530,22415215,0.07342500,1.59771256,1
1506543530,22415213,0.07342500,4.99996132,0
1506543529,22415210,0.07342473,0.94000000,0
1506543529,22415207,0.07342472,6.64200000,0
1506543529,22415205,0.07342472,1.77762200,0
1506543528,22415201,0.07342469,10.24047269,0
1506543527,22415194,0.07342472,0.93237800,0
1506543524,22415153,0.07330003,0.38701900,0
1506543523,22415149,0.07330003,1.54995973,0
1506543495,22415141,0.07330000,0.23690196,1
1506543493,22415138,0.07330004,0.71637143,1
1506543492,22415137,0.07330004,2.60166866,1
1506543492,22415136,0.07330004,0.10833134,1
1506543491,22415135,0.07330007,2.71000000,1
1506543469,22415126,0.07327235,0.57852925,1
1506543468,22415125,0.07327235,0.79297275,1
1506543195,22414904,0.07346950,0.06112373,1
1506543194,22414903,0.07346950,0.32599179,1
1506543161,22414845,0.07346960,1.00000000,0
1506543148,22414833,0.07340000,0.40697696,1
1506543141,22414819,0.07340000,0.23664904,1
1506543125,22414808,0.07340000,9.35637400,1
1506543125,22414807,0.07340000,4.51862600,1
1506543121,22414800,0.07348243,0.64099200,1
1506543121,22414798,0.07348243,0.35900800,0
1506543119,22414797,0.07340000,0.28962900,1
1506543113,22414792,0.07340000,0.19174500,1
1506543098,22414776,0.07340000,2.35301900,1
1506543094,22414771,0.07340000,0.28628000,1
1506543094,22414770,0.07348252,0.59598405,0
1506543092,22414766,0.07340000,0.32658157,1
1506543084,22414755,0.07340000,0.32653939,1
1506543075,22414750,0.07340000,0.32653939,1
1506543056,22414722,0.07340000,0.32653937,1
1506543024,22414689,0.07333904,0.13211934,0
1506543015,22414679,0.07340000,4.41266200,1
1506543013,22414670,0.07340000,0.66923800,1
1506543013,22414669,0.07340000,4.24886200,1
1506543003,22414654,0.07340003,0.15148800,1
1506542998,22414634,0.07356888,0.09279924,0
1506542982,22414601,0.07340003,2.40253400,1
1506542971,22414591,0.07340000,0.20011000,1
1506542969,22414586,0.07340000,0.27854700,1
1506542968,22414583,0.07340000,0.27248100,1
1506542966,22414576,0.07340003,1.56058300,1
1506542943,22414533,0.07340046,3.01000000,1
1506542877,22414453,0.07340042,1.64808564,1
1506542865,22414439,0.07340040,0.16968572,1
1506542799,22414335,0.07340002,0.20000000,1
1506542763,22414254,0.07358000,0.07809804,0
1506542763,22414253,0.07350299,1.18673558,0
1506542763,22414252,0.07350299,2.70546638,0
1506542750,22414230,0.07350299,0.61257371,0
1506542730,22414200,0.07350300,1.33294200,0
1506542717,22414164,0.07340000,4.61274483,1
1506542714,22414159,0.07330044,0.20011000,0
1506542704,22414150,0.07340003,3.85295991,0
1506542704,22414149,0.07340002,3.31804009,0
1506542695,22414136,0.07340000,0.32601472,1
1506542675,22414123,0.07340000,1.00000000,1
1506542674,22414122,0.07340000,0.26088556,1
1506542669,22414108,0.07340003,0.10000000,1
1506542663,22414090,0.07340000,0.98900100,1
1506542662,22414089,0.07340000,2.42400000,1
1506542662,22414088,0.07341000,0.31500000,1
1506542647,22414034,0.07341003,0.31492985,1
1506542586,22413892,0.07353497,0.61005600,0
1506542578,22413883,0.07353495,5.06024786,0
1506542577,22413881,0.07353495,7.41700000,0
1506542554,22413839,0.07347000,0.07419900,1
1506542554,22413837,0.07347000,4.92580100,1
1506542554,22413836,0.07349970,0.07419900,1
1506542553,22413831,0.07349970,0.46780100,1
1506542551,22413820,0.07349975,1.06848885,1
1506542551,22413819,0.07349975,1.06848915,1
1506542537,22413772,0.07355500,0.38061315,1
1506542532,22413767,0.07355500,1.53937864,1
1506542532,22413766,0.07360000,3.46062136,1
1506542528,22413760,0.07360000,0.54202446,1
1506542525,22413746,0.07360000,5.99735418,1
1506542525,22413744,0.07365000,0.00264582,1
1506542506,22413662,0.07365000,0.09256418,1
1506542505,22413646,0.07370000,3.62043988,1
1506542504,22413629,0.07370000,0.98036012,1
1506542502,22413618,0.07370000,0.39920000,1
1506542488,22413572,0.07365800,0.12787948,1
1506542475,22413546,0.07366400,2.22860500,1
1506542475,22413542,0.07370000,2.79357400,1
1506542456,22413461,0.07370000,7.20642600,1
1506542449,22413459,0.07370003,2.79357400,1
1506542434,22413456,0.07380000,5.00000000,1
1506542419,22413407,0.07378600,5.00000000,1
1506542378,22413323,0.07392782,40.56095000,0
1506542378,22413322,0.07392770,1.43905000,0
1506542376,22413319,0.07380000,1.50000000,1
1506542354,22413259,0.07380000,3.50000000,1
1506542338,22413240,0.07392947,0.10000000,0
1506542337,22413237,0.07377203,0.97139100,1
1506542298,22413223,0.07390000,0.73101900,1
1506542296,22413219,0.07390000,5.85891000,1
1506542295,22413214,0.07390000,2.70656400,1
1506542295,22413212,0.07390000,0.64209400,1
1506542295,22413207,0.07390000,0.06141300,1
1506542294,22413206,0.07390000,0.43858700,1
1506542291,22413197,0.07393000,6.61790278,1
1506542291,22413196,0.07393000,3.03970800,1
1506542290,22413185,0.07393000,3.50000000,1
1506542289,22413183,0.07393000,0.50000000,1
1506542289,22413180,0.07393000,2.00815400,1
1506542289,22413178,0.07393000,1.49184600,1
1506542288,22413175,0.07393000,5.94068100,1
1506542287,22413168,0.07393000,6.92597400,1
1506542284,22413160,0.07393000,0.50000000,1
1506542282,22413157,0.07393000,0.23026722,1
1506542281,22413154,0.07393000,2.00815400,1
1506542280,22413153,0.07393000,15.00000000,1
1506542279,22413151,0.07393000,0.32731300,1
1506542278,22413150,0.07393000,0.50000000,1
1506542277,22413148,0.07393000,4.91000000,1
1506542274,22413147,0.07393000,3.50000000,1
1506542271,22413143,0.07390000,3.00000000,1
1506542264,22413141,0.07390000,0.69141300,1
1506542257,22413132,0.07390000,0.77000000,1
1506542255,22413128,0.07390000,0.10000000,1
1506542248,22413123,0.07373003,0.06100521,1
1506542248,22413122,0.07390697,7.82299479,1
1506542247,22413121,0.07390697,0.50000000,1
1506542244,22413107,0.07390697,4.29000000,1
1506542244,22413105,0.07390697,3.50000000,1
1506542243,22413101,0.07390697,0.59000000,1
1506542241,22413099,0.07390697,1.23118294,1
1506542241,22413098,0.07390697,0.07580000,1
1506542235,22413089,0.07390697,0.19002227,1
1506542179,22413012,0.07381491,4.16105900,0
1506542175,22413005,0.07377000,0.14990000,0
1506542168,22412986,0.07372800,1.50000000,0
1506542154,22412965,0.07360000,7.10564547,1
1506542154,22412964,0.07360000,0.14990000,1
1506542154,22412963,0.07363000,0.10967635,1
1506542153,22412962,0.07365301,21.08800000,1
1506542153,22412961,0.07367000,5.00000000,0
1506542153,22412960,0.07370000,5.00000000,1
1506542152,22412959,0.07370002,2.71000000,1
1506542114,22412879,0.07370001,0.09497000,1
1506542096,22412847,0.07367300,2.24032990,1
1506542096,22412845,0.07370000,0.52122010,1
1506542095,22412844,0.07370000,0.79840000,1
1506542094,22412842,0.07370000,1.44000000,1
1506542084,22412825,0.07370001,0.40000000,1
1506542051,22412792,0.07370000,3.00000000,1
1506542038,22412762,0.07370000,1.04200000,1
1506541999,22412687,0.07370000,0.30886025,1
1506541995,22412677,0.07370000,1.35685211,1
1506541984,22412657,0.07370000,0.90000000,1
1506541980,22412651,0.07370000,1.00000000,1
1506541976,22412646,0.07370000,2.00000000,1
1506541949,22412636,0.07370006,5.00000000,1
1506541887,22412605,0.07363011,6.81000000,1
1506541885,22412601,0.07373700,0.68744000,0
1506541877,22412589,0.07372194,0.68744000,0
1506541877,22412588,0.07363700,1.50000000,0
1506541848,22412546,0.07360010,0.20000000,1
1506541843,22412533,0.07361804,0.14984928,0
1506541827,22412520,0.07362404,0.19996111,0
1506541820,22412514,0.07364000,0.14990000,1
1506541813,22412507,0.07363003,0.23870365,0
1506541812,22412506,0.07363004,0.11119635,1
1506541792,22412485,0.07363003,0.34990000,1
1506541789,22412469,0.07375700,2.23463128,1
1506541788,22412464,0.07372856,0.13709602,0
1506541787,22412462,0.07372855,0.13709602,0
1506541774,22412425,0.07371700,0.39371000,1
1506541773,22412419,0.07372856,0.36290398,0
1506541773,22412417,0.07372496,0.13709602,0
1506541763,22412395,0.07369799,0.22466009,0
1506541760,22412386,0.07369800,0.16858952,0
1506541754,22412372,0.07362000,0.00000500,0
1506541750,22412361,0.07362000,2.99999500,0
1506541744,22412332,0.07354075,0.20000000,1
1506541730,22412299,0.07363600,1.44207996,0
1506541729,22412294,0.07363600,0.26773589,0
1506541727,22412281,0.07363600,2.16843211,0
1506541727,22412277,0.07353584,0.00000015,0
1506541709,22412206,0.07353584,0.99999985,0
1506541709,22412205,0.07351890,0.10000000,0
1506541708,22412204,0.07351100,0.00000015,0
1506541707,22412198,0.07351100,1.06848900,0
1506541706,22412194,0.07351100,0.43151085,0
1506541706,22412192,0.07350000,1.06848915,0
1506541688,22412156,0.07350000,1.36047100,0
1506541686,22412149,0.07350000,11.41214286,0
1506541685,22412147,0.07350000,11.16391300,0
1506541683,22412140,0.07350000,4.75333333,0
1506541680,22412125,0.07350000,4.75020407,0
1506541666,22412105,0.07350000,16.85062140,0
1506541666,22412104,0.07348890,0.20000000,0
1506541666,22412103,0.07348884,0.64948537,0
1506541666,22412102,0.07348883,0.30564723,0
1506541640,22412068,0.07338894,0.31368700,1
1506541602,22412025,0.07338890,0.99247332,1
1506541601,22412024,0.07338890,1.97236300,1
1506541600,22412020,0.07338890,5.67597868,1
1506541600,22412018,0.07338891,0.24389932,1
1506541599,22412014,0.07338890,8.88482300,1
1506541599,22412013,0.07338890,2.71006800,1
1506541598,22412011,0.07338890,0.23391821,1
1506541597,22412008,0.07338890,2.70998600,1
1506541596,22412002,0.07338890,16.68908000,1
1506541590,22411973,0.07338890,2.57669798,1
1506541590,22411972,0.07338891,0.26950202,1
1506541587,22411967,0.07340001,0.00006848,1
1506541586,22411965,0.07340001,2.70993152,0
1506541584,22411959,0.07340000,1.36395189,1
1506541584,22411956,0.07340001,2.71000000,1
1506541573,22411931,0.07340000,3.11381472,1
1506541572,22411924,0.07340000,0.17407778,1
1506541568,22411907,0.07340000,0.17407780,1
1506541566,22411900,0.07340000,0.17407781,1
1506541564,22411891,0.07338890,0.06902885,1
1506541564,22411888,0.07338891,0.29779229,1
1506541472,22411740,0.07340000,0.41199968,1
1506541471,22411735,0.07340000,1.73133200,1
1506541469,22411726,0.07340000,1.51147000,1
1506541464,22411716,0.07340000,0.41200000,1
1506541463,22411713,0.07340000,0.67774532,1
1506541462,22411711,0.07340001,0.24211168,1
1506541448,22411685,0.07344200,0.88012420,0
1506541448,22411683,0.07340000,0.25545300,1
1506541352,22411512,0.07344200,0.61987580,0
1506541352,22411511,0.07341000,0.88012420,0
1506541341,22411492,0.07341000,0.49227000,0
1506541340,22411488,0.07341000,0.30300000,0
1506541332,22411478,0.07338291,0.90000000,1
1506541328,22411467,0.07338291,0.90000000,1
1506541324,22411462,0.07338294,8.19638083,1
1506541323,22411461,0.07341000,1.30325600,0
1506541321,22411455,0.07341000,0.10783929,0
1506541321,22411453,0.07340000,0.08750871,0
1506541311,22411440,0.07338300,4.99996740,0
1506541310,22411437,0.07337700,1.70778310,1
1506541306,22411431,0.07337700,3.29221690,0
1506541303,22411423,0.07337697,5.00000000,0
1506541176,22411273,0.07320000,0.27617802,1
1506541175,22411265,0.07320000,2.54633400,1
1506541174,22411262,0.07320000,0.93130000,1
1506541163,22411245,0.07320000,0.19494300,1
1506541152,22411230,0.07320000,0.39051700,1
1506541140,22411212,0.07315400,0.18354253,1
1506541138,22411208,0.07315400,0.18338410,1
1506541122,22411180,0.07321000,0.08750871,1
1506541114,22411160,0.07329958,1.23904500,0
1506541108,22411123,0.07329972,14.70851512,0
1506541107,22411121,0.07329000,0.00000500,0
1506541107,22411117,0.07329000,0.20429500,0
1506541092,22411096,0.07320000,0.18322077,1
1506541083,22411087,0.07320000,0.32878500,1
1506541068,22411057,0.07320000,0.18322158,1
1506541043,22411029,0.07320000,0.18322158,1
1506541037,22411025,0.07320000,0.35505400,1
1506541034,22411019,0.07320003,1.61990700,1
1506541029,22410996,0.07320000,0.24494585,1
1506541029,22410994,0.07320000,2.95272900,1
1506541028,22410990,0.07320000,0.18640711,1
1506541024,22410975,0.07320000,1.11600000,1
1506541013,22410952,0.07320000,0.49991804,1
1506541008,22410919,0.07320003,0.43999500,1
1506540945,22410818,0.07320000,0.18322077,1
1506540943,22410813,0.07320003,0.36005573,1
1506540927,22410764,0.07320000,0.21661858,1
1506540914,22410759,0.07320006,4.90290100,1
1506540880,22410726,0.07331633,0.29010194,0
1506540878,22410712,0.07331630,7.57980700,0
1506540862,22410663,0.07320000,1.29581400,1
1506540856,22410654,0.07320000,0.18270585,1
1506540856,22410653,0.07321000,0.00009866,1
1506540849,22410638,0.07321000,0.20420134,1
1506540842,22410621,0.07334200,1.29581357,1
1506540840,22410618,0.07332000,0.20418643,0
1506540834,22410615,0.07320001,0.29014895,1
1506540776,22410591,0.07317200,2.27016300,1
1506540774,22410590,0.07317200,0.45073000,1
1506540766,22410587,0.07318200,4.07865833,1
1506540766,22410586,0.07320000,4.81734167,1
1506540753,22410540,0.07320000,0.18265833,1
1506540669,22410451,0.07320000,3.99092704,1
1506540669,22410450,0.07320003,5.40607296,1
1506540629,22410367,0.07327000,4.99996726,0
1506540610,22410343,0.07318200,5.00000000,1
1506540607,22410341,0.07318203,0.79499200,1
1506540596,22410337,0.07320000,4.50151300,1
1506540590,22410333,0.07320000,0.25848700,1
1506540588,22410329,0.07320000,0.24000000,1
1506540568,22410301,0.07320003,0.19273500,1
1506540539,22410272,0.07322000,0.20418643,1
1506540538,22410264,0.07322003,0.12674913,1
1506540519,22410244,0.07320003,0.50000000,1
1506540512,22410233,0.07327799,1.32000000,1
1506540490,22410204,0.07333300,1.00000000,0
1506540489,22410203,0.07333299,2.71000000,0
1506540488,22410201,0.07330000,5.00000000,0
1506540488,22410199,0.07320011,2.82659157,0
1506540488,22410197,0.07320011,0.95562738,0
1506540488,22410195,0.07320011,6.06477183,0
1506540473,22410189,0.07320000,0.11818700,1
1506540465,22410186,0.07320008,0.12742200,0
1506540459,22410179,0.07320011,3.18409801,0
1506540458,22410178,0.07320012,0.95570499,1
1506540449,22410169,0.07320001,10.19055579,1
1506540448,22410168,0.07320001,3.94913221,1
1506540448,22410167,0.07320001,0.19055623,1
1506540426,22410158,0.07320007,2.59838100,1
1506540413,22410154,0.07333298,0.08560184,0
1506540396,22410116,0.07320011,0.65034700,1
1506540342,22410001,0.07332500,2.21842865,0
1506540341,22410000,0.07328223,0.33489618,0
1506540330,22409979,0.07326600,1.50000000,0
1506540320,22409969,0.07326590,4.13132166,0
1506540317,22409958,0.07326590,4.13077570,0
1506540300,22409946,0.07326590,1.00000000,0
1506540223,22409901,0.07326597,3.36367620,0
1506540201,22409877,0.07320243,0.87444200,0
1506540159,22409830,0.07310046,1.23905221,1
1506540116,22409803,0.07310000,3.01000000,1
1506540100,22409784,0.07307807,0.23886000,0
1506540098,22409779,0.07305300,0.23886000,1
1506540094,22409768,0.07310000,1.27536252,1
1506540088,22409760,0.07310000,7.64536198,1
1506540087,22409758,0.07310000,5.00000000,1
1506540087,22409756,0.07311000,5.99772605,1
1506540060,22409681,0.07311000,3.75300000,1
1506540046,22409678,0.07311000,3.00999996,1
1506540046,22409677,0.07311268,0.00000004,1
1506540024,22409672,0.07311268,1.00252100,1
1506539935,22409599,0.07310000,29.99878296,0
1506539911,22409576,0.07300000,3.25953700,1
1506539909,22409574,0.07300000,1.56027800,1
1506539908,22409569,0.07300000,0.89195800,1
1506539891,22409560,0.07300000,1.00000000,1
1506539891,22409559,0.07300000,2.00000000,1
1506539884,22409553,0.07300000,3.00000000,1
1506539871,22409542,0.07309997,7.41660978,0
1506539807,22409501,0.07300000,1.00000000,1
1506539805,22409498,0.07300000,2.98473600,1
1506539792,22409484,0.07309000,0.20500000,0
1506539775,22409465,0.07300000,1.00000000,1
1506539775,22409464,0.07300000,2.00000000,1
1506539774,22409463,0.07300000,3.00000000,1
1506539677,22409408,0.07300000,2.11000000,1
1506539677,22409407,0.07300000,0.90000000,1
1506539661,22409399,0.07300000,3.10000000,1
1506539653,22409393,0.07300000,1.00000000,1
1506539641,22409388,0.07308997,0.30956200,0
1506539614,22409363,0.07300000,2.99999953,1
1506539601,22409359,0.07300000,2.57139900,1
1506539589,22409352,0.07300000,0.32860147,1
1506539586,22409351,0.07300000,3.00000000,1
1506539585,22409350,0.07300000,1.10000000,1
1506539585,22409349,0.07300000,2.00000000,1
1506539578,22409344,0.07300000,3.00000000,1
1506539577,22409343,0.07300003,3.00000000,1
1506539538,22409306,0.07309993,0.66229521,0
1506539445,22409209,0.07312843,3.12569203,0
1506539394,22409112,0.07300013,3.38258800,1
1506539338,22409073,0.07312943,1.68333269,1
1506539327,22409050,0.07312941,0.12484050,0
1506539326,22409049,0.07301100,0.12000000,0
1506539271,22408970,0.07300001,2.71000000,1
1506539254,22408954,0.07300000,4.79500000,1
1506539211,22408909,0.07300000,4.27430200,1
1506539145,22408847,0.07292900,5.00000000,1
1506539136,22408830,0.07294100,5.00000000,1
1506539136,22408828,0.07294104,0.11404245,1
1506539108,22408760,0.07308832,16.21837000,0
1506539102,22408742,0.07308835,0.14994157,1
1506539101,22408737,0.07308835,4.33088000,0
1506539088,22408690,0.07290003,1.89602600,1
1506539075,22408679,0.07290000,0.20500000,1
1506539051,22408640,0.07292003,7.48575652,1
1506539051,22408638,0.07308897,3.71618048,1
1506539047,22408630,0.07308897,22.43908985,1
1506539022,22408586,0.07300400,4.99999957,0
1506539022,22408585,0.07299000,1.67669543,0
1506539013,22408576,0.07290000,18.48339200,0
1506539011,22408572,0.07290000,6.85642800,0
1506539008,22408564,0.07290000,6.85612600,0
1506539006,22408557,0.07290000,1.50642300,0
1506539003,22408547,0.07290000,7.27847400,0
1506539001,22408538,0.07290000,15.38269161,0
1506538995,22408530,0.07290000,4.93074297,0
1506538981,22408517,0.07290000,0.86203400,0
1506538948,22408479,0.07290000,6.31898200,0
1506538922,22408469,0.07290000,1.16671800,0
1506538912,22408463,0.07290000,0.38374400,0
1506538911,22408462,0.07290000,1.69053300,0
1506538908,22408458,0.07290000,0.25359200,0
1506538904,22408451,0.07290000,0.13903400,0
1506538901,22408448,0.07290000,0.44240700,0
1506538885,22408412,0.07290000,19.12710288,0
1506538873,22408388,0.07290000,0.21809300,0
1506538776,22408204,0.07290000,1.60626500,0
1506538775,22408203,0.07290000,4.02602900,0
1506538775,22408202,0.07289987,0.00003772,0
1506538774,22408199,0.07289987,0.54755625,0
1506538771,22408187,0.07289987,10.36807603,0
1506538742,22408122,0.07273339,5.17747000,1
1506538676,22407972,0.07290000,1.12981700,0
1506538675,22407970,0.07290000,7.97271952,0
1506538664,22407936,0.07290000,3.44367200,0
1506538651,22407912,0.07290000,9.00508800,0
1506538630,22407863,0.07290000,1.03342599,0
1506538630,22407861,0.07289999,0.23980901,0
1506538623,22407842,0.07272650,0.20550900,1
1506538622,22407833,0.07290000,0.20550900,0
1506538615,22407820,0.07290000,0.84999500,0
1506538607,22407797,0.07290000,0.53507000,0
1506538544,22407714,0.07290000,4.78946900,0
1506538544,22407713,0.07289999,2.71000000,0
1506538496,22407652,0.07288700,5.00000000,0
1506538496,22407651,0.07282996,0.60369083,0
1506538496,22407650,0.07282995,2.71434900,0
1506538496,22407649,0.07282000,0.31800000,0
1506538493,22407645,0.07282996,2.71434900,0
1506538488,22407630,0.07282997,4.16100800,0
1506538478,22407613,0.07270073,0.24593300,1
1506538477,22407611,0.07270073,10.41247600,1
1506538476,22407607,0.07270072,2.26053100,1
1506538476,22407605,0.07270072,0.29999500,1
1506538476,22407603,0.07270072,0.80103400,1
1506538473,22407590,0.07270059,0.67000000,1
1506538469,22407580,0.07270056,0.19320500,1
1506538427,22407498,0.07266013,0.14226000,1
1506538427,22407497,0.07266013,0.54066300,1
1506538427,22407496,0.07266013,0.27612700,1
1506538423,22407480,0.07264548,3.49100800,1
1506538396,22407408,0.07277993,0.37182896,0
1506538396,22407407,0.07277990,13.45337510,0
1506538383,22407364,0.07269999,2.74257400,0
1506538374,22407342,0.07271000,0.20590000,0
1506538374,22407341,0.07270000,6.77301922,0
1506538373,22407340,0.07269999,0.27182927,0
1506538373,22407339,0.07269999,0.10000000,0
1506538371,22407334,0.07270000,1.25267400,0
1506538323,22407246,0.07270999,0.95646200,0
1506538323,22407245,0.07270999,0.14353800,0
1506538288,22407202,0.07256729,1.22439100,1
1506538282,22407190,0.07256702,5.41533000,1
1506538282,22407189,0.07258000,0.20590000,1
1506538282,22407188,0.07261000,0.31800000,1
1506538282,22407187,0.07261003,2.30000000,1
1506538219,22407084,0.07260000,0.20560000,1
1506538217,22407078,0.07260000,2.06863800,1
1506538215,22407068,0.07260000,0.11000000,1
1506538215,22407066,0.07260000,0.37192800,1
1506538215,22407065,0.07260000,0.11000000,1
1506538209,22407043,0.07270000,0.51464491,1
1506538209,22407042,0.07270000,3.31804009,1
1506538208,22407038,0.07270000,0.31700000,1
1506538205,22407027,0.07260003,0.85031500,0
1506538203,22407014,0.07264000,0.10000000,1
1506538135,22406875,0.07265971,4.53539885,0
1506538122,22406865,0.07265999,1.43389100,0
1506538102,22406821,0.07270000,0.10989000,1
1506538101,22406815,0.07270000,1.00011000,1
1506538087,22406771,0.07270000,3.27361500,1
1506538086,22406767,0.07270000,5.61638500,1
1506538086,22406766,0.07270000,5.00000000,1
1506538082,22406761,0.07279883,1.00000000,0
1506538034,22406676,0.07270000,0.20000000,1
1506537978,22406632,0.07284997,3.29454600,0
1506537961,22406618,0.07285769,1.00000000,0
1506537896,22406525,0.07270002,1.42348900,1
1506537800,22406422,0.07270000,0.16642866,1
1506537800,22406415,0.07270000,1.76353000,1
1506537799,22406412,0.07270000,0.27511700,1
1506537795,22406410,0.07272000,0.24700430,0
1506537795,22406409,0.07272000,0.13511500,0
1506537795,22406408,0.07273000,0.20560000,1
1506537793,22406403,0.07272000,2.10672155,1
1506537793,22406402,0.07272000,0.17892945,1
1506537785,22406389,0.07272000,2.41710755,1
1506537781,22406380,0.07289903,1.00000000,0
1506537734,22406345,0.07273000,0.31700000,0
1506537733,22406341,0.07272000,0.11396300,1
1506537733,22406340,0.07273000,0.31700000,1
1506537732,22406339,0.07280000,2.27903700,1
1506537732,22406338,0.07280000,0.43531200,1
1506537731,22406335,0.07280000,2.28565100,1
1506537714,22406317,0.07289978,0.10000000,0
1506537680,22406273,0.07289987,0.10000000,0
1506537656,22406227,0.07289898,0.10000000,0
1506537639,22406216,0.07271000,0.24200958,1
1506537631,22406205,0.07289941,1.50000000,0
1506537591,22406172,0.07290000,3.11437173,0
1506537591,22406171,0.07289999,0.36197927,0
1506537591,22406170,0.07289000,0.20560000,0
1506537591,22406169,0.07287964,2.01004900,0
1506537591,22406168,0.07287964,69.30800000,0
1506537559,22406145,0.07273045,13.45337510,1
1506537559,22406144,0.07274000,0.20560000,1
1506537449,22406053,0.07280000,9.83748967,0
1506537420,22406025,0.07280000,6.41991200,0
1506537417,22406019,0.07280000,4.56029000,0
1506537414,22406013,0.07280000,0.32970656,0
1506537405,22405994,0.07280000,0.99992600,0
1506537335,22405890,0.07280000,4.74166100,0
1506537333,22405886,0.07280000,21.34528196,0
1506537322,22405874,0.07280000,4.74944000,0
1506537312,22405856,0.07280000,21.46434600,0
1506537303,22405844,0.07280000,0.31164300,0
1506537303,22405843,0.07280000,1.65317920,0
1506537301,22405838,0.07280000,10.46345400,0
1506537293,22405818,0.07280000,10.65205600,0
1506537285,22405804,0.07280000,2.39886800,0
1506537275,22405788,0.07280000,13.95334115,0
1506537275,22405785,0.07279999,0.16316885,0
1506537268,22405771,0.07280000,4.11940546,0
1506537252,22405745,0.07280000,10.00000000,1
1506537243,22405733,0.07289998,1.18483085,0
1506537242,22405732,0.07282500,3.81516915,0
1506537235,22405710,0.07288900,1.18483085,1
1506537231,22405701,0.07289998,3.16345714,0
1506537231,22405699,0.07289998,0.51096547,0
1506537231,22405698,0.07284000,0.20560000,0
1506537227,22405686,0.07271000,0.20560000,1
1506537226,22405685,0.07289999,0.13869739,0
1506537226,22405684,0.07288900,1.50000000,0
1506537226,22405683,0.07282300,2.81160500,0
1506537224,22405678,0.07287793,2.18839500,1
1506537218,22405645,0.07287793,0.31600000,1
1506537217,22405641,0.07287793,0.20560000,1
1506537217,22405638,0.07288899,1.49999500,0
1506537216,22405637,0.07288899,1.35287800,0
1506537216,22405635,0.07287793,2.71000000,0
1506537216,22405632,0.07270012,0.20560000,0
1506537202,22405595,0.07280000,1.40000000,0
1506537202,22405594,0.07280000,0.54489195,0
1506537199,22405584,0.07275000,0.31600000,0
1506537187,22405550,0.07270012,2.74413400,1
1506537187,22405547,0.07270012,0.00000500,0
1506537186,22405546,0.07270012,4.73283500,0
1506537179,22405530,0.07270012,0.31600000,0
1506537179,22405529,0.07270900,5.00000000,1
1506537179,22405527,0.07280000,6.40000000,1
1506537169,22405498,0.07280000,3.60000000,1
1506537169,22405497,0.07280000,1.40000000,1
1506537168,22405492,0.07280000,3.60000000,1
1506537153,22405467,0.07280000,1.99038154,0
1506537153,22405465,0.07279997,1.03548420,1
1506537095,22405409,0.07280000,14.06656300,0
1506537086,22405404,0.07280000,0.27270100,0
1506537032,22405323,0.07270000,0.89492800,1
1506537032,22405322,0.07270000,1.84210500,1
1506537019,22405303,0.07270000,2.27877000,1
1506537010,22405279,0.07270000,0.87912500,1
1506536997,22405245,0.07279999,0.94936346,0
1506536959,22405169,0.07270206,11.40902490,1
1506536959,22405168,0.07270207,0.69097510,1
1506536954,22405153,0.07280000,0.24465800,0
1506536938,22405116,0.07280000,53.56424900,0
1506536926,22405089,0.07279971,3.21002000,0
1506536926,22405088,0.07279968,4.34431744,0
1506536921,22405081,0.07280000,11.11733400,0
1506536914,22405072,0.07279859,0.10802800,0
1506536910,22405065,0.07279872,0.25000000,0
1506536878,22405017,0.07279997,0.56718500,0
1506536832,22404938,0.07279997,0.22145000,0
1506536804,22404882,0.07280000,1.63420000,0
1506536796,22404872,0.07279997,0.35500000,0
1506536788,22404861,0.07280000,2.04825500,0
1506536786,22404859,0.07280000,43.06165846,0
1506536786,22404857,0.07280000,21.90034154,0
1506536776,22404833,0.07280000,1.00000000,0
1506536774,22404827,0.07280000,1.10663425,0
1506536767,22404818,0.07280000,44.48676100,0
1506536765,22404808,0.07280000,20.47523900,0
1506536760,22404791,0.07280000,1.20700000,0
1506536754,22404781,0.07280000,0.07000000,0
1506536749,22404775,0.07280000,5.49200000,0
1506536746,22404768,0.07280000,1.10332800,0
1506536742,22404755,0.07280000,0.57420000,0
1506536739,22404751,0.07280000,3.31600000,0
1506536738,22404747,0.07280000,9.22114900,0
1506536736,22404742,0.07280000,6.87845700,0
1506536735,22404738,0.07280000,2.55318900,0
1506536732,22404735,0.07280000,0.19963700,0
1506536728,22404730,0.07280000,1.62731100,0
1506536722,22404716,0.07280000,6.78875321,0
1506536722,22404714,0.07279999,0.14807779,0
1506536722,22404713,0.07279986,3.06316900,0
1506536648,22404563,0.07286060,0.07951556,0
1506536616,22404509,0.07286187,0.23816934,0
1506536581,22404441,0.07286197,0.30000000,0
1506536578,22404436,0.07283688,2.71000000,1
1506536576,22404431,0.07283691,2.71000000,1
1506536576,22404429,0.07276000,0.10000000,0
1506536556,22404406,0.07275792,21.56885017,0
1506536556,22404404,0.07275791,3.31803983,0
1506536531,22404314,0.07275885,0.58099834,1
1506536521,22404267,0.07270000,1.80000000,1
1506536514,22404247,0.07270000,0.18320540,1
1506536498,22404193,0.07270000,4.66011500,1
1506536496,22404179,0.07275945,1.54882100,0
1506536474,22404127,0.07270000,0.18220000,1
1506536463,22404073,0.07275928,5.00000000,0
1506536450,22404031,0.07275981,1.31436307,0
1506536449,22404027,0.07275985,2.14279200,0
1506536446,22404021,0.07275998,0.28360400,0
1506536437,22404003,0.07281962,4.78054485,0
1506536436,22404000,0.07276000,2.04070605,1
1506536436,22403996,0.07276000,5.00000000,0
1506536436,22403993,0.07275999,15.14000000,0
1506536426,22403964,0.07263600,2.79192300,1
1506536425,22403960,0.07263600,4.86000000,0
1506536424,22403957,0.07263600,0.14000000,0
1506536415,22403924,0.07263500,0.79273013,0
1506536415,22403922,0.07260000,0.26354500,0
1506536402,22403885,0.07259997,4.60698000,0
1506536370,22403789,0.07259997,0.29595483,0
1506536368,22403777,0.07242120,0.48496800,1
1506536342,22403687,0.07260191,0.00000500,1
1506536342,22403684,0.07260191,0.26354000,1
1506536339,22403674,0.07247399,1.77011991,0
1506536336,22403652,0.07247399,0.50000000,0
1506536332,22403610,0.07249200,0.26346158,1
1506536332,22403606,0.07247400,0.07428498,0
1506536329,22403575,0.07247400,4.46640000,0
1506536326,22403564,0.07247400,9.96806744,0
1506536325,22403562,0.07247400,1.50000000,1
1506536325,22403560,0.07250000,0.22409758,1
1506536324,22403550,0.07250000,2.11653000,1
1506536322,22403545,0.07250000,2.52142236,1
1506536318,22403523,0.07250003,1.24513187,1
1506536314,22403501,0.07250000,0.13795006,1
1506536287,22403342,0.07247404,0.13798813,1
1506536281,22403307,0.07260260,0.29610524,0
1506536280,22403305,0.07247404,3.60000000,1
1506536268,22403224,0.07253700,0.10368167,1
1506536267,22403210,0.07260358,0.29610524,0
1506536256,22403156,0.07260372,0.48835310,0
1506536256,22403155,0.07250000,1.52436066,0
1506536252,22403141,0.07250000,0.19427000,0
1506536252,22403140,0.07250000,0.29696289,0
1506536250,22403129,0.07250000,1.45952500,0
1506536248,22403110,0.07250000,10.00000000,1
1506536248,22403109,0.07250000,5.00000000,1
1506536248,22403108,0.07250001,38.36900000,1
1506536248,22403107,0.07250146,0.16815145,1
1506536246,22403093,0.07269190,0.20000000,0
1506536228,22402998,0.07269192,0.16825000,0
1506536206,22402837,0.07269199,0.16363547,0
1506536201,22402794,0.07269197,0.30000000,0
1506536193,22402734,0.07271428,0.25900000,0
1506536187,22402697,0.07250013,0.13795006,1
1506536185,22402679,0.07271431,0.28700000,0
1506536180,22402628,0.07271432,0.31900000,0
1506536174,22402602,0.07271450,0.35500000,0
1506536168,22402569,0.07271464,0.39400000,0
1506536165,22402550,0.07250000,4.69641542,1
1506536165,22402548,0.07258400,0.18789778,1
1506536165,22402546,0.07259967,0.13726680,1
1506536163,22402538,0.07271477,0.30000000,0
1506536161,22402528,0.07258700,0.18789778,1
1506536157,22402507,0.07259967,0.47148603,0
1506536154,22402472,0.07250002,0.14077783,1
1506536154,22402471,0.07258700,0.03141330,1
1506536151,22402462,0.07259400,4.50000000,0
1506536150,22402457,0.07259400,0.50000000,0
1506536150,22402453,0.07258700,0.15648448,1
1506536149,22402451,0.07259000,0.01570665,1
1506536145,22402418,0.07259000,0.17219113,1
1506536145,22402405,0.07273198,0.25299526,1
1506536144,22402399,0.07260570,0.10927097,0
1506536144,22402398,0.07260000,0.13773377,0
1506536142,22402386,0.07243001,0.17219113,1
1506536138,22402368,0.07243001,0.17219113,1
1506536138,22402362,0.07260587,0.50000000,0
1506536136,22402355,0.07241503,0.01246519,1
1506536136,22402353,0.07241504,0.15972594,1
1506536133,22402335,0.07241503,0.17219113,1
1506536131,22402329,0.07241503,0.17219113,1
1506536129,22402325,0.07264968,0.50000000,0
1506536126,22402307,0.07241502,0.17219113,1
1506536124,22402298,0.07241501,0.17219113,1
1506536120,22402285,0.07241500,0.17219113,1
1506536116,22402265,0.07250004,0.17219113,1
1506536115,22402257,0.07250002,0.62379310,1
1506536114,22402255,0.07250002,0.17219113,1
1506536112,22402237,0.07250002,0.17219113,1
1506536109,22402218,0.07250002,0.08189113,1
1506536108,22402217,0.07251000,0.09030000,1
1506536105,22402202,0.07250002,0.17219113,1
1506536102,22402173,0.07250001,0.17219113,1
1506536099,22402144,0.07250001,0.17219113,1
1506536099,22402140,0.07267000,0.15846623,0
1506536097,22402133,0.07250001,0.17219113,1
1506536094,22402126,0.07250001,0.17219113,1
1506536092,22402118,0.07250001,0.17219113,1
1506536090,22402105,0.07250001,0.17219113,1
1506536088,22402097,0.07250001,0.17219114,1
1506536086,22402080,0.07250001,0.17219113,1
1506536083,22402067,0.07250000,0.17219114,1
1506536082,22402059,0.07260001,0.13774105,1
1506536081,22402055,0.07260001,0.17219113,1
1506536078,22402048,0.07250001,0.17219113,1
1506536078,22402046,0.07250001,3.46155339,1
1506536077,22402044,0.07260000,4.48342661,1
1506536076,22402030,0.07260000,0.17219113,1
1506536074,22402024,0.07260000,0.17219113,1
1506536071,22402004,0.07260000,0.17219113,1
1506536066,22401970,0.07260001,0.17219113,1
1506536064,22401955,0.07260001,0.17219113,1
1506536062,22401950,0.07260001,0.17219113,1
1506536060,22401943,0.07260001,0.27280907,1
1506536059,22401941,0.07260001,0.17219113,1
1506536055,22401928,0.07254203,0.17219113,1
1506536053,22401916,0.07254203,0.76448316,1
1506536053,22401911,0.07254203,30.42034000,1
1506536051,22401904,0.07254203,0.17219113,1
1506536049,22401886,0.07254203,0.17219114,1
1506536047,22401869,0.07254203,3.29571129,1
1506536045,22401859,0.07254203,0.17219113,1
1506536042,22401834,0.07253100,0.17219113,1
1506536038,22401799,0.07254201,0.17219113,1
1506536035,22401775,0.07254201,0.02921129,1
1506536035,22401774,0.07255000,0.14297984,1
1506536032,22401754,0.07255000,0.06292016,1
1506536032,22401752,0.07256093,0.10927097,1
1506536025,22401705,0.07261048,0.17219114,1
1506536017,22401647,0.07257501,0.17219113,1
1506536015,22401624,0.07243694,0.00000038,1
1506536015,22401623,0.07256304,2.71000000,1
1506536015,22401620,0.07256306,0.20560203,1
1506536015,22401617,0.07257500,5.00000000,1
1506536014,22401615,0.07260000,10.00000000,1
1506536014,22401613,0.07260702,7.83490759,1
1506536012,22401557,0.07260702,0.17209241,1
1506536012,22401556,0.07263100,0.00000203,1
1506536012,22401555,0.07270000,0.00009669,1
1506536011,22401548,0.07270004,0.30000000,0
1506535984,22401394,0.07270004,1.61524000,1
1506535978,22401359,0.07270002,1.61515797,1
1506535971,22401326,0.07270000,4.17990331,1
1506535964,22401274,0.07270000,0.82000000,1
1506535959,22401240,0.07263142,0.13768415,1
1506535957,22401236,0.07263142,0.32720537,1
1506535957,22401234,0.07263142,0.17219113,1
1506535956,22401225,0.07263141,6.03130395,1
1506535952,22401196,0.07263128,0.20000000,1
1506535946,22401138,0.07263113,3.54600000,1
1506535944,22401108,0.07263113,7.95227240,1
1506535925,22401028,0.07264104,7.11750410,1
1506535923,22401012,0.07264117,0.23047600,0
1506535922,22401006,0.07278189,0.20000000,1
1506535919,22400993,0.07264103,0.15775685,1
1506535918,22400989,0.07264103,0.43036100,1
1506535907,22400957,0.07264061,0.53062248,1
1506535906,22400953,0.07264061,0.20570000,1
1506535906,22400951,0.07264061,6.28657000,1
1506535905,22400946,0.07264061,5.88296797,1
1506535903,22400936,0.07264048,3.39811673,1
1506535889,22400886,0.07274222,0.16680579,0
1506535888,22400885,0.07274222,1.08940821,0
1506535888,22400882,0.07274222,6.31230600,0
1506535888,22400881,0.07274222,0.16680600,0
1506535886,22400867,0.07263114,0.27614010,1
1506535879,22400834,0.07263100,1.49999797,1
1506535879,22400833,0.07263101,0.22697203,1
1506535879,22400831,0.07267200,5.00000000,1
1506535879,22400827,0.07270000,10.00000000,1
1506535876,22400816,0.07274222,5.00000000,0
1506535875,22400813,0.07274222,0.28700000,0
1506535873,22400802,0.07274222,0.35350738,0
1506535821,22400615,0.07278049,3.06289100,1
1506535819,22400607,0.07280000,1.93873600,1
1506535815,22400599,0.07280000,3.06126400,1
1506535813,22400590,0.07280003,6.46122500,1
1506535788,22400553,0.07278067,1.69294075,1
1506535666,22400431,0.07278052,0.47479200,1
1506535508,22400320,0.07292148,0.29849691,1
1506535493,22400305,0.07280000,3.92755866,1
1506535493,22400298,0.07280000,1.07233300,1
1506535481,22400285,0.07280000,0.08238749,0
1506535472,22400276,0.07280000,0.15046000,0
1506535469,22400275,0.07280000,1.01000000,0
1506535455,22400266,0.07275000,0.15049919,0
1506535439,22400259,0.07280000,0.30735000,0
1506535434,22400254,0.07280000,0.20000000,0
1506535417,22400236,0.07280000,0.00007343,1
1506535412,22400229,0.07280000,5.44418957,1
1506535410,22400225,0.07280000,0.92189900,1
1506535408,22400221,0.07280000,0.92146300,1
1506535407,22400218,0.07280000,0.92102600,1
1506535398,22400211,0.07280006,0.90000000,1
1506535389,22400206,0.07280000,1.79134900,1
1506535388,22400205,0.07290000,4.10000000,1
1506535386,22400201,0.07290000,0.90000000,1
1506535333,22400147,0.07280113,1.28615793,1
1506535303,22400128,0.07290000,2.25656268,1
1506535301,22400125,0.07290000,2.74343732,1
1506535300,22400124,0.07283072,0.29808600,1
1506535273,22400101,0.07290000,0.58268000,1
1506535272,22400099,0.07290000,1.24594600,1
1506535271,22400097,0.07290000,1.24514000,1
1506535269,22400091,0.07290000,1.24430000,1
1506535249,22400081,0.07290000,0.68193400,1
1506535226,22400075,0.07282983,0.22809000,1
1506535188,22400027,0.07290000,0.17010085,1
1506535188,22400026,0.07290000,3.12313647,1
1506535180,22400017,0.07290000,1.24332600,1
1506535147,22399995,0.07290000,0.26899500,1
1506535143,22399990,0.07290000,0.36454253,1
1506535047,22399936,0.07290000,0.50000000,1
1506535044,22399934,0.07290000,0.50000000,1
1506535042,22399932,0.07290000,0.50000000,1
1506535040,22399930,0.07290000,0.50000000,1
1506535036,22399926,0.07290000,0.50000000,1
1506535032,22399913,0.07290000,0.15896132,1
1506535016,22399898,0.07290001,2.21258720,1
1506534978,22399859,0.07290001,0.24269323,1
1506534950,22399829,0.07298999,2.20046806,0
1506534930,22399809,0.07285000,0.18400000,1
1506534886,22399771,0.07284000,0.31600000,0
1506534737,22399662,0.07298997,2.74632843,0
1506534722,22399653,0.07290600,0.63397924,1
1506534710,22399646,0.07300000,1.86299493,1
1506534698,22399640,0.07300000,8.13700507,1
1506534698,22399639,0.07300000,4.86299493,1
1506534688,22399636,0.07300000,0.13700507,1
1506534668,22399626,0.07285230,0.00098000,0
1506534668,22399625,0.07292700,1.40000000,1
1506534661,22399619,0.07292000,3.60000000,0
1506534660,22399618,0.07292700,4.02964068,1
1506534660,22399617,0.07293000,0.31531932,1
1506534658,22399614,0.07293000,0.00068068,1
1506534658,22399613,0.07300000,0.97271632,1
1506534634,22399571,0.07300000,0.26919768,1
1506534625,22399569,0.07300000,8.75808600,1
1506534624,22399568,0.07300000,2.29000000,1
1506534606,22399555,0.07300000,2.71000000,1
1506534529,22399492,0.07300000,5.76693550,1
1506534489,22399443,0.07300000,0.39512467,1
1506534487,22399441,0.07300000,3.83793983,1
1506534487,22399440,0.07300000,1.16206017,1
1506534483,22399437,0.07300000,0.20390000,1
1506534482,22399431,0.07300000,0.31600000,1
1506534481,22399428,0.07299699,3.31803983,0
1506534466,22399413,0.07290801,2.70992173,1
1506534363,22399323,0.07300000,0.10054000,1
1506534240,22399286,0.07300000,2.71000000,1
1506534088,22399198,0.07300000,3.66324518,1
1506534086,22399197,0.07301901,0.10000000,1
1506534074,22399191,0.07301901,0.90000000,1
1506534044,22399168,0.07300000,1.08498400,1
1506534036,22399152,0.07314385,0.20000000,0
1506534030,22399138,0.07289901,8.31707500,1
1506534029,22399137,0.07295004,2.71000000,1
1506534029,22399136,0.07309000,0.31600000,1
1506534029,22399135,0.07314389,8.15384275,1
1506534028,22399130,0.07321875,0.20390000,0
1506534026,22399120,0.07346679,170.90527556,1
1506534026,22399117,0.07343450,0.42600000,0
1506534025,22399113,0.07341890,0.10000000,0
1506534025,22399112,0.07341890,20.03700000,1
1506534025,22399110,0.07341890,59.93636100,1
1506534025,22399109,0.07341890,3.95585900,1
1506534024,22399107,0.07331414,0.20000000,0
1506534024,22399105,0.07330000,1.00000000,0
1506534024,22399104,0.07330000,2.71000000,1
1506534024,22399102,0.07330000,0.83112176,1
1506534023,22399100,0.07330000,1.10746513,1
1506534023,22399097,0.07328589,8.14384275,0
1506534023,22399096,0.07328588,7.17419403,1
1506534023,22399095,0.07328588,3.95201675,1
1506534022,22399093,0.07328588,0.20048500,1
1506534022,22399089,0.07316000,0.15876000,0
1506534022,22399086,0.07314900,5.00000000,0
1506534021,22399084,0.07314385,8.57925625,1
1506534021,22399083,0.07314385,18.50000000,1
1506533992,22399068,0.07300000,4.60331033,1
1506533830,22398958,0.07300003,0.40993380,0
1506533794,22398945,0.07300000,0.10000000,1
1506533778,22398928,0.07310000,0.06806289,1
1506533778,22398925,0.07310000,0.60597812,1
1506533777,22398923,0.07310000,0.15715999,1
1506533769,22398916,0.07310000,0.36407167,1
1506533768,22398913,0.07310000,0.20472733,1
1506533765,22398907,0.07310000,3.60000000,1
1506533758,22398899,0.07299000,0.15876000,1
1506533757,22398895,0.07299003,7.22180500,1
1506533641,22398820,0.07318952,1.00000000,0
1506533445,22398686,0.07318999,0.05939227,0
1506533444,22398685,0.07314387,0.21327000,0
1506533404,22398658,0.07314400,1.10176672,0
1506533403,22398657,0.07310420,0.14500000,0
1506533403,22398656,0.07309634,0.33488494,0
1506533401,22398655,0.07309000,0.21834834,0
1506533277,22398618,0.07306997,0.25330822,0
1506533201,22398546,0.07287013,0.21094128,1
1506533196,22398545,0.07287015,0.24347728,1
1506533117,22398493,0.07303779,0.45693600,0
1506533093,22398467,0.07303788,0.11397880,0
1506533088,22398460,0.07290000,0.63745000,1
1506533071,22398442,0.07290000,4.36255000,1
1506533045,22398428,0.07290006,0.19926700,1
1506533042,22398419,0.07303819,0.30000000,0
1506533022,22398407,0.07288000,0.21834834,1
1506533022,22398406,0.07288001,0.11653663,1
1506532854,22398289,0.07298890,2.27650000,0
1506532712,22398189,0.07293400,0.79065605,0
1506532638,22398150,0.07275485,1.00000000,1
1506532615,22398134,0.07280010,1.68100000,1
1506532478,22398008,0.07280111,0.08346849,1
1506532478,22398007,0.07282012,0.16009387,1
1506532403,22397974,0.07293700,0.73850802,1
1506532402,22397971,0.07288099,0.02828043,0
1506532331,22397940,0.07288099,0.30704627,0
1506532331,22397939,0.07286008,0.00685786,0
1506532331,22397938,0.07280006,0.95344818,0
1506532320,22397932,0.07279000,0.31600000,0
1506532301,22397920,0.07286008,4.08390960,0
1506532178,22397873,0.07286008,4.08395986,0
1506532048,22397756,0.07296972,0.22662044,0
1506532048,22397755,0.07286008,3.77337956,0
1506531870,22397611,0.07290000,0.63967400,1
1506531725,22397493,0.07290000,0.02558715,1
1506531725,22397492,0.07290001,0.21644102,1
1506531635,22397433,0.07288400,3.93950400,1
1506531624,22397424,0.07290000,5.00000000,1
1506531603,22397407,0.07304966,5.00000000,0
1506531586,22397393,0.07290000,0.91000000,1
1506531563,22397385,0.07304981,0.57483000,0
1506531563,22397383,0.07304000,0.00000500,0
1506531563,22397382,0.07304000,0.20499500,0
1506531540,22397359,0.07290000,0.27731000,1
1506531498,22397343,0.07290000,0.85603500,1
1506531475,22397326,0.07288300,0.87545000,1
1506531475,22397325,0.07289000,0.20500000,1
1506531475,22397324,0.07291000,0.31600000,1
1506531244,22397208,0.07305992,0.79560000,0
1506531243,22397205,0.07305000,0.20440000,0
1506531236,22397170,0.07305995,0.17838136,0
1506531050,22397124,0.07300000,9.98000100,1
1506531050,22397123,0.07300000,5.00000000,1
1506531042,22397114,0.07300055,2.69000000,1
1506530765,22396987,0.07310000,0.00000003,1
1506530763,22396984,0.07310000,9.66959400,1
1506530755,22396974,0.07310000,0.33040597,1
1506530755,22396973,0.07310000,0.00447900,1
1506530753,22396969,0.07310000,1.42471700,1
1506530751,22396967,0.07311000,0.20440000,1
1506530746,22396957,0.07310000,0.26765600,1
1506530723,22396938,0.07310000,3.17398200,1
1506530721,22396935,0.07327011,0.10000000,0
1506530720,22396932,0.07327012,0.10000000,0
1506530715,22396928,0.07310000,0.12916600,1
1506530631,22396831,0.07310003,0.60187200,1
1506530347,22396558,0.07320799,5.31908689,1
1506530345,22396555,0.07319999,0.81254306,0
1506530305,22396510,0.07302401,1.02357700,0
1506530303,22396507,0.07300094,0.90800200,0
1506530301,22396506,0.07300088,0.31600000,1
1506530284,22396474,0.07320544,10.00000000,1
1506530056,22396335,0.07302051,1.94249000,1
1506529974,22396247,0.07310001,0.90510200,1
1506529963,22396242,0.07310000,0.10872521,1
1506529962,22396241,0.07310000,4.35573179,1
1506529957,22396236,0.07310000,0.53554300,1
1506529944,22396227,0.07310001,0.27354100,1
1506529904,22396190,0.07322749,0.00212434,0
1506529904,22396189,0.07312000,0.32000000,0
1506529904,22396188,0.07312000,0.31583699,0
1506529904,22396187,0.07312000,2.39388867,0
1506529889,22396181,0.07312000,0.31600000,1
1506529888,22396180,0.07320000,0.00011133,1
1506529849,22396121,0.07320000,4.99988867,1
1506529841,22396114,0.07315700,1.50000000,1
1506529691,22395997,0.07311003,0.33405865,0
1506529655,22395965,0.07299228,0.21326444,0
1506529652,22395960,0.07307000,0.00010318,1
1506529651,22395952,0.07307000,2.70989682,1
1506529637,22395931,0.07311006,7.57366600,1
1506529631,22395920,0.07311000,0.31600000,1
1506529621,22395907,0.07316200,1.50000000,1
1506529619,22395897,0.07320000,3.56745354,1
1506529619,22395895,0.07320000,1.49993166,1
1506529619,22395893,0.07320000,4.07993611,1
1506529618,22395888,0.07320000,0.85267869,1
1506529618,22395887,0.07320000,0.64732131,1
1506529615,22395879,0.07320000,0.55500000,1
1506529590,22395860,0.07320000,3.30835000,1
1506529578,22395851,0.07320000,0.27687700,1
1506529569,22395842,0.07320000,0.21245169,1
1506529454,22395771,0.07320000,9.40000000,1
1506529453,22395770,0.07320000,5.00000000,1
1506529441,22395747,0.07329991,0.37069100,0
1506529379,22395719,0.07320000,0.13661203,1
1506529345,22395705,0.07320000,0.33457459,1
1506529345,22395704,0.07320000,2.42397100,1
1506529342,22395701,0.07320000,1.49983928,1
1506529341,22395697,0.07320000,0.53809500,1
1506529309,22395664,0.07315801,1.98853879,0
1506529251,22395620,0.07315801,5.98125524,0
1506529238,22395604,0.07315800,1.49990336,1
1506529233,22395597,0.07320000,0.68744160,1
1506529233,22395596,0.07320000,1.49991840,1
1506529224,22395580,0.07320000,2.81264000,1
1506529143,22395492,0.07320000,5.00000000,1
1506529081,22395452,0.07329936,0.23683900,0
1506529064,22395438,0.07320000,0.33440342,1
1506529061,22395437,0.07320000,0.16957100,1
1506529059,22395436,0.07320000,0.02234000,1
1506529059,22395435,0.07320000,5.00000000,1
1506528902,22395301,0.07329994,1.00000000,0
1506528831,22395221,0.07320073,0.24255000,1
1506528821,22395211,0.07320000,0.95050827,1
1506528820,22395208,0.07320069,0.24255000,1
1506528782,22395160,0.07329991,0.29000000,0
1506528782,22395159,0.07329990,2.71000000,0
1506528661,22395053,0.07334366,1.00000000,0
1506528609,22395027,0.07331794,2.38787400,0
1506528603,22395020,0.07331793,8.18229200,0
1506528583,22394960,0.07331794,3.60000000,1
1506528569,22394941,0.07338277,0.02651807,1
1506528567,22394939,0.07321817,1.12667759,0
1506528545,22394887,0.07338985,0.88568299,0
1506528535,22394842,0.07321835,5.49544161,1
1506528534,22394840,0.07338986,0.65079620,0
1506528475,22394750,0.07338400,4.39687577,0
1506528475,22394749,0.07338399,0.23622423,0
1506528466,22394745,0.07335499,5.78440100,0
1506528454,22394742,0.07336193,0.55644600,0
1506528313,22394628,0.07320003,1.37260600,1
1506528256,22394599,0.07331797,0.50000000,0
1506528251,22394594,0.07328500,0.20542055,0
1506528218,22394555,0.07285720,1.15168957,1
1506528218,22394554,0.07301775,0.39162495,1
1506528218,22394553,0.07311000,1.50000000,1
1506528218,22394552,0.07317823,0.20000000,1
1506528217,22394551,0.07321670,0.37000000,1
1506528217,22394550,0.07322000,0.31600000,1
1506528217,22394549,0.07323100,5.00000000,1
1506528217,22394548,0.07323101,0.11092460,1
1506528129,22394449,0.07338985,0.33323667,0
1506528032,22394376,0.07339989,0.39234446,0
1506528032,22394375,0.07339000,0.20380000,0
1506527903,22394294,0.07346987,0.24362458,0
1506527871,22394279,0.07340000,1.00000000,1
1506527870,22394277,0.07340000,3.00000000,1
1506527832,22394257,0.07340000,0.41273930,1
1506527827,22394234,0.07348981,0.14574000,1
1506527815,22394217,0.07329800,4.40575021,1
1506527815,22394216,0.07333018,0.73112079,1
1506527814,22394215,0.07348981,0.40724245,0
1506527782,22394173,0.07333700,4.79619986,1
1506527782,22394172,0.07334000,0.09992514,1
1506527782,22394171,0.07338000,5.00000000,1
1506527782,22394170,0.07339000,0.20380000,1
1506527757,22394060,0.07340000,0.17219113,1
1506527754,22394037,0.07350000,1.28861090,0
1506527753,22394036,0.07348000,4.80000000,0
1506527753,22394034,0.07347997,2.71000000,0
1506527753,22394033,0.07347996,4.35291310,0
1506527729,22393994,0.07348000,0.20000000,0
1506527711,22393983,0.07343000,0.66611800,0
1506527703,22393978,0.07343000,0.66611700,0
1506527700,22393976,0.07342999,3.31803983,0
1506527692,22393973,0.07343000,0.86611800,0
1506527689,22393970,0.07343000,0.20320000,0
1506527649,22393906,0.07335213,0.36271844,0
1506527635,22393892,0.07340000,1.92332500,1
1506527635,22393891,0.07341000,4.77144091,1
1506527633,22393886,0.07341000,1.11305000,1
1506527621,22393876,0.07341000,0.56200000,1
1506527620,22393874,0.07341000,1.57920231,1
1506527595,22393863,0.07343000,5.00000000,1
1506527586,22393852,0.07350000,4.11723200,1
1506527585,22393847,0.07350000,0.44138400,1
1506527584,22393845,0.07350000,0.44138400,1
1506527534,22393807,0.07358843,7.38527021,1
1506527532,22393803,0.07357999,1.49650200,0
1506527532,22393802,0.07357999,0.20312841,0
1506527527,22393798,0.07342304,0.36248500,1
1506527523,22393793,0.07358993,1.00000000,0
1506527476,22393753,0.07361997,5.22087000,0
1506527460,22393742,0.07351000,0.34258005,1
1506527460,22393740,0.07351000,1.49650200,1
1506527460,22393739,0.07351001,2.71000000,1
1506527444,22393721,0.07351000,3.16091795,1
1506527444,22393720,0.07352000,0.20320000,1
1506527371,22393652,0.07356960,2.45249829,0
1506527369,22393648,0.07357901,0.26157600,1
1506527369,22393645,0.07357901,2.44842400,1
1506527368,22393643,0.07357900,2.38100700,1
1506527361,22393631,0.07357900,2.55157600,1
1506527346,22393613,0.07360000,8.00497479,0
1506527345,22393612,0.07356960,0.13592571,1
1506527336,22393594,0.07357000,0.39296998,1
1506527336,22393593,0.07357000,5.00000000,0
1506527336,22393592,0.07356960,3.29178667,0
1506527334,22393591,0.07356961,0.16109300,0
1506527276,22393542,0.07358658,0.67784479,0
1506527199,22393458,0.07340005,0.48248000,1
1506527124,22393392,0.07340000,3.28132319,1
1506527123,22393390,0.07340000,1.06915200,1
1506527113,22393378,0.07340000,0.64952481,1
1506527069,22393281,0.07340000,1.97197106,1
1506527069,22393280,0.07340003,11.13723794,1
1506527016,22393239,0.07351240,0.24215507,0
1506527016,22393238,0.07351240,0.24481577,0
1506527003,22393199,0.07340000,0.27216000,1
1506526977,22393146,0.07339995,3.06441300,0
1506526956,22393116,0.07335203,0.89593800,1
1506526914,22393048,0.07340000,0.40413761,1
1506526897,22392998,0.07340000,1.15040156,1
1506526879,22392973,0.07334100,0.17065790,0
1506526870,22392946,0.07334100,0.13568600,0
1506526869,22392945,0.07334100,0.08124100,0
1506526864,22392936,0.07334100,0.12607367,1
1506526861,22392927,0.07334100,3.28823600,1
1506526805,22392763,0.07349870,3.76815146,1
1506526804,22392762,0.07349870,6.43184854,0
1506526798,22392742,0.07331903,2.18912000,1
1506526787,22392726,0.07334300,0.24178249,1
1506526784,22392715,0.07334301,0.10346179,1
1506526779,22392705,0.07340000,3.10911816,1
1506526757,22392652,0.07340000,1.89088184,0
1506526745,22392632,0.07339999,1.89088200,0
1506526729,22392604,0.07341000,2.75625479,1
1506526725,22392588,0.07341000,5.24872000,1
1506526684,22392549,0.07350000,10.00000000,0
1506526683,22392548,0.07350000,5.00000000,0
1506526613,22392445,0.07350000,8.08907100,1
1506526613,22392444,0.07350000,3.08907100,1
1506526608,22392436,0.07350000,1.91092900,1
1506526580,22392404,0.07360000,0.44134540,1
1506526555,22392329,0.07362500,0.44512196,0
1506526455,22392148,0.07360000,1.56676800,1
1506526454,22392145,0.07360000,8.43323200,1
1506526454,22392144,0.07360000,1.44323241,1
1506526453,22392141,0.07360000,1.82260000,1
1506526448,22392137,0.07360000,0.21635900,1
1506526447,22392133,0.07360000,1.51780859,1
1506526372,22391901,0.07361207,0.09349846,1
1506526371,22391900,0.07361207,2.59586100,1
1506526371,22391899,0.07361207,1.90068954,1
1506526367,22391892,0.07361207,2.00000000,1
1506526351,22391869,0.07361207,5.02729500,1
1506526350,22391867,0.07361207,0.87136900,1
1506526344,22391857,0.07361207,0.52521400,1
1506526335,22391845,0.07361207,3.00000000,1
1506526311,22391827,0.07361207,0.58199300,1
1506526310,22391826,0.07361111,3.14638000,0
1506526310,22391825,0.07361067,14.25770000,0
1506526278,22391755,0.07361207,0.55290521,0
1506526272,22391743,0.07359147,0.04578766,1
1506526271,22391740,0.07359147,0.33080816,0
1506526267,22391725,0.07359515,0.75750500,1
1506526261,22391697,0.07359515,2.72000000,1
1506526260,22391693,0.07359515,0.33080816,1
1506526260,22391690,0.07359515,2.72000000,1
1506526259,22391689,0.07359515,1.34165000,1
1506526259,22391688,0.07359515,0.16348555,1
1506526257,22391681,0.07359515,1.37086800,1
1506526256,22391680,0.07351001,0.10520625,0
1506526256,22391679,0.07351001,1.25846212,0
1506526256,22391677,0.07351000,0.91049684,0
1506526256,22391675,0.07351000,0.90837600,0
1506526256,22391674,0.07349800,1.50000000,0
1506526256,22391672,0.07349799,2.71517000,0
1506526256,22391671,0.07349799,0.55714689,0
1506526255,22391667,0.07342054,1.22362000,1
1506526253,22391660,0.07342047,0.42813845,1
1506526253,22391659,0.07342051,0.16348555,1
1506526250,22391650,0.07349799,0.18859100,0
1506526237,22391619,0.07349799,0.51102500,0
1506526237,22391618,0.07349799,0.23258000,0
1506526213,22391558,0.07350000,1.81958869,0
1506526210,22391552,0.07350000,0.72886100,0
1506526202,22391535,0.07342006,1.83247635,1
1506526199,22391527,0.07351000,0.14789399,0
1506526199,22391526,0.07351000,0.12736401,0
1506526198,22391519,0.07351000,1.22033000,0
1506526198,22391516,0.07351000,0.18432600,0
1506526197,22391512,0.07351000,0.31195500,0
1506526197,22391511,0.07351000,0.49629100,0
1506526196,22391510,0.07351000,0.32188400,0
1506526190,22391474,0.07350000,1.21783924,0
1506526190,22391471,0.07349999,0.72886100,0
1506526178,22391432,0.07342000,0.78119623,1
1506526173,22391425,0.07347100,0.23258000,1
1506526172,22391423,0.07347100,1.81967000,1
1506526167,22391409,0.07350000,0.72886100,1
1506526165,22391401,0.07350000,4.06723900,1
1506526162,22391394,0.07350000,0.20390000,0
1506526156,22391387,0.07351001,0.05688100,1
1506526155,22391382,0.07351001,1.34777600,1
1506526149,22391368,0.07360007,2.01193313,0
1506526143,22391358,0.07351001,1.31534300,1
1506526132,22391348,0.07351000,0.22186475,1
1506526132,22391346,0.07351000,3.87899600,1
1506526132,22391344,0.07351000,0.58342600,1
1506526131,22391338,0.07351000,0.10520609,1
1506526125,22391326,0.07351000,0.13603591,1
1506526121,22391315,0.07351000,0.94685472,1
1506526116,22391310,0.07351000,3.46577000,1
1506526108,22391287,0.07351001,0.14799054,1
1506526105,22391280,0.07351001,0.14538000,1
1506526105,22391279,0.07351001,0.35091100,1
1506526099,22391263,0.07351001,0.10311000,1
1506526090,22391241,0.07351000,0.32713400,1
1506526086,22391232,0.07351000,0.12000000,0
1506526067,22391189,0.07342000,0.13620267,1
1506526057,22391171,0.07350732,0.10311075,0
1506526025,22391102,0.07340152,0.39314000,1
1506526023,22391100,0.07340139,0.13623978,1
1506525995,22390982,0.07340029,0.15457800,1
1506525994,22390980,0.07340045,3.10135300,1
1506525992,22390967,0.07349000,0.33933392,0
1506525985,22390950,0.07349000,2.09662100,0
1506525975,22390931,0.07340014,14.41747000,1
1506525963,22390883,0.07340001,0.10000000,1
1506525962,22390880,0.07340001,0.06353963,1
1506525962,22390879,0.07349000,0.03646037,1
1506525961,22390877,0.07349000,9.83421400,1
1506525960,22390876,0.07349000,0.13638836,1
1506525960,22390874,0.07349000,0.36385068,1
1506525960,22390871,0.07349000,0.10000000,1
1506525959,22390869,0.07349000,3.40688600,1
1506525957,22390865,0.07348925,3.31803983,0
1506525957,22390864,0.07348924,0.13638800,0
1506525936,22390840,0.07335004,0.20000000,1
1506525928,22390828,0.07335003,1.50000000,1
1506525900,22390794,0.07333003,0.15457800,1
1506525886,22390773,0.07332004,1.99610000,1
1506525884,22390771,0.07333000,0.20390000,1
1506525849,22390706,0.07332000,0.20510000,0
1506525848,22390704,0.07333099,1.23943000,0
1506525848,22390703,0.07333099,0.44721200,0
1506525836,22390687,0.07323074,1.09405000,1
1506525835,22390685,0.07323074,0.22629200,1
1506525835,22390683,0.07323074,0.83047358,1
1506525834,22390680,0.07323074,0.82877600,1
1506525834,22390679,0.07323077,0.25223800,1
1506525825,22390666,0.07322400,1.72154354,1
1506525806,22390627,0.07323056,0.27987508,1
1506525797,22390618,0.07323044,0.13655606,1
1506525729,22390503,0.07320613,0.44721200,1
1506525724,22390484,0.07333100,3.11469800,0
1506525722,22390479,0.07333099,1.18530200,0
1506525717,22390475,0.07331920,1.15040153,0
1506525715,22390474,0.07320600,0.00000003,0
1506525678,22390375,0.07320000,3.77082000,1
1506525654,22390338,0.07320600,0.58692928,0
1506525654,22390337,0.07320600,0.13668672,0
1506525654,22390335,0.07320600,0.75164700,0
1506525651,22390323,0.07314435,1.24308400,1
1506525651,22390322,0.07314435,0.59331832,1
1506525647,22390309,0.07314435,4.22529300,1
1506525647,22390307,0.07314435,0.59331832,1
1506525628,22390253,0.07314411,1.50000000,1
1506525626,22390248,0.07320601,0.68905900,0
1506525626,22390246,0.07320600,0.58692900,0
1506525624,22390241,0.07320600,0.94729200,0
1506525616,22390221,0.07314407,0.13668700,1
1506525616,22390220,0.07314407,9.89854210,1
1506525616,22390219,0.07314407,2.93287222,1
1506525616,22390218,0.07316000,0.05608078,1
1506525615,22390217,0.07316000,0.18173600,1
1506525613,22390210,0.07316000,2.76218322,1
1506525612,22390209,0.07320600,0.09767678,1
1506525611,22390206,0.07320600,1.02596000,1
1506525611,22390204,0.07320600,3.68883127,1
1506525609,22390196,0.07320600,0.95676895,1
1506525609,22390195,0.07320600,2.00674800,1
1506525602,22390167,0.07328935,0.40000000,0
1506525585,22390120,0.07320600,1.47236800,1
1506525585,22390119,0.07320600,0.75164700,1
1506525576,22390099,0.07308022,9.46637000,1
1506525571,22390087,0.07308020,2.12347257,1
1506525569,22390080,0.07308019,4.26991600,1
1506525553,22390048,0.07320524,1.11149900,0
1506525548,22390037,0.07320524,1.10290600,0
1506525540,22390025,0.07320511,1.68269000,0
1506525532,22390012,0.07320525,3.24676100,0
1506525527,22390001,0.07320539,5.00000000,0
1506525523,22389997,0.07320552,1.83003500,0
1506525522,22389995,0.07302015,0.99855900,1
1506525513,22389968,0.07312797,0.18000000,0
1506525511,22389966,0.07302001,0.69887100,1
1506525508,22389958,0.07300068,3.03992027,1
1506525507,22389957,0.07300068,1.08503100,1
1506525504,22389947,0.07300065,0.83211898,1
1506525491,22389898,0.07300048,0.18173600,1
1506525476,22389859,0.07300028,2.04992092,1
1506525476,22389858,0.07300028,0.99007900,1
1506525455,22389826,0.07300023,1.23004000,1
1506525430,22389797,0.07299308,0.38445400,1
1506525430,22389795,0.07299308,1.72050000,1
1506525419,22389774,0.07299306,1.45000500,1
1506525407,22389753,0.07299303,0.59999500,1
1506525382,22389655,0.07312797,9.02605000,1
1506525381,22389650,0.07312789,13.38627210,0
1506525356,22389579,0.07308862,3.09692206,1
1506525331,22389528,0.07298300,1.50000000,0
1506525283,22389429,0.07298603,0.48241700,1
1506525280,22389417,0.07298603,3.80087000,1
1506525275,22389403,0.07298603,0.33160500,1
1506525272,22389388,0.07314904,4.26120218,0
1506525270,22389382,0.07298602,0.25011946,1
1506525267,22389374,0.07298600,1.34685000,1
1506525256,22389355,0.07305989,0.21467764,0
1506525256,22389354,0.07305989,0.78532236,0
1506525247,22389346,0.07294770,0.00070000,0
1506525243,22389329,0.07305989,1.00000000,1
1506525235,22389303,0.07290007,0.19053600,1
1506525231,22389297,0.07290006,2.56637300,1
1506525229,22389290,0.07300999,1.00000000,0
1506525229,22389288,0.07290006,7.45557600,1
1506525229,22389287,0.07290006,2.64108300,1
1506525229,22389286,0.07290006,0.96740500,1
1506525202,22389203,0.07290006,0.43680000,1
1506525202,22389199,0.07290006,5.27570211,1
1506525199,22389189,0.07290004,2.02384700,1
1506525199,22389188,0.07290004,0.37627700,1
1506525198,22389183,0.07290004,0.14999500,1
1506525197,22389182,0.07290005,0.28679500,1
1506525186,22389146,0.07300995,1.00000000,0
1506525183,22389135,0.07300995,0.27105300,1
1506525182,22389132,0.07290906,0.10000000,0
1506525178,22389125,0.07283203,0.18281100,1
1506525177,22389124,0.07299000,0.34511736,1
1506525176,22389123,0.07299000,0.24286692,1
1506525172,22389118,0.07299000,0.24297156,1
1506525170,22389113,0.07299000,0.37850416,0
1506525117,22389026,0.07283056,9.72008071,1
1506525117,22389025,0.07283056,1.51042629,1
1506525117,22389024,0.07284000,0.20510000,1
1506525107,22388998,0.07283027,9.62581118,1
1506525105,22388995,0.07283027,4.56483747,1
1506525105,22388994,0.07297762,6.84285300,1
1506525105,22388993,0.07297771,1.08400000,1
1506525105,22388989,0.07297771,2.43974353,1
1506525104,22388988,0.07297771,1.25420047,1
1506525103,22388981,0.07297771,1.38000000,0
1506525103,22388978,0.07297771,1.34149600,0
1506525101,22388962,0.07297771,1.37850400,0
1506525094,22388937,0.07297790,0.36202400,0
1506525078,22388904,0.07282001,0.20600000,1
1506525075,22388899,0.07280718,1.51042629,0
1506525074,22388897,0.07280719,1.92584471,1
1506525074,22388895,0.07280719,0.13734938,1
1506525074,22388894,0.07280719,1.11685100,1
1506525072,22388885,0.07280718,0.30829200,1
1506525061,22388853,0.07280718,1.70867400,1
1506525040,22388780,0.07287700,1.50000000,0
1506525004,22388734,0.07280703,1.82291734,1
1506525004,22388732,0.07280703,0.22059547,1
1506524999,22388715,0.07280703,0.37236728,1
1506524999,22388714,0.07280703,2.92090700,1
1506524964,22388653,0.07280703,1.19404400,1
1506524923,22388590,0.07280700,3.95867000,1
1506524920,22388589,0.07297849,0.07800000,0
1506524911,22388586,0.07280000,2.56670000,1
1506524911,22388585,0.07281100,5.00000000,1
1506524911,22388584,0.07281101,2.72000000,1
1506524871,22388518,0.07280001,0.00622190,1
1506524871,22388517,0.07280010,8.88682810,1
1506524834,22388478,0.07286128,0.78490921,0
1506524831,22388476,0.07272503,1.19094000,1
1506524824,22388468,0.07285796,1.61586500,0
1506524821,22388465,0.07285799,5.00000000,0
1506524811,22388452,0.07285000,5.27342202,1
1506524811,22388451,0.07285000,5.00000000,0
1506524811,22388450,0.07277928,0.46587798,0
1506524795,22388429,0.07267910,0.22827997,1
1506524795,22388426,0.07267910,5.51973703,1
1506524790,22388411,0.07267907,5.27342200,1
1506524790,22388410,0.07277928,0.32832315,1
1506524790,22388409,0.07277928,0.13755483,1
1506524783,22388399,0.07282900,1.49973900,0
1506524782,22388396,0.07282900,0.00026100,0
1506524782,22388395,0.07278700,5.00000000,0
1506524781,22388390,0.07277927,13.43532543,0
1506524781,22388389,0.07264500,0.00026072,0
1506524780,22388388,0.07261505,0.37236700,1
1506524780,22388385,0.07273800,0.37236728,1
1506524771,22388375,0.07273800,0.11876500,0
1506524664,22388216,0.07261104,0.39544000,1
1506524656,22388204,0.07261100,0.39611200,1
1506524643,22388176,0.07273800,0.38123500,0
1506524619,22388140,0.07260601,0.32173235,1
1506524600,22388107,0.07273200,2.42000033,1
1506524599,22388105,0.07273200,5.00000000,0
1506524598,22388104,0.07267500,0.29999967,0
1506524583,22388077,0.07272397,0.29999967,0
1506524581,22388076,0.07267500,0.00000033,0
1506524580,22388070,0.07260000,1.68743500,0
1506524577,22388065,0.07256201,0.21498200,1
1506524575,22388063,0.07256201,0.21498200,1
1506524564,22388048,0.07256201,52.15526000,1
1506524564,22388047,0.07260000,0.19854000,1
1506524562,22388045,0.07267500,1.83801200,0
1506524556,22388034,0.07260000,9.80146000,1
1506524556,22388033,0.07260000,0.70274000,1
1506524555,22388031,0.07261000,0.20600000,1
1506524548,22388025,0.07267500,4.40990900,0
1506524541,22388010,0.07267500,1.83801200,0
1506524526,22387996,0.07260000,4.29726000,1
1506524500,22387970,0.07260000,2.30454400,0
1506524493,22387965,0.07259000,0.20640000,0
1506524493,22387964,0.07258999,0.25287100,0
1506524477,22387921,0.07260000,1.61224645,1
1506524472,22387909,0.07260000,2.32913000,1
1506524472,22387908,0.07260001,7.13800000,1
1506524462,22387873,0.07260000,0.62821500,1
1506524458,22387867,0.07260000,0.74060400,1
1506524439,22387844,0.07246601,1.70618300,1
1506524436,22387835,0.07253800,0.08221600,0
1506524436,22387834,0.07253799,0.57581400,0
1506524436,22387833,0.07253799,0.18070900,0
1506524427,22387813,0.07253800,1.41778400,0
1506524422,22387802,0.07260699,0.08221600,0
1506524410,22387776,0.07260700,0.60489500,0
1506524410,22387775,0.07260699,0.57581400,0
1506524399,22387731,0.07246204,0.49727500,1
1506524398,22387730,0.07246204,0.86681000,1
1506524398,22387729,0.07246204,1.14671189,1
1506524395,22387717,0.07246203,0.49727500,1
1506524388,22387688,0.07246203,9.98599500,1
1506524345,22387583,0.07257500,3.60718900,0
1506524338,22387580,0.07256800,4.19838200,0
1506524336,22387579,0.07250000,0.40889500,0
1506524335,22387573,0.07250000,3.58308700,0
1506524335,22387572,0.07250000,0.20640000,0
1506524327,22387565,0.07250000,2.41397100,0
1506524311,22387541,0.07250000,2.44400000,1
1506524301,22387528,0.07250000,3.76379600,1
1506524300,22387527,0.07250000,1.23620400,1
1506524281,22387510,0.07244902,0.42812700,1
1506524281,22387508,0.07246000,0.20640000,1
1506524259,22387476,0.07250000,10.00000000,1
1506524259,22387475,0.07250000,3.65657992,1
1506524256,22387470,0.07250000,1.00993104,1
1506524243,22387438,0.07250000,0.19555800,1
1506524232,22387420,0.07250000,0.13793104,1
1506524177,22387334,0.07253100,1.50000000,0
1506524177,22387333,0.07252000,0.20620000,0
1506524083,22387258,0.07250002,0.30000000,1
1506524039,22387146,0.07250000,0.60323000,1
1506524029,22387108,0.07250000,1.32717000,1
1506524018,22387093,0.07251405,3.43635000,1
1506524017,22387092,0.07252000,0.20620000,1
1506524014,22387088,0.07251405,0.57955200,1
1506524012,22387085,0.07250000,2.67018389,1
1506524012,22387084,0.07250001,0.44259182,1
1506524012,22387083,0.07250030,0.46431429,1
1506524012,22387082,0.07267083,8.40387058,0
1506524004,22387052,0.07250030,0.79346666,1
1506524004,22387051,0.07251400,0.99747334,1
1506524003,22387050,0.07251400,4.00252666,1
1506523981,22387011,0.07264386,0.38002023,0
1506523981,22387010,0.07264386,0.71997977,0
1506523957,22386949,0.07250023,0.94059000,1
1506523952,22386934,0.07250021,3.76379600,0
1506523940,22386918,0.07264386,2.00002023,0
1506523940,22386917,0.07264385,0.47806333,1
1506523938,22386915,0.07264385,1.99992607,0
1506523870,22386844,0.07245010,0.37148100,0
1506523863,22386825,0.07263100,1.68197298,0
1506523863,22386823,0.07263000,0.31802702,0
1506523850,22386802,0.07259997,2.76379600,0
1506523849,22386799,0.07260000,1.06681080,0
1506523849,22386797,0.07242830,0.00044500,0
1506523846,22386796,0.07258600,0.63639000,1
1506523844,22386790,0.07258600,0.00000500,0
1506523843,22386787,0.07258600,0.63639500,0
1506523842,22386786,0.07258600,4.36360000,0
1506523842,22386785,0.07255000,0.00000500,0
1506523840,22386782,0.07255000,0.20639500,0
1506523831,22386778,0.07255800,1.25748000,0
1506523831,22386777,0.07253400,1.50000000,0
1506523818,22386772,0.07255200,4.14776900,0
1506523818,22386771,0.07254999,0.13000000,0
1506523752,22386700,0.07238720,0.67567568,1
1506523745,22386669,0.07259978,1.00000000,1
1506523733,22386635,0.07238712,5.31795600,1
1506523732,22386631,0.07238713,1.45411100,1
1506523692,22386521,0.07254900,1.50000000,0
1506523686,22386485,0.07240000,0.33640000,1
1506523683,22386481,0.07239100,4.66360000,0
1506523683,22386480,0.07240000,0.20640000,1
1506523683,22386479,0.07244889,0.13000000,1
1506523644,22386373,0.07248700,5.00000000,0
1506523634,22386356,0.07244200,0.72029183,0
1506523631,22386343,0.07243583,0.40325427,0
1506523625,22386327,0.07244200,1.21330200,0
1506523625,22386326,0.07243000,0.20680000,0
1506523618,22386319,0.07228401,0.72133814,1
1506523618,22386318,0.07229000,0.20680000,1
1506523613,22386308,0.07228400,0.79355444,1
1506523607,22386303,0.07224898,0.37105751,1
1506523606,22386301,0.07224899,0.94456082,1
1506523606,22386298,0.07224900,0.24662612,1
1506523606,22386296,0.07224900,2.47337388,1
1506523605,22386292,0.07254756,0.90041849,0
1506523604,22386290,0.07254000,0.20640000,0
1506523602,22386276,0.07241300,5.00000000,1
1506523595,22386266,0.07250000,6.98677400,1
1506523594,22386262,0.07250000,1.27966600,1
1506523582,22386242,0.07250000,0.72356000,1
1506523580,22386239,0.07250000,1.01000000,1
1506523580,22386238,0.07250000,1.99000000,1
1506523578,22386237,0.07250000,3.01000000,1
1506523573,22386236,0.07241000,0.16535000,1
1506523553,22386214,0.07250000,2.08751800,1
1506523547,22386199,0.07250000,2.72000000,1
1506523547,22386197,0.07250000,1.00000000,1
1506523546,22386196,0.07250000,2.72000000,1
1506523542,22386194,0.07250000,0.50000000,1
1506523535,22386191,0.07250000,0.89829900,1
1506523528,22386180,0.07250000,0.07418291,1
1506523527,22386178,0.07250000,0.34247809,1
1506523513,22386138,0.07250000,1.39554100,1
1506523511,22386133,0.07250000,0.25198091,1
1506523509,22386130,0.07250000,3.01000000,1
1506523499,22386111,0.07240007,0.92718440,1
1506523338,22385898,0.07251799,6.20645700,0
1506523329,22385888,0.07252490,0.00232839,0
1506523329,22385885,0.07251100,0.20650000,0
1506523328,22385881,0.07251100,4.79350000,0
1506523328,22385879,0.07246000,0.20650000,0
1506523305,22385857,0.07240100,0.33987539,1
1506523305,22385856,0.07241012,0.82995268,1
1506523296,22385850,0.07260699,3.32597161,1
1506523290,22385832,0.07243000,0.20640000,1
1506523290,22385831,0.07243001,0.30139863,1
1506523280,22385818,0.07246000,0.31800000,1
1506523279,22385817,0.07246003,3.10575988,1
1506523279,22385816,0.07250000,5.00000000,1
1506523258,22385789,0.07247012,0.20635000,1
1506523258,22385788,0.07247012,1.21370200,1
1506523214,22385692,0.07243501,0.27439900,1
1506523212,22385688,0.07255000,0.31797298,0
1506523202,22385670,0.07253499,3.31803983,0
1506523175,22385618,0.07255913,3.94393188,0
1506523175,22385617,0.07248900,0.00000560,0
1506523174,22385616,0.07248900,4.02485487,0
1506523170,22385609,0.07248900,0.97513953,0
1506523170,22385608,0.07246600,0.00000047,0
1506523169,22385605,0.07246600,1.41782100,0
1506523147,22385582,0.07246600,0.30139863,1
1506523139,22385557,0.07246009,0.96662872,0
1506523139,22385556,0.07246008,0.10000000,0
1506523139,22385555,0.07246008,0.14560528,0
1506523122,22385546,0.07243799,0.62500000,0
1506523122,22385545,0.07243799,1.26000000,0
1506523109,22385533,0.07243799,0.12016700,0
1506523107,22385532,0.07240000,3.40707797,1
1506523106,22385530,0.07240000,6.59292203,1
1506523106,22385528,0.07240000,0.26728797,1
1506523098,22385513,0.07240000,4.73271203,1
1506523096,22385503,0.07233800,3.91247143,1
1506523094,22385496,0.07233800,1.08752857,1
1506523093,22385495,0.07235899,0.10000000,1
1506523093,22385494,0.07240003,0.00006943,1
1506523091,22385490,0.07240003,2.71993057,1
1506522919,22385250,0.07240000,0.10000000,1
1506522919,22385249,0.07240000,0.81788200,1
1506522859,22385201,0.07240000,1.59805700,1
1506522853,22385194,0.07240000,1.35765500,1
1506522852,22385191,0.07240000,0.65497500,1
1506522770,22385146,0.07246579,0.06882599,0
1506522672,22385073,0.07240690,0.96442567,0
1506522672,22385072,0.07240689,0.12675733,0
1506522665,22385062,0.07240691,0.99768240,0
1506522665,22385061,0.07240691,0.96573500,0
1506522643,22385025,0.07240695,0.41068800,0
1506522631,22385019,0.07240697,4.88775100,0
1506522629,22385018,0.07240697,0.10040000,0
1506522601,22385003,0.07235899,1.13240000,0
1506522600,22385002,0.07235899,0.10000000,0
1506522593,22384995,0.07241966,0.24127572,0
1506522584,22384987,0.07226192,3.49989400,1
1506522584,22384985,0.07226192,3.71558800,1
1506522583,22384981,0.07241968,0.56191200,0
1506522583,22384980,0.07230000,0.26715800,0
1506522582,22384975,0.07226190,0.36805531,1
1506522582,22384973,0.07226191,3.51403969,1
1506522582,22384972,0.07230000,0.26715800,1
1506522580,22384965,0.07230000,4.73284200,1
1506522571,22384958,0.07241970,0.24350287,0
1506522565,22384950,0.07241968,1.46262368,0
1506522565,22384949,0.07241968,0.14437632,0
1506522503,22384902,0.07241984,0.24350240,0
1506522481,22384875,0.07241988,1.00000000,0
1506522443,22384835,0.07240000,5.00000000,1
1506522374,22384739,0.07230005,1.51666400,1
1506522373,22384736,0.07230004,2.63643100,0
1506522316,22384642,0.07234000,1.20415913,0
1506522315,22384641,0.07234000,1.29165087,1
1506522310,22384633,0.07240000,2.20095143,1
1506522306,22384624,0.07240000,0.10826900,1
1506522302,22384609,0.07240000,2.69077957,1
1506522272,22384571,0.07235056,1.38787872,1
1506522271,22384568,0.07235056,0.21779528,1
1506522270,22384567,0.07235056,2.90432600,0
1506522261,22384547,0.07235056,9.09357000,1
1506522260,22384543,0.07235056,4.72970200,1
1506522251,22384521,0.07235054,0.12311900,1
1506522243,22384497,0.07240000,1.21488457,0
1506522242,22384493,0.07240000,0.27029800,0
1506522233,22384488,0.07235049,7.09535400,1
1506522233,22384487,0.07240000,0.27029800,1
1506522232,22384485,0.07240000,4.72970200,1
1506522208,22384460,0.07235044,4.48595254,1
1506522183,22384417,0.07252774,0.08188000,1
1506522181,22384413,0.07240000,0.31812000,0
1506522173,22384401,0.07235038,1.04860378,1
1506522173,22384400,0.07240000,0.00011553,1
1506522171,22384391,0.07240000,5.51255719,1
1506522170,22384389,0.07240000,4.48732728,1
1506522170,22384388,0.07240000,0.95308447,1
1506522135,22384335,0.07240000,1.83518000,1
1506522126,22384315,0.07240000,0.99991713,1
1506522126,22384313,0.07240000,1.21181840,1
1506522074,22384251,0.07235019,8.16000000,1
1506522027,22384162,0.07240000,0.35018300,1
1506521928,22384069,0.07240000,1.04118592,1
1506521898,22384047,0.07240000,0.19952200,1
1506521884,22384030,0.07252500,2.13279900,0
1506521883,22384027,0.07252500,2.86720100,0
1506521881,22384021,0.07252000,0.13279900,0
1506521869,22384016,0.07246000,0.07360100,0
1506521852,22384012,0.07237000,0.20640000,0
1506521852,22384011,0.07235800,0.00010000,0
1506521839,22384004,0.07234224,4.96304200,1
1506521838,22384003,0.07235800,4.99990000,1
1506521838,22384001,0.07235800,0.00010000,1
1506521838,22383999,0.07237000,0.20640000,1
1506521757,22383944,0.07241901,1.54135181,1
1506521757,22383942,0.07241900,0.20441250,1
1506521712,22383901,0.07247904,2.00947671,0
1506521683,22383885,0.07240001,7.14912887,0
1506521659,22383873,0.07234336,0.80802700,1
1506521655,22383844,0.07234335,0.45225400,1
1506521643,22383816,0.07234330,1.13115939,1
1506521642,22383811,0.07234329,1.09622275,1
1506521641,22383810,0.07234329,0.23723500,1
1506521640,22383807,0.07234328,6.94392241,1
1506521640,22383806,0.07240000,0.09082506,1
1506521640,22383805,0.07241900,0.20441253,1
1506521635,22383799,0.07248593,1.45763600,0
1506521611,22383778,0.07240000,0.31800000,0
1506521611,22383777,0.07240000,0.59117494,0
1506521607,22383775,0.07240000,0.20441253,0
1506521602,22383770,0.07240000,0.20441253,0
1506521593,22383768,0.07240000,0.12900000,0
1506521566,22383761,0.07234305,0.17722400,1
1506521566,22383760,0.07234305,4.58721300,1
1506521563,22383752,0.07234303,4.58521022,1
1506521559,22383747,0.07234303,4.58320588,1
1506521558,22383744,0.07234303,4.58120154,1
1506521556,22383740,0.07234303,4.57921102,1
1506521555,22383736,0.07234303,4.76238100,1
1506521552,22383729,0.07234303,4.57720668,1
1506521551,22383726,0.07234303,4.57648789,1
1506521549,22383724,0.07234303,4.76162100,1
1506521546,22383718,0.07234303,4.76086100,1
1506521541,22383712,0.07234303,3.76014000,1
1506521541,22383711,0.07240000,1.00000000,1
1506521531,22383702,0.07234301,5.75926000,1
1506521528,22383698,0.07234301,4.57819800,1
1506521526,22383695,0.07234301,1.18013600,1
1506521525,22383693,0.07234301,4.57748300,1
1506521523,22383688,0.07234301,5.75669800,1
1506521517,22383682,0.07234301,5.75577800,1
1506521514,22383678,0.07234301,1.17705400,1
1506521513,22383677,0.07234301,4.57780300,1
1506521510,22383672,0.07234301,5.75393700,1
1506521507,22383667,0.07234301,5.75301600,1
1506521498,22383659,0.07234008,0.75232600,1
1506521498,22383658,0.07234300,3.29035000,1
1506521496,22383652,0.07234300,1.70965000,1
1506521495,22383648,0.07234007,2.72467600,1
1506521494,22383646,0.07239000,0.31800000,1
1506521494,22383645,0.07240000,1.00000000,1
1506521486,22383637,0.07246996,2.72000000,0
1506521472,22383626,0.07244000,0.20620000,0
1506521450,22383610,0.07235616,3.18017000,1
1506521445,22383599,0.07235612,1.19815000,0
1506521439,22383588,0.07235000,1.44384432,0
1506521439,22383587,0.07235607,1.08000000,1
1506521439,22383584,0.07235611,1.07615568,1
1506521425,22383562,0.07235610,1.04857700,1
1506521423,22383560,0.07235610,1.99990595,1
1506521423,22383559,0.07235610,0.46720085,1
1506521422,22383556,0.07235610,2.79155267,1
1506521421,22383552,0.07235607,1.54178968,0
1506521420,22383550,0.07235608,1.33420032,1
1506521420,22383548,0.07235609,1.33420032,1
1506521391,22383513,0.07235601,0.72110500,1
1506521389,22383508,0.07235601,1.08672000,1
1506521388,22383505,0.07235601,0.72110500,1
1506521386,22383502,0.07235601,1.80710690,1
1506521386,22383500,0.07240000,0.00010110,1
1506521383,22383496,0.07240000,0.99989890,1
1506521371,22383486,0.07235601,3.60000000,1
