date,tid,price,amount,type
1506556581,22426680,261.61,0.87214229,1
1506556571,22426678,261.60,2.17889341,1
1506556560,22426671,261.66,0.30500000,1
1506556560,22426670,261.75,0.10000000,1
1506556559,22426669,261.63,2.17824868,1
1506556559,22426668,261.63,0.30500000,1
1506556559,22426667,261.74,0.10000000,1
1506556550,22426660,262.19,1.91054000,0
1506556547,22426659,262.20,1.00316646,0
1506556520,22426619,262.28,1.80159371,1
1506556520,22426617,262.28,0.10000000,0
1506556393,22426573,262.71,0.78126000,0
1506556391,22426572,261.76,0.22000000,0
1506556245,22426553,262.00,0.90000000,0
1506556244,22426552,261.92,0.10000000,0
1506556104,22426504,262.00,3.85348800,0
1506556054,22426457,262.00,3.94100000,0
1506556054,22426456,261.99,0.73000000,0
1506556043,22426449,261.90,0.21213756,1
1506556042,22426448,261.94,0.08034438,1
1506556042,22426447,261.95,0.31507112,1
1506556031,22426443,262.00,7.67752000,0
1506556031,22426442,261.99,0.86000000,0
1506556009,22426426,262.00,1.13391200,0
1506555986,22426408,262.00,0.73872400,0
1506555983,22426407,262.00,0.03437900,0
1506555977,22426405,262.00,2.58732049,0
1506555535,22426219,262.25,10.00000000,1
1506555511,22426208,262.20,0.00003300,0
1506555506,22426204,262.19,0.21879461,1
1506555470,22426191,262.19,0.08520539,0
1506555415,22426164,262.20,3.99996700,0
1506555326,22426085,261.98,0.66028500,1
1506555325,22426084,262.00,3.83000000,1
1506555294,22426082,261.99,0.09171494,0
1506555293,22426081,262.40,0.30400000,1
1506555271,22426061,262.71,0.10000000,1
1506555252,22426054,263.37,0.10000200,0
1506555241,22426044,262.06,0.50715761,1
1506555241,22426043,262.06,0.10000000,1
1506555241,22426042,263.75,0.31296239,1
1506555240,22426038,263.76,0.29284034,1
1506555239,22426037,263.76,0.10000000,1
1506555237,22426035,263.44,0.27916754,1
1506555236,22426033,263.43,0.30270000,0
1506555235,22426032,262.64,0.30400000,0
1506555235,22426031,262.63,0.66523246,0
1506555235,22426029,262.61,0.10000000,0
1506555213,22426008,261.04,3.14316386,0
1506555206,22426007,261.00,6.44157501,1
1506555205,22426006,261.77,0.97986782,1
1506555205,22426005,261.78,0.66000000,1
1506555205,22426003,261.78,0.31464657,0
1506555204,22426001,262.13,1.99871100,1
1506555204,22426000,262.14,0.44000000,1
1506555204,22425999,262.26,22.35000000,1
1506555203,22425998,262.27,3.28000000,1
1506555203,22425997,262.41,3.83000000,1
1506555117,22425955,262.40,2.09021919,1
1506554984,22425862,262.40,0.43731756,1
1506554984,22425861,262.44,0.30400000,1
1506554932,22425830,262.50,0.76782000,1
1506554931,22425826,262.50,0.76781000,1
1506554825,22425703,262.68,1.39038800,1
1506554824,22425702,262.69,0.30270000,1
1506554824,22425701,262.70,0.10000000,1
1506554818,22425678,263.20,4.20691377,1
1506554818,22425677,263.20,5.11318868,1
1506554818,22425676,263.21,1.69661377,1
1506554816,22425673,263.19,0.27721418,0
1506554816,22425672,263.17,0.30268337,0
1506554816,22425671,263.16,0.10000000,0
1506554797,22425645,263.26,0.00009705,1
1506554726,22425513,263.27,0.30278042,1
1506554726,22425512,263.27,0.10000000,1
1506554722,22425509,263.64,0.06406409,1
1506554722,22425508,263.64,0.24907901,0
1506554720,22425499,263.26,2.16983211,1
1506554718,22425491,263.26,0.30330000,0
1506554718,22425490,263.19,0.00202084,0
1506554716,22425486,262.85,0.10000000,0
1506554400,22425215,262.60,0.30330000,1
1506554400,22425214,262.72,0.10000000,1
1506554349,22425177,262.76,0.10000000,1
1506554308,22425156,263.19,0.31334777,0
1506554307,22425155,263.00,1.58628411,1
1506554307,22425154,263.18,0.31356489,1
1506554306,22425151,263.00,0.09513190,0
1506554238,22425119,263.00,0.01939000,0
1506554056,22425037,262.87,0.10000000,0
1506554021,22424997,262.90,3.50000000,1
1506553984,22424972,262.52,0.30354061,0
1506553983,22424971,262.52,9.40830000,0
1506553983,22424970,262.51,0.30350000,0
1506553983,22424969,262.51,0.10000000,0
1506553912,22424956,262.49,1.60328700,1
1506553912,22424955,262.49,1.36671300,1
1506553912,22424954,262.50,0.04000000,1
1506553911,22424953,262.51,3.10000000,1
1506553907,22424952,262.50,0.06000000,1
1506553897,22424943,262.49,0.67598700,1
1506553897,22424942,262.50,0.22401300,1
1506553897,22424941,262.50,0.10000000,1
1506553895,22424940,262.50,3.00000000,1
1506553889,22424936,262.47,2.04269683,0
1506553807,22424910,262.38,1.13289885,1
1506553803,22424908,262.38,1.99957200,1
1506553803,22424907,262.39,0.30350000,1
1506553803,22424906,262.43,0.25305700,1
1506553664,22424784,262.46,1.99945800,1
1506553647,22424773,262.47,8.22000000,0
1506553647,22424772,262.46,1.78000000,0
1506553539,22424672,262.45,9.50657268,0
1506553483,22424622,262.30,0.98995277,1
1506553441,22424589,262.30,1.00000000,0
1506553348,22424512,262.25,0.39652691,1
1506553274,22424471,262.95,2.01076250,0
1506553244,22424457,262.96,0.02281716,1
1506553217,22424438,262.98,1.47224151,1
1506553215,22424436,262.50,0.42718096,0
1506553182,22424422,262.50,0.87721904,0
1506553145,22424396,262.50,0.69560000,0
1506553145,22424395,262.45,0.30440000,0
1506553011,22424327,262.17,0.00000966,0
1506553009,22424326,262.17,0.09190000,0
1506552915,22424285,262.00,1.44341100,1
1506552915,22424284,262.01,0.30440000,1
1506552914,22424283,262.01,0.25218900,1
1506552876,22424264,262.00,0.86342760,1
1506552874,22424263,262.00,1.63828613,1
1506552874,22424262,262.02,6.00000000,1
1506552874,22424261,262.03,0.13919600,1
1506552807,22424221,262.00,1.00000000,0
1506552807,22424220,261.99,0.30410000,0
1506552680,22424166,262.03,0.87877000,1
1506552674,22424163,262.00,1.00000000,0
1506552674,22424162,261.99,0.02123000,0
1506552674,22424161,261.98,0.10000000,0
1506552374,22423993,262.05,0.10000000,0
1506552373,22423992,262.05,0.10000000,0
1506552372,22423991,262.05,0.10000000,0
1506552372,22423990,262.04,0.10000000,0
1506552323,22423966,261.50,2.41000783,1
1506552323,22423965,261.50,1.58999217,1
1506552323,22423964,261.50,0.41049383,1
1506552318,22423961,261.09,3.27884621,1
1506552318,22423960,261.50,3.83000000,1
1506552318,22423959,261.50,3.06072657,1
1506552300,22423946,261.53,2.19038800,1
1506552300,22423945,261.56,3.14810300,1
1506552300,22423944,261.67,0.16150900,1
1506552295,22423935,261.50,2.03655465,0
1506552294,22423934,261.58,6.20000000,1
1506552294,22423933,261.67,0.09190966,1
1506552293,22423932,261.68,0.31536861,0
1506552292,22423931,261.85,1.35616708,1
1506552292,22423930,261.85,6.64862392,1
1506552292,22423929,261.86,0.16645500,1
1506552287,22423925,261.66,0.71564007,1
1506552287,22423924,261.67,0.16894800,0
1506552287,22423923,261.67,0.09566204,1
1506552287,22423922,261.67,0.20843796,1
1506552286,22423921,261.80,0.79156204,1
1506552286,22423920,261.80,1.20843796,1
1506552286,22423919,261.90,0.02302405,1
1506552286,22423918,261.90,0.09957999,1
1506552284,22423917,262.02,0.16895800,1
1506552280,22423914,262.01,1.18327070,1
1506552279,22423913,261.90,6.80808930,0
1506552279,22423912,261.90,7.99136000,0
1506552278,22423911,262.00,0.26038167,1
1506552278,22423910,262.49,0.30400000,0
1506552276,22423908,262.50,0.11452190,1
1506552275,22423905,262.40,0.01550520,1
1506552274,22423904,262.41,0.17156600,1
1506552274,22423903,262.50,3.01727211,1
1506552274,22423901,262.69,0.10000000,1
1506552254,22423882,262.68,0.01723000,1
1506552254,22423881,262.69,0.10000000,1
1506552252,22423878,263.17,0.11174141,0
1506552224,22423842,263.99,1.17343368,0
1506552224,22423841,263.55,0.44000000,0
1506552223,22423839,263.24,1.99580100,0
1506552223,22423838,263.00,0.39076532,0
1506552218,22423834,262.90,0.06000000,1
1506552204,22423813,263.00,0.73107584,1
1506552203,22423812,263.00,1.99363898,1
1506552202,22423811,262.98,0.42000000,0
1506552189,22423807,263.99,3.59480000,0
1506552189,22423806,263.97,3.31000000,0
1506552189,22423805,263.30,0.06000000,0
1506552188,22423803,263.20,2.49520000,0
1506552188,22423802,263.05,0.44000000,0
1506552188,22423800,263.04,0.10000000,0
1506552148,22423771,262.80,4.47245860,1
1506552148,22423770,262.90,0.06000000,1
1506552148,22423769,262.91,0.10000000,1
1506552142,22423767,263.00,2.97326996,1
1506552090,22423745,263.54,0.07493104,0
1506551939,22423636,263.60,0.49600000,1
1506551939,22423635,263.60,0.30400000,1
1506551938,22423634,263.60,5.10000000,1
1506551938,22423633,263.55,0.10000000,0
1506551921,22423627,262.89,2.22735892,1
1506551919,22423626,262.89,2.57741013,1
1506551919,22423625,262.90,0.10532500,1
1506551919,22423624,263.03,0.30400000,1
1506551919,22423623,263.04,0.10000000,1
1506551905,22423614,263.80,6.85041698,0
1506551905,22423612,263.79,0.30240000,0
1506551905,22423611,263.50,0.05000000,0
1506551904,22423609,263.43,0.43000000,0
1506551904,22423608,263.42,0.10000000,1
1506551903,22423606,263.39,0.10000000,0
1506551879,22423593,262.93,2.66603672,1
1506551879,22423592,262.94,0.11013400,1
1506551879,22423591,262.94,0.30240000,1
1506551857,22423564,262.85,3.29437236,1
1506551856,22423563,262.87,0.10000000,1
1506551800,22423543,263.42,10.69416446,0
1506551800,22423542,263.00,0.25678886,0
1506551800,22423541,262.91,0.09292051,0
1506551800,22423540,262.90,0.30400000,0
1506551798,22423536,262.86,1.47525800,1
1506551765,22423520,263.00,0.74321114,0
1506551765,22423519,263.00,27.86140367,0
1506551765,22423518,262.99,1.29538519,0
1506551765,22423517,262.98,0.10000000,0
1506551762,22423513,262.50,0.00028979,1
1506551762,22423512,262.57,0.30400000,1
1506551762,22423511,262.73,0.57069100,1
1506551762,22423510,262.80,0.21229842,1
1506551695,22423474,262.96,0.11720410,1
1506551640,22423415,262.80,3.26372897,1
1506551640,22423414,262.90,0.01905303,1
1506551638,22423413,262.96,0.11721800,1
1506551630,22423409,263.00,0.05000000,1
1506551630,22423408,263.00,2.98288973,1
1506551630,22423407,263.00,2.51140684,1
1506551630,22423406,263.00,0.23454790,1
1506551606,22423399,263.00,1.76545210,1
1506551606,22423398,263.01,0.04977100,1
1506551606,22423397,263.02,0.31365514,0
1506551604,22423396,263.02,0.10000000,1
1506551513,22423358,263.50,3.93582500,1
1506551507,22423356,263.47,0.10000000,0
1506551435,22423318,263.50,5.83042722,1
1506551424,22423312,263.50,0.30000000,1
1506551422,22423310,263.50,3.30000000,1
1506551417,22423307,263.50,0.28141339,1
1506551417,22423306,263.50,0.01858661,1
1506551415,22423305,263.50,0.30000000,1
1506551414,22423301,263.51,1.95628600,0
1506551413,22423300,263.50,0.15091104,1
1506551413,22423299,263.51,0.05062800,1
1506551412,22423298,263.51,3.83000000,1
1506551387,22423290,263.50,7.84000000,1
1506551377,22423286,263.50,3.01000000,1
1506551377,22423285,263.50,0.95787100,1
1506551376,22423284,263.51,0.05165600,1
1506551337,22423264,263.50,4.15990900,1
1506551328,22423259,263.52,0.10000000,1
1506551325,22423257,263.50,1.81916700,1
1506551325,22423256,263.51,0.10000000,1
1506551246,22423176,263.64,0.29040830,0
1506551246,22423175,263.52,3.37611548,0
1506551246,22423174,263.51,0.26501526,0
1506551246,22423173,263.51,0.10000000,0
1506551219,22423162,263.51,0.10000000,1
1506551217,22423160,263.52,4.95940267,1
1506551201,22423152,263.50,0.36000000,1
1506551188,22423142,263.50,3.01000000,1
1506551186,22423140,263.50,0.40000000,1
1506551183,22423130,263.50,3.00400000,1
1506551183,22423128,263.51,0.10000000,1
1506551180,22423122,263.51,5.76261860,1
1506551179,22423119,263.50,1.22000000,1
1506551179,22423118,263.64,0.10000000,1
1506551166,22423095,264.16,0.54660025,0
1506551154,22423073,264.16,1.99032000,0
1506551127,22423048,263.99,0.03708474,0
1506551116,22423042,264.40,0.31224299,0
1506551113,22423039,265.00,0.48738229,0
1506551113,22423038,265.00,0.31284112,0
1506551113,22423037,265.00,4.35279545,0
1506551112,22423036,264.80,2.52101885,0
1506551112,22423035,264.75,3.94000000,0
1506551112,22423034,264.41,0.09106893,0
1506551111,22423033,264.40,0.09383858,0
1506551111,22423032,264.40,0.02000000,0
1506551111,22423031,264.17,1.98930600,0
1506551110,22423029,264.00,1.63301691,0
1506551097,22423023,264.00,1.49975585,0
1506551097,22423022,264.00,0.80653202,0
1506551097,22423021,263.98,0.10000000,0
1506551095,22423019,263.35,0.24000000,0
1506551092,22423016,263.18,0.08206466,0
1506551092,22423015,263.42,3.50508403,1
1506551090,22423014,263.51,0.10000000,1
1506551083,22423007,264.00,1.09090909,0
1506551082,22423006,263.94,0.05600000,1
1506551082,22423005,263.94,0.10000000,0
1506551048,22422990,264.00,4.52475181,0
1506551048,22422989,263.99,1.47024819,0
1506551048,22422988,263.97,0.10000000,0
1506551047,22422984,263.42,0.83661363,1
1506551046,22422983,263.50,0.31284112,1
1506551046,22422982,263.80,2.88227445,1
1506551041,22422976,263.80,0.12000000,1
1506551034,22422971,263.73,5.00000000,1
1506550995,22422940,263.60,1.32000000,1
1506550982,22422927,263.60,1.28000000,1
1506550970,22422924,263.57,0.36000000,1
1506550956,22422911,263.90,0.09383858,1
1506550956,22422910,263.91,0.09106893,1
1506550956,22422909,263.97,0.30210000,1
1506550955,22422907,263.97,0.10000000,1
1506550940,22422896,263.90,0.02000000,1
1506550940,22422894,263.91,0.10000000,1
1506550927,22422880,263.90,1.33698371,1
1506550909,22422863,263.84,0.12000000,1
1506550888,22422852,265.20,0.00780889,1
1506550887,22422850,265.20,0.30289418,1
1506550884,22422846,265.19,6.52194631,0
1506550884,22422845,264.51,0.11374569,0
1506550884,22422844,264.40,1.98834000,0
1506550873,22422839,264.00,3.00000000,0
1506550873,22422838,263.99,0.10000000,0
1506550853,22422820,264.00,0.80786012,0
1506550853,22422818,263.99,0.30080000,0
1506550853,22422817,263.85,0.29706283,0
1506550853,22422816,263.76,0.10000000,0
1506550847,22422810,263.51,15.54700644,1
1506550840,22422802,263.49,1.50705138,1
1506550839,22422800,263.49,7.39901382,1
1506550838,22422799,263.90,0.01905303,1
1506550835,22422796,264.01,0.11374569,1
1506550832,22422793,264.04,0.02297811,0
1506550831,22422791,263.91,0.98862794,0
1506550831,22422790,264.00,0.01905303,1
1506550831,22422789,264.01,0.31231903,1
1506550806,22422762,264.56,2.36585958,1
1506550786,22422731,264.56,7.80985325,1
1506550781,22422724,265.00,0.74502849,0
1506550779,22422720,265.00,1.66625154,1
1506550778,22422717,265.00,6.90871868,1
1506550778,22422716,265.00,13.43862428,1
1506550774,22422709,265.00,9.83095400,1
1506550772,22422702,265.00,2.56223953,1
1506550772,22422701,265.00,0.12000000,1
1506550772,22422700,265.00,1.69850000,1
1506550771,22422699,265.00,2.49800000,1
1506550770,22422690,265.00,2.70368500,1
1506550770,22422688,265.39,11.42219292,0
1506550768,22422680,265.00,2.70249058,1
1506550676,22422610,265.78,0.05378471,1
1506550675,22422608,265.78,2.70117647,1
1506550675,22422607,265.78,0.74287604,0
1506550672,22422606,265.00,9.25712396,1
1506550672,22422605,265.09,0.74287604,1
1506550661,22422600,265.09,0.40820473,1
1506550661,22422599,265.10,0.10000000,1
1506550658,22422597,265.80,3.75121000,0
1506550658,22422596,265.78,15.87000000,0
1506550658,22422595,265.77,20.27879000,0
1506550658,22422594,265.77,0.10000000,0
1506550657,22422593,265.08,0.00000751,1
1506550656,22422591,265.08,0.10000000,1
1506550585,22422495,264.15,0.11394697,1
1506550585,22422494,264.90,0.01905303,1
1506550585,22422493,264.91,0.10000000,1
1506550509,22422381,265.72,1.86017974,0
1506550507,22422380,265.80,2.99092334,0
1506550507,22422379,265.76,2.74000000,0
1506550507,22422378,265.72,0.65000000,0
1506550506,22422377,265.65,1.98366200,0
1506550506,22422376,265.29,0.04527100,0
1506550506,22422375,265.20,0.10000000,0
1506550506,22422374,265.19,1.49014366,0
1506550497,22422367,264.78,0.11358408,0
1506550497,22422366,264.77,0.10000000,0
1506550485,22422356,264.08,0.14853158,1
1506550485,22422355,264.09,0.10000000,1
1506550479,22422345,264.26,0.31564644,1
1506550475,22422342,264.28,0.11358408,0
1506550473,22422338,264.28,0.31446628,1
1506550468,22422330,265.20,0.00012126,1
1506550468,22422329,265.21,0.01186211,1
1506550467,22422327,265.21,0.29929600,1
1506550466,22422323,265.20,0.30067874,1
1506550464,22422319,265.29,0.26590579,1
1506550464,22422318,265.29,0.04527100,1
1506550464,22422317,265.30,0.10000000,1
1506550463,22422311,265.82,0.31039363,0
1506550462,22422304,265.82,0.99691520,1
1506550461,22422302,265.99,9.94071857,1
1506550461,22422300,265.99,0.25620612,1
1506550460,22422293,265.97,1.00000000,0
1506550460,22422290,265.88,8.28914486,0
1506550460,22422286,265.83,0.19325712,0
1506550459,22422285,265.40,0.31274537,0
1506550459,22422284,265.40,0.92845351,1
1506550459,22422283,265.40,1.98381000,1
1506550458,22422282,265.29,0.57177524,0
1506550458,22422281,265.19,0.08099007,0
1506550458,22422280,265.19,0.23200000,0
1506550457,22422279,265.19,8.03653000,1
1506550457,22422278,265.18,0.16800762,0
1506550457,22422277,265.00,0.40118334,0
1506550456,22422276,265.00,5.69000000,0
1506550456,22422275,265.00,0.05000000,0
1506550456,22422273,265.00,2.97528198,0
1506550456,22422272,265.00,0.20000000,0
1506550456,22422271,265.00,0.08000000,0
1506550456,22422270,265.00,0.60000000,0
1506550456,22422269,265.00,0.82568807,0
1506550455,22422267,265.00,2.00000000,0
1506550455,22422266,265.00,0.10000000,0
1506550455,22422265,265.00,0.36635926,0
1506550455,22422264,265.00,0.02101960,0
1506550455,22422263,264.90,1.88924242,0
1506550454,22422260,264.84,2.00000000,0
1506550454,22422259,264.80,1.02542524,0
1506550454,22422257,264.79,5.99933737,0
1506550453,22422256,264.41,0.10000000,1
1506550452,22422252,264.41,0.10000000,0
1506550451,22422251,264.41,1.88545600,0
1506550451,22422249,264.26,0.10000000,0
1506550436,22422231,264.25,4.00000000,1
1506550425,22422215,264.25,4.03653000,1
1506550419,22422206,264.26,4.03000000,1
1506550419,22422204,264.26,0.10000000,1
1506550409,22422184,264.27,0.10000000,1
1506550409,22422183,264.80,5.99913141,1
1506550407,22422180,264.79,1.81072184,0
1506550373,22422138,264.79,0.03689716,0
1506550356,22422137,264.12,0.93036249,1
1506550347,22422134,264.80,0.17186555,0
1506550347,22422133,264.61,0.07654330,0
1506550347,22422132,264.55,8.33339297,0
1506550346,22422131,264.50,4.70186846,0
1506550346,22422129,264.43,1.98584600,0
1506550346,22422128,264.43,0.14059300,1
1506550345,22422123,264.25,0.10000000,0
1506550332,22422118,264.08,1.48645914,1
1506550326,22422116,264.08,0.31426424,1
1506550320,22422102,264.30,0.13101685,0
1506550318,22422101,264.13,0.10000000,0
1506550314,22422096,264.07,4.92344301,1
1506550314,22422095,264.08,4.64000000,1
1506550291,22422081,264.08,3.36868001,1
1506550254,22422053,264.06,2.80000000,1
1506550254,22422052,264.07,0.10000000,1
1506550252,22422049,264.07,0.50000000,1
1506550250,22422047,264.06,0.60000000,1
1506550249,22422046,264.29,0.60365507,0
1506550249,22422044,264.22,0.10000000,1
1506550247,22422043,264.22,0.24000000,0
1506550247,22422042,264.06,3.00000000,1
1506550237,22422033,264.05,2.82280297,1
1506550237,22422032,264.05,15.57484724,1
1506550233,22422031,263.06,0.13961975,0
1506550232,22422030,263.06,0.10000000,1
1506550232,22422028,263.06,0.24531489,1
1506550224,22422025,264.01,2.06045314,1
1506550223,22422023,264.02,0.10000000,1
1506550219,22422020,264.02,0.10000000,1
1506550210,22422008,264.30,9.59696430,0
1506550210,22422007,264.29,0.20144539,0
1506550210,22422006,264.10,0.20159031,0
1506550207,22422004,264.01,6.07000000,1
1506550207,22422003,264.02,0.10000000,1
1506550206,22422002,264.02,3.16759680,0
1506550206,22422000,264.02,4.03172920,0
1506550194,22421994,264.02,3.00000000,0
1506550161,22421981,264.01,0.10000000,1
1506550160,22421979,263.50,1.50954686,0
1506550160,22421978,263.49,10.26000000,0
1506550158,22421977,263.50,2.83916509,0
1506550158,22421976,263.50,0.42755218,1
1506550158,22421974,264.00,9.39931587,1
1506550158,22421973,264.01,4.38000000,1
1506550158,22421972,264.02,0.10000000,1
1506550155,22421970,264.01,4.62291772,0
1506550154,22421967,264.00,0.08000000,1
1506550152,22421964,264.00,0.05000000,1
1506550134,22421945,264.00,10.00000000,1
1506550132,22421942,264.00,1.74096782,1
1506550096,22421875,264.31,0.37739775,0
1506550094,22421874,264.35,0.02000000,1
1506550079,22421839,264.33,0.37736920,0
1506550075,22421837,264.34,0.74149202,1
1506550074,22421836,264.34,0.10000000,0
1506550072,22421835,264.00,3.72971631,1
1506550072,22421834,264.02,0.10000000,1
1506550072,22421833,264.03,0.20180000,1
1506550065,22421820,264.35,0.06812000,0
1506550011,22421727,264.21,0.50121991,0
1506550011,22421726,264.20,3.31804009,0
1506550010,22421725,264.20,1.18074000,0
1506549960,22421689,264.20,1.00704000,0
1506549949,22421683,264.20,0.31222000,0
1506549929,22421670,264.10,0.72558083,1
1506549928,22421667,264.11,1.98754600,0
1506549926,22421666,264.10,2.38245900,0
1506549926,22421663,264.10,1.98754100,0
1506549843,22421524,263.01,3.95455700,1
1506549843,22421522,263.21,1.98634000,1
1506549843,22421520,263.60,0.08099007,1
1506549842,22421519,264.00,9.17811293,1
1506549838,22421516,264.01,4.36945571,0
1506549836,22421511,264.00,2.57897728,1
1506549835,22421506,264.00,0.23000000,1
1506549834,22421504,264.00,1.34992300,1
1506549832,22421500,264.00,1.55940700,1
1506549831,22421499,264.00,1.34999800,1
1506549830,22421495,264.00,2.63056700,1
1506549828,22421492,264.18,0.03743660,0
1506549825,22421485,264.00,3.04603849,1
1506549825,22421484,264.19,1.32215451,1
1506549821,22421478,264.00,1.03045455,1
1506549819,22421477,264.00,44.05869980,0
1506549819,22421476,264.00,7.00000000,0
1506549818,22421475,264.00,2.50000000,0
1506549818,22421474,264.00,13.24401175,0
1506549818,22421473,263.99,0.51000000,0
1506549818,22421472,263.93,1.98885200,0
1506549818,22421471,263.61,7.74495820,0
1506549818,22421470,263.61,0.10000000,1
1506549807,22421461,263.92,4.07479539,0
1506549807,22421457,263.91,4.00074000,1
1506549806,22421455,263.90,4.97544525,1
1506549806,22421454,263.90,2.48643000,1
1506549792,22421451,263.97,2.00210100,1
1506549792,22421450,263.97,2.99789900,1
1506549785,22421447,264.00,5.91098729,0
1506549785,22421446,264.00,0.24872067,0
1506549785,22421445,264.00,0.01029204,0
1506549785,22421444,263.96,0.31000000,0
1506549785,22421443,263.96,3.52000000,0
1506549784,22421442,264.00,0.16770796,0
1506549783,22421441,264.00,0.50000000,0
1506549783,22421440,264.00,0.42073900,0
1506549783,22421438,263.99,0.61000000,1
1506549783,22421437,263.97,4.93095298,1
1506549783,22421436,263.97,1.78682918,1
1506549782,22421434,263.97,0.31000000,1
1506549782,22421433,263.97,1.23558584,0
1506549782,22421432,263.97,17.54315953,0
1506549782,22421431,263.96,3.51725463,0
1506549780,22421430,263.96,0.31274537,0
1506549779,22421429,263.97,1.36682270,0
1506549777,22421427,263.60,0.23200000,1
1506549776,22421426,263.97,0.05303632,0
1506549776,22421424,263.97,4.83698145,0
1506549776,22421423,263.97,0.21443949,0
1506549775,22421422,263.97,0.10000000,0
1506549775,22421421,263.86,0.31456295,0
1506549775,22421420,263.68,0.59101611,0
1506549775,22421419,263.60,0.31487704,0
1506549774,22421418,263.20,0.03557379,0
1506549774,22421417,263.20,0.27978163,0
1506549774,22421416,263.16,0.31539788,0
1506549773,22421414,263.02,2.48643000,1
1506549767,22421409,263.00,0.40000000,0
1506549767,22421408,262.98,0.68026545,0
1506549767,22421407,262.97,1.13000000,0
1506549765,22421400,262.98,27.98800000,0
1506549743,22421362,262.98,0.45539585,0
1506549705,22421329,262.98,0.10000000,0
1506549702,22421321,262.98,0.35287855,0
1506549702,22421320,262.98,0.90274814,0
1506549695,22421312,262.98,0.10000000,0
1506549647,22421229,262.98,2.74830789,0
1506549584,22421131,262.98,7.32367480,0
1506549583,22421130,262.97,0.70000000,0
1506549530,22421109,262.97,0.11377724,0
1506549508,22421080,262.98,0.00008152,0
1506549508,22421079,262.98,0.85591513,1
1506549506,22421074,262.97,0.20226642,0
1506549498,22421055,262.98,0.21864780,0
1506549497,22421053,262.97,0.16066472,0
1506549484,22421047,262.95,1.62374176,0
1506549484,22421046,262.94,8.37625824,0
1506549475,22421024,262.89,0.07591535,0
1506549475,22421023,262.80,0.30000000,0
1506549475,22421022,262.73,0.54865789,0
1506549469,22421014,262.04,0.15666877,1
1506549468,22421011,262.72,1.74126463,1
1506549467,22421010,262.56,8.41273537,0
1506549463,22421001,262.12,1.16411688,0
1506549452,22420990,262.00,12.57014353,0
1506549445,22420971,262.00,0.27856600,0
1506549441,22420963,262.00,11.33921998,0
1506549441,22420960,261.99,0.02619802,0
1506549438,22420939,261.98,3.33660800,1
1506549431,22420927,261.99,1.29649000,0
1506549430,22420924,261.99,1.53899000,0
1506549428,22420919,261.99,7.60867000,0
1506549427,22420917,261.99,0.65177400,0
1506549415,22420898,261.99,1.11231441,0
1506549371,22420802,261.98,0.10000000,0
1506549362,22420786,261.99,2.76556357,0
1506549361,22420785,261.98,0.10000000,0
1506549266,22420616,261.51,7.13464113,1
1506549251,22420592,261.46,4.61374750,1
1506549251,22420591,261.46,1.16411688,1
1506549251,22420590,261.47,5.42719862,1
1506549073,22420491,261.45,0.93965790,1
1506549055,22420479,262.09,0.02196790,0
1506549043,22420466,261.53,6.95257348,1
1506549043,22420465,261.80,0.23444442,1
1506549041,22420464,261.80,0.06555558,1
1506549041,22420462,261.90,0.00094242,1
1506549022,22420441,261.90,1.77604900,1
1506549000,22420425,261.90,7.73918400,1
1506549000,22420423,261.90,17.07000000,1
1506548992,22420414,261.90,1.12758200,1
1506548990,22420413,261.90,0.54940900,1
1506548990,22420412,261.91,0.10000000,1
1506548985,22420405,262.31,6.96107172,0
1506548985,22420404,262.31,2.03187555,1
1506548983,22420403,262.27,0.10000000,0
1506548971,22420399,261.90,0.03402100,1
1506548970,22420398,261.90,9.12082308,1
1506548970,22420397,261.95,0.47343792,1
1506548969,22420396,261.95,0.43208284,1
1506548969,22420395,262.00,0.00003816,1
1506548968,22420392,262.00,1.98858779,1
1506548938,22420379,261.96,0.09072202,1
1506548922,22420354,261.95,1.75739100,1
1506548922,22420353,261.96,0.10000000,1
1506548916,22420348,261.95,0.02710800,1
1506548915,22420346,262.31,5.71263009,0
1506548913,22420345,262.28,0.10000000,0
1506548911,22420340,261.95,0.20557100,1
1506548902,22420336,261.90,0.04661665,1
1506548902,22420335,261.91,0.10000000,1
1506548889,22420321,262.29,1.71809000,0
1506548889,22420319,262.26,0.30470000,0
1506548889,22420317,262.25,7.97721000,0
1506548856,22420301,261.84,1.12752000,1
1506548854,22420299,261.70,0.23718200,1
1506548854,22420298,262.17,1.62632056,0
1506548854,22420297,262.05,0.09179124,0
1506548852,22420296,261.82,0.14323600,0
1506548834,22420280,261.82,0.09626000,0
1506548832,22420279,261.78,0.10000000,0
1506548818,22420263,261.81,0.09907949,0
1506548812,22420258,261.50,1.85865163,1
1506548811,22420257,261.50,0.97152162,1
1506548810,22420256,261.52,0.30470000,1
1506548810,22420255,261.55,0.09179124,1
1506548810,22420253,261.56,0.10000000,1
1506548807,22420246,262.45,0.31456295,0
1506548805,22420245,261.51,7.97721000,0
1506548805,22420243,261.55,0.10000000,1
1506548799,22420227,262.96,7.85085184,0
1506548798,22420226,262.95,0.20000000,0
1506548798,22420225,262.90,4.00000000,0
1506548798,22420222,262.73,9.23013834,0
1506548797,22420216,262.62,0.31605623,0
1506548797,22420210,262.59,0.57619793,0
1506548797,22420207,262.58,3.83000000,0
1506548796,22420206,262.58,3.70551375,1
1506548796,22420204,262.54,0.30470000,0
1506548796,22420203,262.53,5.55876842,0
1506548795,22420201,261.82,1.99394700,0
1506548795,22420200,261.70,3.13458965,0
1506548795,22420199,261.70,0.10000000,1
1506548793,22420195,261.67,0.48000000,0
1506548752,22420180,261.53,3.13458965,0
1506548752,22420179,261.54,0.10000000,1
1506548738,22420173,261.43,0.47973264,1
1506548736,22420171,261.82,2.00126000,0
1506548730,22420169,261.82,0.03410232,1
1506548730,22420168,261.82,22.47301700,1
1506548729,22420167,261.82,7.97504400,1
1506548700,22420157,261.81,0.35715377,0
1506548677,22420149,261.21,0.58610920,1
1506548646,22420114,261.77,0.30470000,0
1506548644,22420113,261.78,0.03557379,1
1506548644,22420112,261.78,0.27978163,1
1506548644,22420111,262.59,20.24669637,1
1506548644,22420110,262.50,2.72518679,0
1506548643,22420107,262.40,0.45000000,0
1506548643,22420106,262.40,2.03616400,1
1506548643,22420105,262.40,18.29486800,1
1506548643,22420104,262.40,10.18753104,1
1506548642,22420103,262.13,3.82474162,0
1506548641,22420102,262.09,0.83887856,0
1506548641,22420101,262.09,6.92312300,1
1506548641,22420100,262.09,0.10000000,1
1506548640,22420098,262.05,0.43000000,0
1506548640,22420097,262.00,3.00000000,0
1506548640,22420096,262.00,0.14181867,1
1506548639,22420095,261.85,0.10000000,0
1506548639,22420094,261.78,4.49589300,1
1506548639,22420093,261.77,1.00000000,0
1506548639,22420092,261.77,0.01002787,0
1506548639,22420091,261.77,0.30700000,0
1506548638,22420090,261.60,1.06343543,0
1506548638,22420089,261.35,0.10000000,0
1506548637,22420087,261.33,0.15000000,0
1506548637,22420085,261.00,86.06328840,0
1506548637,22420084,260.99,0.24000000,0
1506548635,22420082,260.70,0.06555967,0
1506548619,22420074,260.70,1.67358918,0
1506548526,22419991,260.71,1.99580100,1
1506548526,22419989,260.75,0.53120000,1
1506548526,22419988,260.76,0.10000000,1
1506548414,22419902,260.80,0.31622475,1
1506548414,22419901,260.99,0.10922525,1
1506548409,22419882,260.99,0.28000000,1
1506548405,22419866,261.00,10.00000000,0
1506548396,22419845,260.99,0.13077475,1
1506548396,22419844,260.99,0.19922525,1
1506548389,22419797,260.99,1.03000000,1
1506548382,22419744,260.99,0.39000000,1
1506548369,22419727,260.99,0.58000000,1
1506548368,22419726,260.99,0.58000000,0
1506548322,22419675,260.99,0.27165791,0
1506548321,22419674,260.98,0.10000000,0
1506548298,22419613,260.51,0.10000000,1
1506548232,22419537,261.00,1.97993000,0
1506548231,22419534,260.99,1.03000000,0
1506548194,22419509,260.95,0.14891801,0
1506548194,22419508,260.94,0.10000000,0
1506548150,22419466,260.99,2.21978991,0
1506548150,22419465,260.97,0.27541009,0
1506548148,22419460,260.51,0.10000000,0
1506547942,22419370,260.50,10.00000000,1
1506547858,22419315,260.50,52.40600000,1
1506547825,22419303,260.50,0.33104400,1
1506547819,22419300,260.50,0.44580100,1
1506547819,22419299,260.51,0.10000000,1
1506547806,22419282,260.50,2.86364956,1
1506547805,22419281,260.51,0.13635044,1
1506547805,22419279,260.51,1.85973256,1
1506547805,22419278,260.52,1.91923844,1
1506547805,22419277,260.53,0.10000000,1
1506547753,22419234,260.93,0.27543536,0
1506547751,22419230,260.92,0.10000000,0
1506547739,22419216,260.50,1.89999963,0
1506547732,22419214,260.45,6.32818912,1
1506547713,22419164,260.42,0.50000000,1
1506547659,22419153,260.50,0.00000037,1
1506547659,22419152,260.51,0.10000000,1
1506547628,22419138,260.99,0.37047396,0
1506547628,22419137,260.97,3.00000000,0
1506547626,22419135,260.70,0.45224613,0
1506547545,22419102,260.50,1.76999963,1
1506547545,22419101,260.55,16.00000000,1
1506547545,22419099,260.70,0.83237437,1
1506547509,22419077,260.65,0.14939575,1
1506547496,22419067,260.98,0.03597977,0
1506547493,22419065,260.61,0.02607800,1
1506547477,22419051,260.96,1.70249448,0
1506547477,22419050,260.96,0.88364899,0
1506547449,22419042,261.00,6.95678160,0
1506547449,22419041,261.00,5.00000000,0
1506547449,22419040,260.99,2.46000000,0
1506547448,22419039,260.97,0.10000000,0
1506547448,22419038,260.97,0.50100947,0
1506547409,22419007,260.55,1.00000000,0
1506547333,22418955,260.57,0.64629019,0
1506547332,22418954,260.52,0.10000000,0
1506547306,22418934,260.40,0.10443438,1
1506547303,22418922,260.35,0.49435376,1
1506547303,22418921,260.37,0.10000000,1
1506547298,22418913,260.37,1.03015935,1
1506547294,22418910,260.57,0.13923321,0
1506547292,22418908,260.45,0.05217050,0
1506547239,22418878,260.35,0.45661838,1
1506547152,22418839,260.35,3.24650123,1
1506547140,22418832,260.35,0.17231689,1
1506547124,22418828,260.35,8.93000000,1
1506547123,22418826,260.35,0.10000000,0
1506547099,22418804,260.30,0.19841600,1
1506547074,22418778,260.82,7.74495820,0
1506547073,22418777,260.45,0.10000000,0
1506547035,22418755,260.21,2.00000000,1
1506547018,22418714,260.20,4.43978000,1
1506546947,22418664,260.20,0.05204446,1
1506546944,22418656,260.20,0.05214399,1
1506546929,22418639,260.20,0.46281338,1
1506546929,22418638,260.20,1.13716841,1
1506546929,22418636,260.21,0.10000000,1
1506546928,22418629,260.20,0.17253756,1
1506546927,22418625,260.20,3.08675000,1
1506546926,22418623,260.20,2.49789000,1
1506546926,22418622,260.20,1.56973134,1
1506546926,22418621,260.21,0.00004998,1
1506546925,22418618,260.21,0.09995002,1
1506546886,22418582,260.44,2.52907882,0
1506546885,22418581,260.28,1.50243749,0
1506546870,22418578,260.02,3.34483793,1
1506546858,22418575,260.28,0.30118334,0
1506546858,22418574,260.28,0.10000000,0
1506546829,22418569,259.70,0.20800000,1
1506546828,22418567,259.71,0.10000000,0
1506546725,22418505,259.98,0.17860763,0
1506546725,22418504,259.98,1.00000000,0
1506546725,22418502,259.81,0.82139200,0
1506546724,22418501,259.20,0.00000037,0
1506546723,22418500,259.20,12.37587500,0
1506546723,22418499,259.20,1.57700000,0
1506546670,22418478,259.49,0.10000000,0
1506546629,22418440,259.01,1.00000000,1
1506546618,22418437,259.01,1.28200000,0
1506546618,22418436,259.29,0.30800000,0
1506546616,22418435,259.45,0.10000000,1
1506546514,22418321,259.93,0.01510791,1
1506546513,22418311,259.93,0.10000000,0
1506546505,22418289,259.01,0.30800000,0
1506546496,22418261,259.02,3.34964000,0
1506546495,22418253,259.02,0.22476161,0
1506546493,22418220,259.06,1.19581359,1
1506546485,22418197,259.21,0.06443718,0
1506546480,22418185,259.21,0.38482312,0
1506546468,22418170,259.21,0.71467150,0
1506546449,22418158,259.21,0.13541144,0
1506546428,22418148,259.21,0.11531190,0
1506546422,22418143,259.21,0.30482000,0
1506546420,22418140,259.21,0.17040238,0
1506546418,22418131,259.21,0.30465288,0
1506546374,22418098,259.21,0.41531500,0
1506546356,22418090,259.04,6.24369179,0
1506546356,22418089,259.06,1.99963100,1
1506546351,22418087,259.01,0.76145360,1
1506546351,22418086,259.08,0.11016342,1
1506546351,22418085,259.20,1.99941400,1
1506546351,22418084,259.20,0.23881040,1
1506546339,22418080,259.20,0.76118960,1
1506546339,22418079,259.28,0.30800000,1
1506546338,22418078,259.30,3.31803983,1
1506546338,22418077,259.50,0.91277057,1
1506546335,22418076,259.50,2.65466680,1
1506546335,22418074,259.50,3.00000000,1
1506546335,22418073,259.60,3.55753600,1
1506546284,22417995,259.88,0.00004423,1
1506546279,22417975,259.88,0.20340157,1
1506546278,22417972,259.88,0.20267047,1
1506546275,22417964,259.88,0.16972794,1
1506546274,22417961,259.90,2.07135193,1
1506546274,22417960,259.98,1.19382500,1
1506546273,22417958,259.98,2.07135200,1
1506546273,22417957,259.98,3.00000000,1
1506546264,22417954,259.99,4.61108900,1
1506546262,22417952,259.99,3.38005300,0
1506546256,22417948,260.00,0.46479544,0
1506546255,22417942,260.00,2.37889918,0
1506546245,22417928,260.00,0.20000000,1
1506546245,22417927,260.00,3.00000000,1
1506546245,22417926,260.04,7.98548000,1
1506546239,22417923,260.02,0.03817949,1
1506546237,22417920,260.10,0.10000000,1
1506546139,22417866,260.03,0.98587980,1
1506546137,22417862,260.41,0.10000000,1
1506546011,22417800,260.90,0.03065486,0
1506546011,22417799,260.90,0.02299115,0
1506546004,22417793,260.97,0.50126000,1
1506546001,22417782,260.97,0.05709799,0
1506546000,22417774,260.97,0.61270000,0
1506545970,22417771,260.99,0.15941025,0
1506545970,22417770,260.99,0.16023461,0
1506545931,22417736,260.50,3.16353166,1
1506545916,22417725,261.45,0.38297953,1
1506545915,22417724,261.44,4.92069429,1
1506545915,22417723,260.96,1.99534000,0
1506545913,22417722,260.50,0.10000000,0
1506545882,22417692,260.77,0.66392776,1
1506545882,22417691,260.78,0.00004998,1
1506545882,22417686,260.78,0.09995002,1
1506545872,22417679,260.77,0.10000000,0
1506545834,22417640,260.15,4.03664710,1
1506545830,22417637,260.78,1.33875297,0
1506545803,22417623,260.87,0.69741648,0
1506545803,22417622,260.80,1.65047352,0
1506545802,22417621,260.74,0.15000000,0
1506545802,22417620,260.66,11.07466194,1
1506545802,22417619,260.66,0.30700000,1
1506545801,22417618,260.66,0.10000000,0
1506545668,22417490,260.22,3.36225667,1
1506545668,22417489,260.22,0.11016342,1
1506545667,22417488,260.26,0.01002787,1
1506545667,22417487,260.29,0.11055204,1
1506545667,22417486,260.31,0.30700000,1
1506545667,22417485,260.32,0.10000000,1
1506545652,22417472,261.19,8.47761000,1
1506545651,22417471,261.02,1.99615000,0
1506545650,22417470,260.84,0.10000000,0
1506545647,22417466,260.29,0.11048953,0
1506545646,22417463,260.29,0.19481047,0
1506545644,22417457,260.26,0.30700000,1
1506545642,22417456,260.30,0.05676069,1
1506545642,22417455,260.30,7.92050231,1
1506545641,22417454,260.31,0.04676991,1
1506545641,22417453,260.33,2.54972778,1
1506545626,22417448,260.32,2.56693282,0
1506545626,22417447,260.50,0.93949403,1
1506545625,22417446,260.75,2.26235858,1
1506545625,22417445,260.81,0.10121457,1
1506545619,22417442,260.91,0.54326137,1
1506545556,22417370,261.00,0.15050316,0
1506545555,22417369,261.01,0.19964752,1
1506545493,22417326,261.00,0.50000000,1
1506545485,22417323,261.00,1.15047352,1
1506545485,22417322,261.01,0.11358437,1
1506545480,22417319,261.01,7.17044194,1
1506545480,22417318,261.01,0.05906399,1
1506545479,22417317,261.18,0.10000000,1
1506545474,22417309,261.17,0.25961421,1
1506545472,22417306,261.49,0.26534234,1
1506545472,22417304,261.49,0.10000000,0
1506545468,22417296,261.29,0.30769700,1
1506545466,22417294,261.29,2.76927300,1
1506545455,22417275,261.29,0.03830196,1
1506545450,22417269,261.29,0.76801663,1
1506545434,22417251,261.29,4.08634100,1
1506545431,22417239,261.29,2.12294000,1
1506545422,22417216,261.29,7.82904908,1
1506545419,22417206,261.29,0.19153900,1
1506545419,22417205,261.29,0.15036933,1
1506545408,22417195,261.29,1.64033400,1
1506545404,22417184,261.29,0.59294000,1
1506545374,22417157,261.29,4.50319900,1
1506545374,22417156,261.30,0.30530000,1
1506545361,22417146,261.32,0.64720557,1
1506545361,22417145,261.51,1.06343543,1
1506545361,22417144,261.52,0.10000000,1
1506545345,22417129,261.51,0.10000000,0
1506545338,22417120,261.50,0.50000000,1
1506545336,22417119,261.51,0.10000000,1
1506545317,22417108,261.40,3.72000000,1
1506545315,22417107,261.44,0.10000000,1
1506545312,22417106,261.45,0.94336860,1
1506545277,22417072,262.10,0.83929803,0
1506545275,22417069,262.09,0.16484197,0
1506545257,22417051,262.10,0.11808020,0
1506545239,22417044,262.11,0.31487704,0
1506545232,22417024,262.50,8.19982180,0
1506545232,22417022,262.50,1.99050200,1
1506545232,22417019,262.47,0.00976679,0
1506545231,22417018,262.47,0.30636651,0
1506545231,22417016,262.45,0.57641334,0
1506545231,22417013,262.45,2.48875562,0
1506545230,22417012,262.30,0.44000000,0
1506545230,22417011,262.13,1.00000000,0
1506545230,22417010,262.13,9.86128342,1
1506545230,22417009,262.00,2.00000000,0
1506545229,22417008,262.00,38.04235312,0
1506545229,22417007,262.00,0.11456979,0
1506545229,22417006,261.89,0.79470618,0
1506545229,22417004,261.79,0.21047719,0
1506545228,22417003,261.79,0.10583333,0
1506545228,22417002,261.79,0.09172950,0
1506545228,22417001,261.70,2.15288190,0
1506545228,22417000,261.52,1.16335532,0
1506545227,22416999,261.50,2.00000000,0
1506545227,22416998,261.36,1.99191900,0
1506545227,22416997,261.30,4.31349883,0
1506545226,22416996,261.25,1.00000000,0
1506545226,22416994,261.20,1.25474306,0
1506545224,22416989,261.19,4.96000000,0
1506545184,22416947,261.20,1.90126000,0
1506545183,22416942,260.91,0.10000000,0
1506545154,22416919,260.90,0.13564737,0
1506545153,22416918,260.75,4.90000000,0
1506545151,22416916,260.91,0.10000000,1
1506545076,22416877,261.30,9.94921591,0
1506545075,22416876,261.30,1.48821409,0
1506545075,22416875,261.20,1.01511800,0
1506545049,22416847,261.20,35.98488200,0
1506545042,22416836,261.30,1.01511800,0
1506545039,22416831,261.30,8.98284351,0
1506545039,22416830,261.30,0.00203849,0
1506545030,22416818,261.30,2.50333200,0
1506545010,22416799,261.30,5.87313433,0
1506544984,22416778,261.30,0.09539077,0
1506544953,22416759,261.30,1.52610441,1
1506544907,22416663,261.50,3.16155833,0
1506544907,22416661,261.50,2.65870279,0
1506544907,22416660,261.49,0.30550000,0
1506544907,22416657,261.46,0.10000000,0
1506544901,22416623,261.46,0.14143654,1
1506544901,22416620,261.40,0.57518119,0
1506544899,22416611,261.35,0.10000000,1
1506544898,22416607,260.64,0.35015068,1
1506544898,22416606,260.64,0.76492466,0
1506544897,22416605,260.71,2.02000000,1
1506544896,22416604,260.81,0.76492466,0
1506544895,22416603,260.81,0.10000000,1
1506544894,22416602,260.80,1.00000000,1
1506544860,22416593,260.64,1.48420810,1
1506544850,22416574,260.63,0.10000000,1
1506544842,22416564,261.50,3.81397216,0
1506544834,22416550,261.50,0.12267494,0
1506544833,22416549,261.49,0.10000000,0
1506544825,22416543,260.50,0.06050597,1
1506544825,22416542,260.69,0.11190510,1
1506544825,22416541,260.70,0.10000000,1
1506544823,22416540,261.50,0.03919694,0
1506544822,22416539,261.50,0.10000000,0
1506544813,22416532,261.51,2.81063536,1
1506544813,22416531,261.44,0.80000000,0
1506544812,22416529,261.13,0.10000000,0
1506544804,22416517,260.69,0.92385062,1
1506544804,22416516,260.70,0.16187188,1
1506544764,22416491,260.69,0.73664468,1
1506544762,22416487,260.72,1.16335532,1
1506544762,22416486,260.72,0.10000000,1
1506544746,22416478,261.16,0.80548322,1
1506544745,22416477,261.05,0.16164131,0
1506544745,22416476,260.92,0.31597530,0
1506544744,22416474,260.91,0.10000000,0
1506544742,22416470,260.69,9.80319129,1
1506544742,22416469,260.71,0.19680871,1
1506544739,22416467,260.70,1.53033140,1
1506544738,22416465,260.70,0.15198525,1
1506544737,22416464,260.71,1.72458475,1
1506544731,22416455,260.74,0.12959469,0
1506544720,22416422,260.74,2.36715788,0
1506544719,22416416,260.74,0.32415855,0
1506544711,22416387,260.73,0.03255240,1
1506544709,22416371,260.81,0.26436796,0
1506544706,22416347,260.81,0.05375560,1
1506544706,22416343,260.92,0.00976679,1
1506544704,22416330,260.92,0.30636651,1
1506544696,22416276,260.94,1.54867944,1
1506544696,22416274,260.95,0.30550000,1
1506544693,22416242,260.94,0.32789035,1
1506544690,22416226,260.94,12.53087036,1
1506544690,22416224,261.00,1.50000000,1
1506544690,22416222,261.00,8.22129631,1
1506544690,22416220,261.01,11.80699333,1
1506544687,22416203,261.39,4.27792600,0
1506544687,22416199,261.00,1.77870369,1
1506544687,22416195,261.01,0.16164131,1
1506544687,22416190,261.06,0.10000000,1
1506544666,22416157,261.04,1.01203500,1
1506544666,22416156,261.09,0.10000000,1
1506544603,22416125,261.00,4.88513557,0
1506544593,22416116,261.21,0.31605623,1
1506544593,22416115,261.79,4.79880820,1
1506544593,22416114,261.71,0.43636719,0
1506544592,22416113,261.60,0.05214790,0
1506544592,22416112,261.21,2.00000000,0
1506544591,22416110,260.90,0.15000000,0
1506544590,22416109,260.90,0.31809292,0
1506544590,22416108,260.90,0.07363287,0
1506544584,22416099,260.89,1.99218600,0
1506544584,22416096,260.89,0.10019588,0
1506544577,22416065,260.81,0.60208580,0
1506544577,22416063,260.80,5.00000000,0
1506544575,22416057,260.80,5.00000000,0
1506544567,22416048,260.80,0.09662013,0
1506544566,22416047,260.80,0.04714560,0
1506544566,22416046,260.79,0.05893427,0
1506544524,22416036,260.70,0.19169404,0
1506544511,22416033,260.70,5.00000000,0
1506544506,22416031,260.70,0.80000000,0
1506544482,22416006,260.69,0.10000000,0
1506544469,22416000,260.32,0.59121244,1
1506544469,22415999,260.32,0.10000000,1
1506544461,22415998,260.70,3.15600306,0
1506544445,22415990,260.70,0.85230290,0
1506544445,22415989,260.70,0.65627910,0
1506544402,22415969,260.70,5.00000000,0
1506544399,22415968,260.70,3.02884542,0
1506544393,22415966,260.70,3.65737580,0
1506544388,22415961,260.70,3.82623705,0
1506544388,22415960,260.70,0.25174530,0
1506544388,22415959,260.69,0.10000000,0
1506544355,22415934,260.19,0.44000000,1
1506544354,22415933,260.20,0.10000000,1
1506544333,22415925,260.70,3.82826095,0
1506544333,22415924,260.69,0.37000000,0
1506544333,22415923,260.65,1.16368178,0
1506544318,22415916,260.63,1.25533101,0
1506544286,22415901,260.46,0.71675834,0
1506544279,22415896,260.30,0.07615269,0
1506544268,22415887,260.30,3.15300230,0
1506544220,22415770,260.28,0.10000000,1
1506544168,22415743,260.41,1.73576590,0
1506544167,22415742,260.40,0.10000000,0
1506544163,22415735,260.35,0.20700000,0
1506544163,22415733,260.34,0.10000000,0
1506544161,22415727,259.40,0.79626998,0
1506544160,22415725,259.60,0.07615269,1
1506544160,22415724,259.60,0.52909000,0
1506544160,22415723,259.81,0.52848733,1
1506544158,22415722,259.82,0.10000000,1
1506544154,22415718,260.36,1.86532854,1
1506544151,22415715,259.60,0.22156185,0
1506544151,22415714,259.76,0.30700000,1
1506544149,22415712,259.81,0.10000000,1
1506544104,22415680,260.60,1.11767736,0
1506544104,22415679,260.30,0.07600764,0
1506544104,22415678,260.12,0.30800000,0
1506544102,22415677,259.13,19.69200000,1
1506544102,22415675,259.48,0.30800000,1
1506544098,22415671,259.82,0.37515800,0
1506544098,22415670,260.00,1.62206800,1
1506544097,22415669,260.00,6.67793200,0
1506544097,22415668,260.00,1.32206800,0
1506544097,22415666,259.98,0.30000000,0
1506544096,22415665,259.80,1.99831500,0
1506544095,22415663,259.79,2.00000000,0
1506544091,22415661,259.76,9.15191400,0
1506544091,22415660,259.76,0.76801663,0
1506544070,22415654,259.81,1.79347700,0
1506544070,22415653,259.79,0.30800000,0
1506544069,22415652,259.78,0.10000000,0
1506544064,22415646,259.78,3.25652300,0
1506544046,22415643,259.01,0.56343569,1
1506544045,22415642,259.15,6.95800000,1
1506544045,22415641,259.15,3.15300230,0
1506544045,22415640,259.19,1.99698400,1
1506544045,22415639,259.22,9.39400000,1
1506544044,22415638,259.24,3.31803983,1
1506544044,22415637,259.27,13.29746210,0
1506544044,22415636,259.28,0.10000000,0
1506544041,22415633,259.85,1.42050494,1
1506544039,22415628,259.85,0.32476000,0
1506544035,22415620,259.87,1.00000000,0
1506544008,22415607,259.83,0.31737500,0
1506544005,22415605,259.94,0.38377400,0
1506544005,22415604,259.58,0.10000000,0
1506544002,22415599,259.46,1.67375825,0
1506544002,22415598,259.46,0.30800000,0
1506544000,22415594,259.58,0.10000000,1
1506543999,22415593,259.94,3.83056100,0
1506543993,22415588,259.95,1.23127524,0
1506543993,22415587,259.94,2.91429315,1
1506543991,22415585,259.94,7.58196776,0
1506543973,22415575,259.99,0.99356328,0
1506543973,22415574,259.90,4.00643672,0
1506543970,22415572,259.90,3.98394328,0
1506543963,22415563,259.86,0.41256285,1
1506543962,22415562,259.39,1.86759039,0
1506543962,22415561,259.39,1.77101555,0
1506543962,22415560,259.38,0.31752021,0
1506543962,22415558,259.30,0.10000000,0
1506543947,22415550,259.33,4.04972497,0
1506543887,22415495,258.81,1.86759039,1
1506543887,22415494,258.85,0.10000000,1
1506543880,22415488,258.86,3.00000000,1
1506543848,22415468,259.39,1.79779285,0
1506543847,22415467,259.11,0.03728175,0
1506543827,22415451,258.76,1.44781381,1
1506543827,22415450,258.76,0.04974366,1
1506543827,22415448,258.78,1.99906800,1
1506543826,22415446,258.80,3.64000000,0
1506543825,22415445,258.80,4.70000000,1
1506543825,22415444,259.00,0.80337453,1
1506543825,22415443,259.00,2.27770655,0
1506543778,22415407,258.80,0.15000000,0
1506543778,22415406,258.80,0.10213000,0
1506543772,22415401,258.80,3.00583011,0
1506543769,22415399,258.76,0.02025634,1
1506543769,22415397,258.76,1.99942500,1
1506543769,22415396,258.76,2.06000000,1
1506543750,22415386,258.90,5.07086800,1
1506543750,22415385,258.94,3.47316000,1
1506543749,22415384,258.94,0.40000000,1
1506543718,22415367,258.93,0.08415400,1
1506543699,22415351,258.91,1.97040929,1
1506543664,22415330,258.90,3.42913200,1
1506543639,22415324,259.11,1.50000000,0
1506543602,22415298,259.41,0.83716825,1
1506543600,22415297,259.41,0.10000000,0
1506543572,22415248,259.50,4.82158441,1
1506543572,22415247,259.50,3.00000000,0
1506543572,22415246,259.07,1.47983334,0
1506543572,22415245,259.07,3.31804009,0
1506543571,22415244,259.07,0.10000000,0
1506543571,22415243,259.06,1.94814529,0
1506543571,22415242,259.06,2.42997373,0
1506543571,22415241,259.06,0.32413314,0
1506543548,22415235,259.29,2.69079557,0
1506543548,22415234,259.21,0.31924443,0
1506543548,22415233,258.72,0.30800000,0
1506543531,22415220,258.62,2.71749898,1
1506543530,22415214,258.62,2.73362400,1
1506543530,22415211,258.61,2.99996134,1
1506543529,22415209,258.61,5.80433368,1
1506543529,22415206,258.69,0.32417178,1
1506543529,22415204,258.76,2.43000000,1
1506543528,22415203,258.80,1.94816654,1
1506543528,22415200,258.98,0.09028634,1
1506543527,22415198,258.97,0.00971366,0
1506543527,22415197,258.97,0.92266434,1
1506543527,22415196,258.97,1.62061029,1
1506543526,22415192,258.97,0.68068456,1
1506543525,22415188,258.97,0.55589081,1
1506543524,22415184,259.00,0.19536500,1
1506543524,22415172,259.00,1.19691119,1
1506543524,22415151,259.21,0.06777457,1
1506543523,22415150,259.21,1.54995973,1
1506543478,22415130,259.21,0.38226570,1
1506543432,22415113,259.42,3.63274833,0
1506543432,22415112,259.41,0.10000000,0
1506543392,22415068,259.31,0.48111853,1
1506543387,22415067,259.30,0.62238326,1
1506543386,22415066,259.31,0.10000000,1
1506543381,22415059,259.30,1.26879351,1
1506543345,22415052,259.25,0.40274195,1
1506543345,22415051,259.25,0.10000000,1
1506543336,22415045,259.24,0.69279432,1
1506543334,22415044,259.28,0.30800000,1
1506543334,22415042,259.59,0.03814091,1
1506543322,22415037,259.59,0.10000000,0
1506543288,22415010,259.60,2.88393100,0
1506543288,22415009,259.50,0.03186100,0
1506543288,22415008,259.49,0.10000000,0
1506543277,22415003,259.40,1.25784710,0
1506543277,22415002,259.00,4.98062149,0
1506543277,22415001,258.99,0.79874000,0
1506543270,22414998,258.99,0.20126000,0
1506543244,22414983,258.91,0.59316505,1
1506543230,22414956,259.00,5.01937851,0
1506543230,22414955,259.00,0.19537052,0
1506543229,22414953,258.99,7.90810011,1
1506543210,22414935,259.00,0.19174500,0
1506543198,22414910,258.84,0.30800000,1
1506543197,22414909,258.82,0.56289300,0
1506543197,22414908,258.81,1.30662900,0
1506543192,22414901,258.81,0.03186100,0
1506543192,22414897,258.81,1.26659300,0
1506543190,22414895,258.82,2.30000000,0
1506543190,22414893,258.80,1.00000000,1
1506543190,22414892,258.80,0.00778400,1
1506543190,22414891,258.81,1.85800000,1
1506543189,22414889,258.81,1.89200000,1
1506543189,22414888,259.00,1.45000000,1
1506543189,22414887,259.05,0.10000000,1
1506543189,22414886,259.42,0.30800000,1
1506543184,22414863,259.60,3.50591273,1
1506543184,22414862,259.60,1.33999000,1
1506543184,22414861,259.60,2.15880700,1
1506543184,22414860,259.61,0.10000000,1
1506543181,22414853,259.60,5.21101270,1
1506543155,22414843,259.60,5.60694927,1
1506543155,22414842,259.61,0.11212973,1
1506543154,22414841,259.60,1.00000000,1
1506543153,22414839,259.60,0.61773430,1
1506543152,22414838,259.61,0.38226570,1
1506543151,22414837,259.61,1.67038113,0
1506543151,22414836,259.60,3.76673040,1
1506543150,22414835,259.60,4.73700000,1
1506543140,22414816,259.51,0.03791359,0
1506543132,22414813,259.50,0.33100000,1
1506543131,22414812,259.50,2.12786666,0
1506543131,22414811,259.49,1.00000000,0
1506543131,22414810,259.40,0.50868495,0
1506543114,22414795,259.40,0.49131505,0
1506543114,22414794,259.40,0.80868495,0
1506543113,22414790,259.40,0.19131505,0
1506543102,22414784,259.50,2.56248817,0
1506543102,22414783,259.50,0.23202177,0
1506543102,22414782,259.50,0.18248473,0
1506543101,22414781,259.50,1.81751527,0
1506543101,22414780,259.50,0.30787447,0
1506543101,22414779,259.40,1.00000000,0
1506543101,22414778,259.40,2.00000000,0
1506543101,22414777,259.40,0.13831770,0
1506543095,22414772,259.40,0.20370523,0
1506543093,22414769,259.40,0.28758742,0
1506543083,22414754,259.40,0.37038965,0
1506543076,22414752,259.48,0.13687066,0
1506543076,22414751,259.48,0.63312266,0
1506543070,22414744,258.92,1.00000000,1
1506543070,22414743,258.92,5.40000000,1
1506543069,22414741,259.50,0.32602697,0
1506543069,22414740,259.48,0.10000000,0
1506543069,22414739,259.46,0.30800000,0
1506543062,22414730,258.68,3.65292947,1
1506543062,22414729,258.93,7.98848700,1
1506543061,22414728,258.98,0.30800000,1
1506543061,22414727,259.01,0.03791359,1
1506543059,22414725,259.10,0.10000000,1
1506543052,22414721,259.50,0.36609856,0
1506543037,22414714,259.58,0.87766538,0
1506543032,22414712,259.60,0.07762340,0
1506543032,22414710,259.59,0.30800000,0
1506543030,22414708,259.50,1.00000000,0
1506543018,22414683,259.01,1.26000000,1
1506543016,22414681,259.29,3.84000000,0
1506543016,22414680,259.26,0.10000000,0
1506543014,22414677,259.01,0.80614966,1
1506543012,22414668,259.29,0.52287709,0
1506543012,22414667,259.28,0.10000000,0
1506543012,22414666,259.27,0.20000000,0
1506543008,22414664,259.39,0.30800000,1
1506543007,22414663,259.44,0.34427546,1
1506543007,22414662,259.50,1.37000000,1
1506543007,22414661,259.50,2.40000000,1
1506543007,22414660,259.50,0.07426076,1
1506542999,22414635,259.50,0.09279924,1
1506542997,22414629,259.50,1.37294000,1
1506542997,22414626,259.51,0.10000000,1
1506542989,22414617,259.50,2.40000000,1
1506542989,22414615,259.50,1.00000000,1
1506542988,22414605,259.53,0.10000000,1
1506542984,22414603,259.95,0.31070425,0
1506542969,22414584,259.99,0.15896765,0
1506542968,22414582,259.99,0.27248100,0
1506542961,22414570,259.89,1.99453400,0
1506542961,22414569,259.74,0.30800000,0
1506542961,22414567,259.73,0.10000000,0
1506542947,22414554,259.46,0.10000000,0
1506542943,22414536,259.44,0.56190708,1
1506542943,22414535,259.44,0.31809292,1
1506542941,22414528,259.46,0.10000000,1
1506542921,22414489,259.45,0.80614966,1
1506542921,22414488,259.54,0.30800000,1
1506542921,22414487,259.70,0.31752021,1
1506542921,22414486,259.71,0.10000000,1
1506542871,22414447,260.34,0.19812553,0
1506542871,22414446,260.34,0.80187447,0
1506542870,22414444,260.33,10.31000000,0
1506542855,22414435,260.36,0.31672312,0
1506542855,22414434,260.30,1.00000000,0
1506542855,22414433,260.26,1.99137000,0
1506542853,22414432,260.20,4.49000000,1
1506542853,22414431,260.20,1.00000000,0
1506542840,22414406,260.19,0.10000000,0
1506542797,22414333,259.93,1.12192730,1
1506542797,22414332,260.00,0.20000000,1
1506542796,22414331,260.01,0.10000000,1
1506542795,22414330,260.48,1.53166987,0
1506542790,22414325,260.45,5.48320215,0
1506542789,22414322,260.44,0.30650000,1
1506542789,22414316,260.13,1.77254677,1
1506542787,22414279,259.98,0.10000000,0
1506542781,22414276,260.00,2.61969764,1
1506542780,22414275,260.00,0.00699996,1
1506542780,22414274,260.00,0.19311004,1
1506542779,22414273,260.00,0.39273076,1
1506542779,22414272,260.00,0.10000000,0
1506542779,22414271,260.02,3.31803983,1
1506542777,22414270,260.15,0.10000000,1
1506542745,22414215,260.46,3.81217144,0
1506542725,22414194,260.24,1.99202000,0
1506542721,22414175,260.05,0.34398183,0
1506542721,22414174,260.04,0.03025353,0
1506542721,22414172,260.00,1.10000000,0
1506542721,22414171,260.00,0.51969764,0
1506542719,22414169,260.00,1.00000000,0
1506542706,22414155,259.99,0.10000000,1
1506542706,22414154,260.00,0.16100000,0
1506542706,22414153,260.00,2.73726200,0
1506542698,22414144,260.00,55.32767646,0
1506542698,22414143,259.99,2.75000000,0
1506542698,22414142,259.99,1.76795954,0
1506542697,22414141,259.99,0.22608946,0
1506542697,22414140,259.99,0.10000000,0
1506542692,22414135,259.98,0.56920300,0
1506542674,22414120,259.52,5.10236091,1
1506542673,22414117,259.53,0.30650000,1
1506542673,22414116,259.54,0.26088556,0
1506542672,22414115,259.54,0.03025353,0
1506542671,22414114,259.54,1.00000000,0
1506542671,22414113,259.54,0.10000000,1
1506542667,22414106,260.68,0.39237249,0
1506542656,22414066,260.74,3.76000000,0
1506542656,22414065,260.62,0.09087753,0
1506542656,22414063,260.60,3.14332061,0
1506542656,22414062,260.30,0.02274125,0
1506542656,22414061,260.29,0.10000000,0
1506542652,22414052,259.43,1.00000000,1
1506542646,22414032,260.01,0.21492985,1
1506542645,22414030,260.01,0.10000000,0
1506542645,22414029,259.40,0.90000000,1
1506542645,22414027,259.40,0.73467365,1
1506542644,22414025,259.77,0.57634373,1
1506542644,22414023,260.00,14.50017868,1
1506542642,22414017,260.01,0.10000000,1
1506542635,22413993,260.00,0.49982132,1
1506542635,22413991,260.00,0.96000000,1
1506542635,22413989,260.16,0.05000000,1
1506542635,22413988,260.20,1.16368178,1
1506542635,22413987,260.21,0.01087763,1
1506542635,22413985,260.28,0.05461927,1
1506542633,22413977,260.62,0.41900000,0
1506542630,22413967,260.28,0.04538073,1
1506542595,22413910,260.77,1.00126000,1
1506542589,22413898,260.21,0.97656250,1
1506542577,22413879,260.29,0.71311569,0
1506542577,22413878,260.28,0.06663051,0
1506542573,22413876,260.29,1.30040467,0
1506542567,22413865,260.29,0.36776568,0
1506542563,22413859,260.29,0.28601396,0
1506542563,22413858,260.30,0.33270000,1
1506542562,22413857,260.56,0.10123580,1
1506542561,22413853,260.56,1.16163594,0
1506542561,22413852,260.30,0.10000000,0
1506542561,22413851,260.30,0.10518834,0
1506542559,22413849,260.30,0.04714560,0
1506542558,22413848,260.30,0.12000000,0
1506542556,22413844,260.30,4.04862490,0
1506542554,22413838,260.30,1.00000000,0
1506542553,22413835,260.30,3.70061467,0
1506542553,22413833,260.30,1.00000000,0
1506542552,22413829,260.29,4.42709009,1
1506542552,22413828,260.29,0.21747564,1
1506542552,22413826,260.29,0.05893427,1
1506542548,22413811,260.30,0.61000800,0
1506542547,22413809,260.30,1.86088500,0
1506542546,22413808,260.30,0.55771878,0
1506542546,22413806,260.29,0.25268722,0
1506542544,22413800,260.29,0.05211278,0
1506542542,22413793,260.30,3.22808288,0
1506542542,22413791,260.30,0.05587476,0
1506542542,22413789,260.30,1.16163594,0
1506542541,22413787,260.30,7.95404100,0
1506542540,22413784,260.30,0.10000000,0
1506542540,22413782,260.33,2.05636405,1
1506542540,22413781,260.39,0.21047719,1
1506542540,22413779,260.40,0.07363287,1
1506542538,22413776,260.97,0.11883013,1
1506542538,22413774,260.97,0.10000000,0
1506542535,22413768,260.40,0.38068702,1
1506542529,22413764,260.39,0.10583333,0
1506542528,22413762,260.40,0.09000000,0
1506542527,22413758,261.00,0.19583333,0
1506542525,22413750,260.16,2.49432023,0
1506542525,22413748,260.16,0.54210598,0
1506542525,22413742,260.39,7.92809300,1
1506542524,22413741,260.40,11.66497299,0
1506542524,22413739,260.40,2.35396450,0
1506542524,22413737,260.88,4.94000000,0
1506542524,22413736,261.28,0.09172950,0
1506542522,22413734,261.29,0.07654330,1
1506542520,22413729,261.35,0.51499158,1
1506542520,22413728,261.50,0.11456979,1
1506542520,22413726,261.50,1.00000000,1
1506542520,22413724,261.50,9.71446455,1
1506542518,22413720,261.50,2.12151226,1
1506542518,22413718,261.50,0.26957506,1
1506542518,22413713,261.50,1.70745159,1
1506542515,22413705,261.50,0.61493397,1
1506542511,22413697,261.71,0.02633395,0
1506542511,22413695,261.60,0.12366605,0
1506542510,22413693,261.60,2.39070701,1
1506542510,22413691,261.60,9.69520000,1
1506542510,22413690,261.61,0.30480000,1
1506542508,22413676,261.60,0.07772204,1
1506542508,22413672,261.61,0.05198099,0
1506542506,22413659,261.60,19.05089017,1
1506542506,22413656,261.61,34.81617562,1
1506542504,22413637,261.61,0.66713000,0
1506542504,22413635,261.61,2.50349754,0
1506542504,22413633,261.61,0.05554996,0
1506542502,22413617,261.60,2.67069756,1
1506542501,22413615,261.60,0.30480000,1
1506542499,22413603,261.60,1.19252797,1
1506542498,22413591,261.60,0.17219113,1
1506542497,22413589,261.60,0.79606493,1
1506542495,22413582,261.62,0.02237004,1
1506542495,22413580,261.62,0.28242996,1
1506542493,22413578,261.61,0.07788549,1
1506542483,22413559,261.60,0.40215358,1
1506542483,22413555,261.71,0.38068702,0
1506542475,22413539,261.60,0.24704561,1
1506542474,22413536,261.70,0.07999239,1
1506542472,22413523,261.72,0.10000000,1
1506542469,22413508,262.45,5.85314702,1
1506542469,22413505,262.45,1.23415900,1
1506542468,22413502,262.45,11.81217670,1
1506542468,22413498,262.45,0.17520112,1
1506542467,22413495,262.45,1.50808310,1
1506542466,22413485,262.45,1.76777659,1
1506542466,22413482,262.45,1.58781157,1
1506542464,22413480,262.45,6.80007627,1
1506542464,22413478,262.45,1.03728500,1
1506542463,22413476,262.45,0.10000000,1
1506542462,22413474,262.45,1.00000000,0
1506542462,22413473,262.32,1.98027300,0
1506542462,22413472,261.98,3.46084154,0
1506542462,22413471,261.97,0.30470000,0
1506542462,22413470,261.95,0.23121917,0
1506542462,22413469,261.93,0.10000000,0
1506542462,22413468,261.92,3.44724992,0
1506542457,22413465,261.70,1.76000761,1
1506542457,22413464,261.71,0.08000000,1
1506542447,22413458,261.71,0.02000000,1
1506542426,22413445,261.98,0.91371622,0
1506542425,22413441,261.50,0.17219113,1
1506542425,22413440,262.39,2.17825848,0
1506542424,22413438,262.39,7.70013129,1
1506542424,22413437,262.39,2.21277224,1
1506542424,22413435,261.99,0.45000000,0
1506542423,22413429,261.98,0.10000000,0
1506542421,22413420,261.50,3.13855884,1
1506542421,22413419,261.57,0.23121917,1
1506542421,22413416,261.60,0.91800199,1
1506542420,22413413,261.60,0.36599801,1
1506542419,22413406,261.51,0.36618102,1
1506542417,22413400,261.50,2.12482808,1
1506542413,22413387,261.51,0.98856640,1
1506542412,22413379,261.55,0.00027612,1
1506542412,22413377,261.55,0.55221777,1
1506542409,22413368,261.56,1.40362263,1
1506542382,22413338,262.00,0.10000000,0
1506542382,22413336,261.78,2.71285846,1
1506542382,22413335,261.90,0.99270714,1
1506542381,22413334,262.00,0.08000000,1
1506542381,22413333,262.00,0.23443440,1
1506542381,22413332,262.01,5.98000000,1
1506542379,22413328,262.00,0.91678185,1
1506542379,22413327,262.01,0.10000000,1
1506542379,22413326,262.49,0.21443949,1
1506542379,22413324,262.49,0.10000000,0
1506542374,22413318,262.00,1.99210436,1
1506542374,22413316,262.01,0.10000000,1
1506542373,22413311,262.50,3.43201999,0
1506542373,22413310,262.30,3.83081061,0
1506542373,22413309,262.30,2.73716940,0
1506542372,22413305,262.50,1.64297142,0
1506542372,22413304,262.41,0.31539788,0
1506542371,22413303,262.36,0.20000000,0
1506542371,22413301,262.32,0.57733631,0
1506542370,22413298,262.30,3.86133817,0
1506542370,22413297,262.29,1.00727398,0
1506542369,22413292,262.30,0.00263057,0
1506542368,22413288,262.29,0.52033590,1
1506542367,22413287,262.29,0.48482700,0
1506542353,22413255,262.27,0.20000000,0
1506542352,22413254,262.27,0.07625438,0
1506542339,22413243,262.28,0.45627911,1
1506542339,22413242,262.28,0.10000000,1
1506542338,22413239,262.27,0.42397100,0
1506542329,22413236,261.89,3.64200520,1
1506542329,22413235,261.90,0.30470000,1
1506542329,22413234,262.01,0.10000000,1
1506542299,22413226,261.92,0.38356700,1
1506542298,22413225,262.30,1.13603126,0
1506542298,22413224,262.30,0.03000000,0
1506542296,22413217,262.00,5.00000000,0
1506542296,22413216,262.00,1.45094933,0
1506542295,22413208,262.00,0.64209400,0
1506542293,22413200,262.00,3.70970477,0
1506542279,22413152,262.00,2.03183206,0
1506542277,22413149,261.99,9.39602765,0
1506542266,22413142,261.99,3.00000000,0
1506542263,22413139,261.99,14.81735944,0
1506542263,22413138,261.98,0.30480000,0
1506542263,22413137,261.94,0.10967635,0
1506542261,22413136,261.90,0.00546965,0
1506542243,22413102,261.89,7.80000000,1
1506542239,22413096,261.89,0.19057219,0
1506542239,22413094,261.55,0.95719832,1
1506542237,22413093,261.57,1.23125740,1
1506542236,22413091,261.89,0.19027072,0
1506542194,22413054,261.89,7.15857802,0
1506542194,22413053,261.87,0.23093098,0
1506542193,22413052,261.86,1.98141600,0
1506542193,22413051,261.83,4.62085281,0
1506542191,22413048,261.55,0.31166400,0
1506542191,22413047,261.55,0.31166400,0
1506542191,22413046,261.55,0.31166400,0
1506542191,22413045,261.55,0.31166400,0
1506542179,22413016,261.87,5.21126413,1
1506542179,22413015,261.87,0.19672456,1
1506542179,22413013,261.84,2.40011142,0
1506542177,22413009,261.83,0.10000000,0
1506542175,22413004,261.84,0.70716150,0
1506542175,22413003,261.55,0.23093978,0
1506542175,22413002,261.54,0.06189872,0
1506542169,22412993,261.54,0.03812036,0
1506542106,22412870,261.50,0.09556958,1
1506542104,22412867,261.50,0.99499563,1
1506542101,22412859,261.50,2.16328869,1
1506542100,22412853,261.54,0.23093098,1
1506542098,22412850,261.55,0.10000000,1
1506542094,22412843,261.89,0.26641338,0
1506542094,22412841,261.87,0.10000000,0
1506542088,22412835,261.50,12.15410295,1
1506542088,22412834,261.52,1.00000000,1
1506542088,22412833,261.53,0.12397705,1
1506542086,22412830,261.88,0.01008438,0
1506542086,22412829,261.87,0.10000000,0
1506542083,22412822,261.60,0.10001066,1
1506542072,22412810,261.61,0.10000000,1
1506542065,22412805,261.60,1.89998934,1
1506542065,22412804,261.61,0.10000000,1
1506542040,22412767,261.57,0.88334092,0
1506542040,22412766,261.55,0.23092807,0
1506542040,22412765,261.55,1.51077201,0
1506542040,22412764,261.54,3.11083901,0
1506542020,22412715,261.54,0.86725226,1
1506542019,22412711,261.54,3.11083581,1
1506542019,22412710,261.54,7.21892100,1
1506542017,22412708,261.54,0.10000000,1
1506542014,22412701,261.55,1.51152743,1
1506542002,22412694,261.70,1.98175200,0
1506542002,22412693,261.69,0.10000000,0
1506541999,22412689,261.54,7.85798997,1
1506541999,22412688,261.54,0.06030800,1
1506541996,22412683,261.50,8.78722747,1
1506541996,22412681,261.50,2.76673040,1
1506541995,22412679,261.51,0.10000003,1
1506541995,22412676,261.51,0.13092804,1
1506541995,22412675,261.52,0.10000000,1
1506541992,22412663,261.54,0.10000000,1
1506541992,22412662,261.54,1.66578726,1
1506541953,22412637,261.89,0.02328511,0
1506541945,22412634,261.53,0.13300000,1
1506541945,22412633,261.53,0.10000000,1
1506541933,22412630,261.50,1.00000000,1
1506541898,22412613,261.90,1.99453035,0
1506541898,22412612,261.89,0.10000000,0
1506541886,22412603,261.40,2.97427292,1
1506541884,22412599,261.68,2.08744000,0
1506541884,22412598,261.40,0.13597933,0
1506541884,22412596,261.67,0.24872067,1
1506541882,22412593,261.71,0.10000000,1
1506541872,22412585,262.00,2.16541984,0
1506541872,22412583,261.98,0.01920339,0
1506541870,22412580,261.94,0.10000000,0
1506541858,22412562,261.67,0.17800000,1
1506541858,22412560,261.71,0.05500000,1
1506541852,22412548,261.71,0.04500000,1
1506541845,22412540,261.69,0.14990000,0
1506541837,22412528,261.99,0.23400000,0
1506541815,22412510,261.99,1.91326000,1
1506541814,22412509,261.99,0.10000000,0
1506541812,22412505,261.99,1.90427116,0
1506541807,22412500,261.33,5.99736292,0
1506541806,22412499,261.34,0.10000000,1
1506541794,22412488,261.29,0.30480000,1
1506541788,22412468,261.28,0.09900000,1
1506541788,22412466,261.58,0.13500000,1
1506541785,22412456,262.00,2.61893131,0
1506541779,22412430,261.75,0.31539788,0
1506541777,22412428,261.75,0.20722453,0
1506541774,22412426,261.90,1.77254677,1
1506541774,22412424,262.27,2.66259961,1
1506541774,22412423,262.27,45.09227132,1
1506541773,22412422,262.15,0.10298674,0
1506541773,22412420,262.15,6.55315222,1
1506541773,22412418,262.10,0.06500000,0
1506541772,22412416,262.07,0.31464889,0
1506541772,22412415,262.07,0.11200000,0
1506541772,22412412,262.07,0.49982818,1
1506541772,22412411,262.07,0.49703500,1
1506541771,22412410,262.00,0.50000000,0
1506541771,22412409,262.00,0.07871375,0
1506541771,22412408,261.90,5.71000000,0
1506541769,22412406,261.89,0.23000000,0
1506541764,22412398,261.89,0.28168960,0
1506541763,22412396,261.58,0.39344900,0
1506541762,22412393,261.02,0.01920339,1
1506541761,22412391,261.01,0.23400000,1
1506541759,22412384,261.90,0.22458953,1
1506541759,22412383,261.89,0.16858952,1
1506541757,22412380,261.89,1.44000000,0
1506541752,22412367,261.55,0.77133203,0
1506541752,22412365,261.55,0.02061450,0
1506541751,22412364,261.50,0.08909913,0
1506541745,22412340,261.02,1.63791449,0
1506541745,22412338,260.98,0.23133095,0
1506541741,22412328,261.50,4.01309409,0
1506541741,22412326,261.50,0.89780678,0
1506541740,22412324,261.42,0.09573658,0
1506541740,22412322,261.25,0.05000000,0
1506541739,22412320,261.25,0.23220000,0
1506541739,22412318,261.12,0.12415175,0
1506541739,22412317,261.02,1.98563100,0
1506541739,22412316,261.00,1.95048738,0
1506541736,22412315,260.99,1.00000000,0
1506541732,22412304,261.00,0.38084291,0
1506541729,22412292,261.00,0.29674848,0
1506541728,22412290,261.00,0.31630419,0
1506541728,22412289,261.00,2.05561704,0
1506541728,22412288,261.00,0.16283200,0
1506541727,22412283,261.00,0.10000000,0
1506541727,22412278,260.99,0.26758244,0
1506541718,22412232,260.89,1.98892100,0
1506541718,22412231,260.85,0.23000000,0
1506541718,22412230,260.73,5.00000000,0
1506541715,22412220,260.66,5.54939878,0
1506541714,22412218,260.60,2.00000000,0
1506541714,22412216,260.59,0.10000000,0
1506541712,22412212,260.19,0.66866905,1
1506541712,22412211,260.19,0.23133095,1
1506541712,22412210,260.20,0.10000000,1
1506541709,22412208,260.66,0.68983239,0
1506541708,22412203,260.66,0.00127100,0
1506541708,22412201,260.65,0.38134615,0
1506541701,22412181,260.66,20.24874362,0
1506541692,22412167,260.66,1.00126000,0
1506541689,22412158,260.66,0.31671044,0
1506541683,22412139,260.66,1.37967084,0
1506541681,22412134,260.66,1.14311293,0
1506541680,22412133,260.60,0.31850712,0
1506541680,22412132,260.30,0.03000000,0
1506541680,22412126,260.12,0.31908624,0
1506541679,22412123,260.00,0.15137124,0
1506541679,22412122,260.00,4.00000000,0
1506541678,22412121,260.00,0.12000000,0
1506541678,22412120,260.00,1.71792247,0
1506541674,22412109,260.00,2.66619230,0
1506541670,22412107,260.00,0.61588523,0
1506541670,22412106,260.00,0.45111539,0
1506541662,22412100,260.00,0.38134615,0
1506541659,22412099,260.00,0.05753846,0
1506541659,22412097,260.00,0.09725744,0
1506541659,22412096,260.00,4.00000000,0
1506541658,22412095,260.00,0.10000000,0
1506541658,22412094,260.00,0.76562500,0
1506541652,22412090,260.00,1.00000000,0
1506541647,22412085,260.00,0.10000000,0
1506541647,22412084,260.00,0.27000000,0
1506541647,22412083,260.00,0.51934771,0
1506541643,22412074,260.00,1.99500000,0
1506541641,22412071,260.00,0.31361000,0
1506541640,22412069,260.00,0.31368700,0
1506541628,22412054,259.98,0.50000000,1
1506541628,22412053,259.98,20.21378848,0
1506541611,22412036,259.98,0.21022000,0
1506541604,22412028,259.98,4.00000000,0
1506541604,22412027,259.98,0.38368336,0
1506541601,22412022,259.98,3.47215170,0
1506541600,22412017,259.98,2.21613201,0
1506541599,22412016,259.98,5.91987845,0
1506541598,22412012,259.98,17.45245700,0
1506541597,22412007,259.98,11.59480900,0
1506541596,22411995,259.92,0.23400000,1
1506541588,22411969,259.98,11.53688000,0
1506541584,22411955,259.97,2.70993152,0
1506541574,22411934,259.97,1.00000000,0
1506541574,22411933,259.90,2.13927345,0
1506541573,22411930,259.90,0.17399655,0
1506541573,22411928,259.74,0.00008123,0
1506541572,22411925,259.74,3.11381472,0
1506541569,22411911,259.74,0.17407780,0
1506541566,22411905,259.74,0.17407781,0
1506541566,22411903,259.74,13.73018300,0
1506541566,22411902,259.74,2.31327000,0
1506541564,22411896,259.74,0.81574375,0
1506541564,22411893,259.74,1.75225325,0
1506541563,22411886,259.74,13.67011600,0
1506541563,22411885,259.74,5.06002000,0
1506541561,22411881,259.74,3.46205200,0
1506541561,22411880,259.74,2.31327000,0
1506541555,22411870,259.74,3.68714869,0
1506541545,22411860,259.74,0.38763682,0
1506541539,22411851,259.74,1.00000000,0
1506541537,22411848,259.74,3.05339124,0
1506541537,22411847,259.74,6.94660876,0
1506541532,22411837,259.74,0.31251734,0
1506541515,22411830,259.74,1.89758989,0
1506541513,22411829,259.73,0.23173881,0
1506541513,22411828,259.73,0.09954954,0
1506541513,22411827,259.54,1.72807040,1
1506541513,22411826,259.60,1.97989291,1
1506541512,22411825,259.70,1.54011421,1
1506541502,22411813,259.73,0.70045046,1
1506541497,22411803,259.74,1.99160699,0
1506541491,22411790,259.74,2.40366000,0
1506541489,22411788,259.73,2.40000000,0
1506541475,22411751,259.70,0.00008602,0
1506541471,22411736,259.70,1.30362398,0
1506541469,22411725,259.69,0.50577900,0
1506541469,22411723,259.69,1.45805600,0
1506541469,22411721,259.68,0.10000000,0
1506541450,22411692,259.69,1.50975000,0
1506541449,22411689,259.43,0.30564723,1
1506541449,22411687,259.43,0.23173881,1
1506541448,22411686,259.43,0.10000000,1
1506541447,22411681,259.69,0.25545300,0
1506541446,22411678,259.69,1.51126400,0
1506541441,22411659,259.69,2.00000000,0
1506541437,22411652,259.69,0.20000000,0
1506541435,22411649,259.69,0.20000000,0
1506541435,22411648,259.69,0.20000000,0
1506541432,22411644,259.70,0.20000000,0
1506541411,22411585,259.70,1.49629000,0
1506541406,22411576,259.73,1.47848600,0
1506541406,22411575,259.73,0.01930000,0
1506541352,22411513,259.73,1.10000000,0
1506541343,22411496,259.73,0.13343294,0
1506541343,22411495,259.72,0.03506809,0
1506541343,22411494,259.69,0.03149897,0
1506541338,22411487,259.69,0.10000000,0
1506541338,22411486,259.68,0.10000000,0
1506541331,22411473,259.69,0.10000000,0
1506541331,22411472,259.68,0.10000000,0
1506541327,22411466,259.40,1.23853042,1
1506541327,22411465,259.41,0.10000000,1
1506541314,22411448,259.21,0.03506809,1
1506541313,22411447,259.31,0.23149897,1
1506541313,22411446,259.31,0.10000000,1
1506541294,22411415,259.73,0.09625380,0
1506541277,22411396,259.73,0.10000000,0
1506541276,22411395,259.73,0.10000000,0
1506541276,22411391,259.73,0.10000000,0
1506541275,22411389,259.73,0.02485691,0
1506541275,22411386,259.70,0.07514309,0
1506541273,22411384,259.70,0.10000000,0
1506541272,22411383,259.70,0.10000000,0
1506541271,22411382,259.70,0.10000000,0
1506541271,22411381,259.70,0.10000000,0
1506541269,22411379,259.70,0.10000000,0
1506541231,22411355,259.70,0.22220000,0
1506541227,22411351,259.70,2.20265691,0
1506541227,22411347,259.68,0.03499894,0
1506541226,22411343,259.67,5.44723616,0
1506541214,22411331,259.14,0.03499894,1
1506541214,22411330,259.55,3.22385098,1
1506541213,22411329,259.69,3.00126000,0
1506541211,22411325,259.55,7.45843839,1
1506541211,22411324,259.55,5.44181716,1
1506541201,22411307,259.55,4.19714178,1
1506541193,22411297,259.73,0.68530069,0
1506541191,22411294,259.73,0.91462032,0
1506541191,22411293,259.71,0.08537968,0
1506541163,22411244,259.74,1.80000000,0
1506541153,22411233,258.97,0.86466143,1
1506541151,22411227,259.73,0.13887498,0
1506541151,22411226,259.70,0.02998500,0
1506541150,22411225,259.57,0.10000000,0
1506541124,22411184,258.80,0.63049823,1
1506541122,22411181,258.80,11.45572387,1
1506541122,22411179,259.35,0.12415175,1
1506541122,22411178,259.37,2.16573639,1
1506541122,22411177,259.37,2.83426361,1
1506541122,22411176,259.50,0.21247371,1
1506541121,22411175,259.50,0.02238197,1
1506541116,22411167,259.50,0.76514432,1
1506541116,22411166,259.51,0.10000000,1
1506541114,22411161,259.74,0.18868737,0
1506541113,22411156,259.74,4.45932965,0
1506541113,22411154,259.74,0.55838036,1
1506541113,22411151,259.73,12.82126819,0
1506541111,22411144,259.70,0.38177606,0
1506541111,22411142,259.68,0.10000000,0
1506541086,22411095,259.40,0.22000179,1
1506541086,22411094,259.41,0.10000000,1
1506541080,22411078,259.73,7.48588740,0
1506541080,22411077,259.73,4.12540124,1
1506541079,22411075,259.71,0.58057445,0
1506541079,22411073,259.61,0.01925966,0
1506541078,22411072,259.58,0.30810000,0
1506541078,22411068,259.55,1.99471900,0
1506541078,22411067,259.50,2.04426278,0
1506541076,22411064,259.45,0.73362205,0
1506541063,22411054,259.50,0.20573722,0
1506541063,22411053,259.50,0.20779676,0
1506541063,22411052,259.45,0.32009988,0
1506541061,22411050,259.40,0.02060856,0
1506541051,22411045,259.40,0.71573055,0
1506541051,22411044,259.40,0.16672000,0
1506541051,22411043,259.40,0.80894655,0
1506541051,22411042,259.40,0.32046786,0
1506541051,22411041,259.40,1.28813504,0
1506541049,22411040,259.35,0.73633911,1
1506541048,22411039,259.35,0.16672000,1
1506541034,22411018,259.40,0.76160407,0
1506541034,22411017,259.40,0.32058059,0
1506541034,22411016,259.40,0.45000000,0
1506541033,22411014,259.40,0.00000500,0
1506541033,22411013,259.40,0.10000000,0
1506541033,22411012,259.40,0.10000000,0
1506541033,22411011,259.35,0.19105345,0
1506541031,22411005,259.01,0.00008657,0
1506541028,22410986,259.01,0.18640711,0
1506541027,22410985,258.98,0.32009988,1
1506541026,22410983,259.01,0.08870808,1
1506541025,22410982,259.35,0.80894655,1
1506541025,22410981,259.35,0.32046786,1
1506541019,22410966,259.35,0.32058059,1
1506541015,22410958,259.34,0.45000000,0
1506541015,22410957,259.23,0.00000500,0
1506541015,22410956,259.21,0.10000000,0
1506541010,22410934,259.21,0.50000000,1
1506541008,22410920,259.23,0.43999500,0
1506541005,22410910,259.20,0.10000000,1
1506540977,22410874,259.01,7.34209183,1
1506540969,22410863,259.01,5.46435699,1
1506540969,22410862,259.02,0.10000000,1
1506540969,22410860,259.03,1.28216797,1
1506540964,22410856,259.50,0.31802177,0
1506540964,22410853,259.50,0.03482657,1
1506540963,22410846,259.50,1.65107072,1
1506540961,22410839,259.50,1.66632414,0
1506540960,22410838,259.49,0.31986417,0
1506540960,22410837,259.20,0.27461960,0
1506540960,22410836,259.15,0.10000000,0
1506540955,22410832,259.01,0.02012625,1
1506540948,22410821,259.01,1.00000000,1
1506540944,22410817,259.01,0.04880801,1
1506540943,22410814,259.01,2.26891142,1
1506540940,22410811,258.90,1.79359466,1
1506540940,22410809,258.90,2.60241716,1
1506540940,22410807,258.93,0.80226315,1
1506540939,22410806,258.93,0.27690923,1
1506540936,22410801,258.93,0.08314650,1
1506540936,22410800,258.94,0.10000000,1
1506540931,22410777,258.90,0.14428998,1
1506540931,22410775,258.91,0.30810000,1
1506540929,22410769,258.93,0.04583399,1
1506540924,22410763,258.93,0.05416601,1
1506540908,22410755,259.20,0.31850712,0
1506540899,22410748,259.20,1.40687328,0
1506540899,22410747,259.02,0.27266926,0
1506540898,22410746,259.01,0.32045746,0
1506540876,22410700,259.00,0.04973911,0
1506540849,22410640,259.00,0.20420849,0
1506540849,22410639,259.00,0.04483300,0
1506540847,22410635,259.00,0.38177606,0
1506540844,22410626,259.00,1.80000000,0
1506540843,22410622,259.00,1.29581400,0
1506540842,22410619,259.00,0.02675676,0
1506540800,22410603,258.69,0.07860605,1
1506540783,22410595,258.66,0.10364115,1
1506540753,22410539,258.64,2.28111313,1
1506540738,22410499,259.00,1.39687258,0
1506540738,22410498,259.00,0.50000000,0
1506540738,22410497,259.00,0.10312742,0
1506540728,22410488,259.00,0.39687258,0
1506540728,22410487,259.00,0.50000000,0
1506540728,22410486,258.99,0.12000000,1
1506540726,22410484,258.99,0.10000000,0
1506540721,22410475,258.99,0.10000000,0
1506540691,22410468,258.72,1.00889508,1
1506540684,22410465,258.72,0.97672714,1
1506540684,22410464,258.73,0.10000000,1
1506540679,22410462,258.75,3.00000000,1
1506540679,22410461,258.97,0.46695311,1
1506540679,22410459,258.97,3.00185529,1
1506540677,22410458,258.97,0.10000000,0
1506540650,22410439,258.72,0.02000000,1
1506540650,22410438,258.73,0.10000000,1
1506540637,22410423,258.72,0.88897421,1
1506540635,22410409,258.72,0.02000000,1
1506540635,22410408,258.73,0.10000000,1
1506540612,22410348,258.98,1.87631477,0
1506540612,22410347,258.98,0.72368523,0
1506540593,22410336,258.98,0.27631477,0
1506540593,22410335,258.90,0.10849825,0
1506540592,22410334,258.70,0.00000580,0
1506540590,22410332,258.70,0.19999420,0
1506540590,22410331,258.70,0.04864067,0
1506540590,22410330,258.70,0.00985213,0
1506540576,22410318,258.70,0.14150720,0
1506540576,22410317,258.70,0.20000000,0
1506540576,22410316,258.70,0.20000000,0
1506540576,22410315,258.70,0.20000000,0
1506540576,22410314,258.70,0.20000000,0
1506540576,22410313,258.70,0.20000000,0
1506540575,22410312,258.70,0.10000000,0
1506540575,22410311,258.70,0.10000000,0
1506540575,22410310,258.70,1.06896019,0
1506540575,22410309,258.69,0.18953261,0
1506540568,22410300,258.69,0.19273500,0
1506540541,22410278,258.70,0.20429068,0
1506540539,22410275,258.70,0.12674913,0
1506540538,22410269,258.27,0.44363415,1
1506540538,22410267,258.50,0.20000000,1
1506540538,22410266,258.50,0.04864067,1
1506540538,22410265,258.51,0.30638185,1
1506540519,22410243,258.51,0.24149251,0
1506540519,22410242,258.51,0.45212564,0
1506540519,22410241,258.50,0.15135933,1
1506540508,22410229,258.50,0.20000000,1
1506540508,22410228,258.50,0.20000000,1
1506540508,22410226,258.50,0.20000000,1
1506540508,22410225,258.50,0.20000000,1
1506540507,22410224,258.50,0.20000000,1
1506540507,22410221,258.50,0.10000000,1
1506540496,22410208,258.51,0.38226761,0
1506540485,22410192,258.50,0.10000000,0
1506540459,22410181,258.51,0.06560675,0
1506540457,22410177,258.51,0.10000000,1
1506540451,22410172,258.86,0.23008617,1
1506540450,22410171,258.85,0.16325385,0
1506540398,22410123,258.86,29.48725179,0
1506540398,22410122,258.85,0.90000000,1
1506540397,22410120,258.84,0.28900000,0
1506540397,22410119,258.78,3.94000000,1
1506540395,22410115,258.78,3.94000000,0
1506540383,22410063,258.80,0.37604327,0
1506540383,22410062,258.79,1.51277472,0
1506540383,22410061,258.79,0.10000000,1
1506540381,22410047,258.30,0.09294026,0
1506540378,22410045,257.63,0.27266926,1
1506540378,22410044,257.77,0.02875409,1
1506540378,22410043,257.80,0.09294026,1
1506540373,22410041,258.44,0.02000000,0
1506540373,22410039,258.43,0.10000000,0
1506540371,22410038,257.83,0.91565248,1
1506540366,22410035,257.80,0.30900000,0
1506540366,22410034,258.00,0.07351000,1
1506540362,22410031,258.55,0.79082605,1
1506540362,22410030,258.56,0.10000000,1
1506540359,22410028,258.55,1.26000000,1
1506540359,22410027,258.58,0.10000000,1
1506540350,22410019,258.56,2.00013200,0
1506540346,22410012,258.86,18.00401761,0
1506540346,22410011,258.85,5.21360368,0
1506540346,22410010,258.84,1.07000000,1
1506540345,22410009,258.78,2.00252400,0
1506540345,22410008,258.55,4.10630923,0
1506540345,22410007,258.55,5.62000000,1
1506540344,22410006,258.51,2.55332483,0
1506540342,22410005,258.50,0.38225242,0
1506540342,22410003,258.22,2.37217000,0
1506540342,22410002,258.00,0.22649000,1
1506540341,22409999,258.50,0.20000000,1
1506540330,22409980,258.44,0.20000000,0
1506540326,22409978,258.45,0.31908624,0
1506540324,22409975,258.50,0.20000000,1
1506540323,22409973,258.55,0.02500000,0
1506540321,22409972,258.85,0.27475371,1
1506540320,22409970,258.70,0.15000000,0
1506540320,22409967,258.58,0.26696457,0
1506540320,22409966,258.58,0.05402534,0
1506540320,22409965,258.58,4.13078354,1
1506540319,22409964,258.55,0.07950000,0
1506540319,22409963,258.50,0.15000000,0
1506540318,22409962,258.47,1.00000000,0
1506540318,22409961,258.42,2.00000000,0
1506540318,22409960,258.40,1.68501625,0
1506540318,22409959,258.40,0.20000000,0
1506540317,22409956,258.30,0.10000000,0
1506540317,22409955,258.09,2.00418200,1
1506540317,22409954,258.06,4.13024103,1
1506540314,22409952,258.06,0.20000000,0
1506540307,22409949,258.07,0.10000000,0
1506540304,22409947,258.05,0.10000000,0
1506540300,22409945,258.05,0.10000000,0
1506540294,22409944,257.51,1.78752843,1
1506540294,22409943,257.70,0.10000000,1
1506540292,22409941,257.81,0.10000000,1
1506540229,22409909,258.09,0.31986417,0
1506540227,22409908,257.40,3.68239874,0
1506540226,22409907,257.50,0.38225242,1
1506540223,22409902,258.40,0.77205882,0
1506540222,22409899,258.40,2.15348297,0
1506540222,22409898,258.35,0.45000000,0
1506540222,22409897,258.35,3.36272763,1
1506540222,22409896,258.35,0.69700000,1
1506540221,22409895,258.30,0.15000000,0
1506540221,22409894,258.30,0.03000000,0
1506540221,22409893,258.24,0.32060989,0
1506540221,22409891,258.12,0.06804908,0
1506540221,22409890,258.12,0.04994157,0
1506540220,22409889,258.10,0.15000000,0
1506540220,22409888,258.06,2.00484900,0
1506540220,22409887,258.00,2.34376157,1
1506540218,22409886,258.00,6.76910097,0
1506540206,22409882,258.03,0.23299202,0
1506540206,22409881,257.91,0.11628142,0
1506540206,22409880,257.90,0.15000000,0
1506540206,22409879,257.70,0.36572656,0
1506540202,22409878,257.70,1.93538999,0
1506540196,22409872,257.70,7.69888345,0
1506540195,22409870,257.70,0.15000000,0
1506540195,22409869,257.68,2.00668000,0
1506540195,22409867,257.49,7.59932155,0
1506540186,22409850,257.49,9.47308200,0
1506540179,22409843,257.49,0.04703300,0
1506540170,22409839,257.49,1.00000000,0
1506540137,22409812,257.40,0.10000000,1
1506540100,22409781,257.40,0.23885004,1
1506540099,22409780,257.40,0.64197990,1
1506540098,22409778,257.40,0.84106843,0
1506540098,22409777,257.39,1.17507488,0
1506540097,22409776,256.90,1.00000000,0
1506540097,22409774,256.87,0.20896155,0
1506540090,22409764,256.87,1.27544796,0
1506540090,22409763,256.87,8.02614600,1
1506540089,22409762,257.36,1.83814113,1
1506540089,22409761,257.36,0.10000000,0
1506540088,22409759,257.09,1.17507488,1
1506540087,22409757,257.11,1.22147843,1
1506540087,22409755,257.13,0.10000000,1
1506540014,22409664,257.06,1.99672514,1
1506540014,22409663,257.06,0.10000000,1
1506540000,22409649,257.40,0.28213200,0
1506539981,22409641,257.49,3.92485400,0
1506539980,22409640,257.48,2.00741500,0
1506539972,22409634,257.48,1.25230159,0
1506539972,22409633,257.47,5.00000000,0
1506539972,22409632,257.37,2.00739400,0
1506539972,22409631,257.35,19.26003539,0
1506539971,22409630,257.20,1.86200046,0
1506539943,22409606,257.20,2.25276000,0
1506539936,22409600,257.20,1.86200000,0
1506539914,22409580,257.20,1.38819619,0
1506539914,22409579,257.15,2.33631281,0
1506539887,22409557,257.15,0.50000000,0
1506539864,22409536,257.15,3.54049100,0
1506539834,22409522,257.19,0.52843346,1
1506539826,22409516,257.19,0.47156654,0
1506539801,22409495,257.10,1.56128094,0
1506539801,22409494,257.10,1.70977085,0
1506539801,22409493,256.97,0.25084621,0
1506539800,22409492,256.95,0.10000000,0
1506539793,22409489,256.80,0.90981392,1
1506539793,22409488,256.80,0.06804908,1
1506539793,22409487,256.80,0.04994157,1
1506539792,22409486,256.81,0.10000000,1
1506539788,22409480,257.20,31.63910200,0
1506539788,22409479,257.19,3.63070000,0
1506539786,22409477,257.19,0.38840000,0
1506539770,22409460,257.19,0.98090000,0
1506539770,22409459,257.10,1.26500000,0
1506539766,22409456,257.10,0.73500000,0
1506539766,22409455,257.09,0.10000000,0
1506539735,22409437,256.83,0.05769895,1
1506539628,22409386,257.50,0.29798058,0
1506539628,22409385,257.50,1.90000000,0
1506539628,22409384,257.37,1.07362219,0
1506539628,22409383,257.34,0.10017130,0
1506539627,22409382,257.30,0.10000000,0
1506539627,22409381,257.30,0.10000000,0
1506539627,22409380,257.30,0.10000000,0
1506539627,22409379,257.30,0.07533080,0
1506539627,22409378,257.30,0.02466920,0
1506539627,22409377,257.30,0.10000000,0
1506539626,22409376,257.30,0.10000000,0
1506539626,22409375,257.30,0.10000000,0
1506539626,22409374,257.30,4.00000000,0
1506539626,22409373,257.10,0.95967518,0
1506539626,22409372,257.10,0.16233400,0
1506539625,22409370,257.05,2.00822900,0
1506539619,22409367,256.60,0.21338651,1
1506539618,22409366,256.78,4.71204923,1
1506539618,22409365,257.00,1.07456426,1
1506539616,22409364,257.04,2.00000000,1
1506539596,22409357,257.00,1.92543574,0
1506539592,22409354,257.00,0.25000000,0
1506539589,22409353,257.00,0.53300000,0
1506539577,22409342,257.00,7.29156426,0
1506539576,22409341,257.00,2.00000000,0
1506539576,22409340,256.97,0.41144900,0
1506539576,22409339,256.97,1.18766639,0
1506539576,22409338,256.60,0.48332035,0
1506539575,22409337,256.60,0.01664068,0
1506539573,22409335,256.53,0.10000000,0
1506539539,22409309,256.50,2.47220700,1
1506539537,22409305,257.00,0.66233361,1
1506539536,22409304,256.97,0.10000000,0
1506539533,22409301,256.50,1.54134600,1
1506539533,22409300,256.51,0.10000000,1
1506539526,22409292,256.50,0.20550900,1
1506539524,22409286,256.98,0.10000000,0
1506539521,22409279,256.50,1.05000000,1
1506539520,22409278,256.51,0.10000000,1
1506539520,22409277,256.52,1.85000000,1
1506539506,22409273,256.50,0.30400000,1
1506539505,22409269,256.50,3.98270000,1
1506539502,22409266,256.98,0.10000000,0
1506539500,22409264,256.50,0.25273222,1
1506539500,22409263,256.58,0.98094364,1
1506539500,22409262,256.59,0.10000000,1
1506539500,22409261,256.79,1.66632414,1
1506539497,22409259,257.10,0.72365782,0
1506539496,22409258,257.10,1.66632414,0
1506539496,22409257,256.99,1.67466920,0
1506539494,22409255,256.58,0.03000000,1
1506539494,22409254,256.61,1.10000000,1
1506539494,22409253,256.61,1.78000000,1
1506539494,22409252,256.62,0.10000000,1
1506539493,22409251,256.99,0.10000000,0
1506539490,22409250,256.61,0.10000000,1
1506539488,22409249,256.61,1.00000000,1
1506539487,22409248,256.99,0.07533080,0
1506539487,22409247,256.98,0.02466920,0
1506539485,22409246,256.61,0.10000000,1
1506539485,22409245,256.61,1.68333269,0
1506539484,22409244,256.59,0.10000000,0
1506539470,22409236,256.58,3.01000000,1
1506539468,22409233,256.58,3.00000000,1
1506539462,22409226,256.58,1.00000000,1
1506539458,22409222,256.58,11.23905636,1
1506539448,22409219,256.50,0.95784700,1
1506539446,22409215,256.50,1.44235900,1
1506539446,22409214,256.50,1.67177800,1
1506539446,22409213,256.60,0.50000000,1
1506539444,22409206,256.50,3.01000000,1
1506539438,22409202,256.58,1.20859900,0
1506539437,22409200,256.58,0.85000000,1
1506539437,22409199,256.58,0.85000000,1
1506539437,22409198,256.58,0.15000000,1
1506539436,22409197,256.58,2.94140100,1
1506539434,22409193,256.58,0.84800000,1
1506539429,22409188,256.58,0.15059900,1
1506539425,22409184,256.58,2.95000000,1
1506539425,22409183,256.58,0.99413700,1
1506539419,22409177,256.58,1.90586300,1
1506539419,22409176,256.58,1.04000000,1
1506539419,22409175,256.59,0.05413700,1
1506539412,22409167,256.59,0.04586300,1
1506539402,22409153,256.58,2.90000000,1
1506539402,22409152,256.75,0.10000000,1
1506539391,22409110,257.00,0.10000000,0
1506539382,22409106,257.00,0.10000000,0
1506539379,22409105,256.99,0.10000000,0
1506539327,22409053,256.55,0.02466920,1
1506539327,22409052,256.86,0.10017130,1
1506539326,22409048,257.03,0.10000000,1
1506539266,22408965,257.37,0.10000000,0
1506539236,22408931,257.37,1.57963684,1
1506539235,22408930,257.11,2.00871500,1
1506539235,22408929,257.10,0.14994200,0
1506539235,22408927,257.09,0.03890000,0
1506539234,22408925,257.00,0.22406616,0
1506539223,22408920,257.00,1.85000000,0
1506539209,22408908,257.00,0.66813229,0
1506539209,22408906,256.99,1.85000000,0
1506539209,22408903,256.90,2.67114042,0
1506539208,22408902,256.89,0.10000000,1
1506539207,22408900,256.89,0.10000000,0
1506539178,22408882,256.51,1.25230159,1
1506539178,22408881,256.51,0.10000000,1
1506539147,22408853,257.00,0.25780155,0
1506539147,22408852,256.99,0.11404245,0
1506539146,22408850,256.50,0.34298433,1
1506539146,22408849,256.51,0.02860000,1
1506539144,22408843,256.55,0.10000000,1
1506539121,22408800,257.08,0.10000000,0
1506539117,22408792,257.10,0.81139634,1
1506539116,22408790,256.85,0.18202288,0
1506539116,22408789,256.85,1.82763612,0
1506539116,22408788,256.85,1.17362388,0
1506539114,22408782,256.84,0.14633494,0
1506539114,22408780,256.82,0.10000000,0
1506539112,22408774,256.50,0.57082800,1
1506539112,22408771,256.50,3.00000000,1
1506539111,22408770,256.83,0.10000000,0
1506539109,22408767,256.50,1.24000000,1
1506539109,22408766,256.50,0.15000000,1
1506539109,22408765,256.51,1.46000000,1
1506539109,22408763,256.70,0.15000000,1
1506539108,22408762,256.83,0.10000000,0
1506539107,22408755,256.83,0.10000000,0
1506539104,22408750,256.71,0.10000000,0
1506539099,22408729,256.71,2.39000000,1
1506539098,22408725,256.85,0.32060989,1
1506539098,22408724,257.10,14.70529623,1
1506539096,22408720,257.11,1.17362219,1
1506539092,22408694,257.58,0.10000000,0
1506539058,22408656,257.10,1.16618000,1
1506539057,22408654,257.11,2.55000000,1
1506539057,22408650,257.12,0.41557456,1
1506539048,22408631,257.10,16.70086300,1
1506539046,22408627,257.10,3.00000000,1
1506539045,22408625,257.10,3.72970000,1
1506539045,22408624,257.11,0.31030000,1
1506539045,22408623,257.11,0.10000000,1
1506539041,22408613,257.12,5.65443400,1
1506539041,22408612,257.29,0.10000000,1
1506539009,22408566,257.80,0.32885958,0
1506538998,22408534,257.79,1.00000000,0
1506538970,22408503,257.84,0.93926356,0
1506538945,22408478,257.90,0.09972858,0
1506538905,22408454,256.87,1.00000000,0
1506538905,22408453,256.87,3.57622568,1
1506538901,22408449,256.70,7.05020309,0
1506538900,22408447,256.80,0.30000000,1
1506538900,22408446,256.90,0.15000000,1
1506538900,22408445,257.00,0.03800000,1
1506538899,22408444,257.10,0.15000000,1
1506538899,22408443,257.10,0.11628142,0
1506538899,22408442,257.19,0.26696457,1
1506538898,22408441,257.30,0.15000000,1
1506538898,22408440,257.30,3.00000000,0
1506538898,22408439,257.40,0.30000000,1
1506538898,22408438,257.41,3.45000000,1
1506538897,22408437,257.47,0.30000000,1
1506538897,22408436,257.50,2.00000000,1
1506538897,22408435,257.50,0.15000000,1
1506538896,22408434,257.70,0.10849825,1
1506538896,22408433,257.98,0.00005267,1
1506538891,22408425,258.15,1.45551431,0
1506538891,22408424,258.08,0.32160872,0
1506538889,22408423,258.00,0.20104651,0
1506538886,22408419,257.98,13.38887600,1
1506538886,22408418,257.98,5.24687103,1
1506538885,22408416,257.98,0.49135589,1
1506538881,22408407,258.00,0.73333333,1
1506538881,22408406,258.00,0.03989770,0
1506538881,22408405,258.00,0.26010230,0
1506538881,22408404,258.00,0.30000000,0
1506538881,22408403,258.00,0.30000000,0
1506538881,22408402,258.00,0.30000000,0
1506538879,22408400,258.00,0.30000000,0
1506538879,22408399,258.00,0.30000000,0
1506538879,22408398,258.00,0.30000000,0
1506538879,22408397,257.99,0.63071290,0
1506538874,22408389,257.98,1.18000000,1
1506538867,22408378,257.97,0.49137500,0
1506538863,22408364,257.99,1.17874844,1
1506538863,22408362,258.00,1.60038759,1
1506538861,22408358,257.98,1.18003100,0
1506538853,22408344,257.98,0.30000000,0
1506538851,22408343,257.98,0.30000000,0
1506538843,22408339,257.98,6.00000000,0
1506538841,22408338,257.98,0.23989770,0
1506538841,22408336,257.90,0.06010230,0
1506538840,22408335,257.90,0.03989770,1
1506538831,22408332,257.98,0.30000000,0
1506538825,22408323,257.98,0.30000000,0
1506538820,22408314,257.98,0.30000000,0
1506538817,22408302,257.98,10.00126000,0
1506538815,22408299,257.98,0.30000000,0
1506538810,22408287,257.98,0.30000000,0
1506538790,22408214,257.80,0.26010230,0
1506538787,22408211,257.80,3.76596370,0
1506538786,22408210,257.80,0.54753513,0
1506538775,22408200,257.80,0.00002187,1
1506538772,22408189,257.80,4.57364800,1
1506538772,22408188,257.80,5.79442725,1
1506538768,22408182,257.80,1.05415564,1
1506538765,22408177,257.80,1.94000000,1
1506538765,22408175,257.80,2.55531900,0
1506538755,22408165,257.79,0.30000000,0
1506538748,22408146,257.79,0.30000000,0
1506538747,22408145,257.90,0.30000000,1
1506538746,22408144,257.98,4.46581130,0
1506538745,22408143,257.97,11.89700000,0
1506538745,22408142,257.97,3.00000000,1
1506538745,22408141,257.96,0.12000000,0
1506538745,22408140,257.96,14.87000000,0
1506538745,22408139,257.96,2.10245337,1
1506538744,22408138,257.90,2.69280902,0
1506538744,22408137,257.89,4.89790000,0
1506538744,22408136,257.89,0.09950000,1
1506538743,22408135,257.82,0.24000000,0
1506538743,22408134,257.82,0.20690197,1
1506538743,22408130,257.80,0.11756174,0
1506538743,22408129,257.80,9.75300702,0
1506538742,22408128,257.80,3.30297366,0
1506538742,22408126,257.80,2.93559043,0
1506538742,22408123,257.79,3.98000000,0
1506538742,22408121,257.79,9.93189800,1
1506538741,22408119,257.73,8.84411012,0
1506538741,22408116,257.73,0.09950000,1
1506538740,22408113,257.72,0.09950000,1
1506538739,22408110,257.72,2.58792000,0
1506538731,22408099,257.73,0.40588988,0
1506538731,22408098,257.67,2.53283891,0
1506538729,22408093,257.52,2.86968400,0
1506538727,22408090,257.67,3.44716109,0
1506538727,22408088,257.47,1.72000000,0
1506538725,22408086,257.45,4.90357700,0
1506538714,22408022,257.47,0.30000000,0
1506538713,22408021,257.47,0.30000000,0
1506538702,22408009,257.47,0.30000000,0
1506538697,22408007,257.47,0.38000000,0
1506538681,22407983,257.49,5.00000000,0
1506538669,22407966,257.54,1.00000000,1
1506538668,22407965,257.54,0.32045746,0
1506538666,22407946,257.38,2.82228611,0
1506538666,22407944,257.38,0.21502800,0
1506538666,22407942,257.26,0.05402534,0
1506538664,22407937,257.20,1.00000000,0
1506538663,22407933,257.19,0.05402534,0
1506538656,22407927,257.00,10.00000000,1
1506538655,22407926,257.19,0.02373818,0
1506538652,22407919,257.16,0.27070547,0
1506538652,22407918,257.10,0.15000000,0
1506538652,22407917,257.06,0.45000000,0
1506538652,22407915,257.01,0.58738143,0
1506538643,22407885,257.00,1.35377500,0
1506538643,22407884,257.00,0.99738500,0
1506538643,22407882,257.00,0.19222500,0
1506538643,22407881,257.00,0.04477808,0
1506538643,22407880,257.00,0.10522192,0
1506538643,22407879,257.00,0.09900000,0
1506538642,22407878,257.00,1.00000000,0
1506538642,22407876,256.99,1.00000000,0
1506538642,22407875,256.98,2.73695136,0
1506538632,22407865,256.97,2.50000000,0
1506538630,22407862,256.98,7.14028900,0
1506538629,22407860,256.97,0.24000000,0
1506538627,22407855,256.98,19.81733172,0
1506538627,22407854,256.97,0.28000000,0
1506538627,22407853,256.97,12.49254200,0
1506538627,22407852,256.96,0.78578628,0
1506538619,22407825,256.61,0.02435130,1
1506538619,22407823,256.61,0.02472338,1
1506538598,22407779,256.96,1.09369500,0
1506538597,22407778,256.96,0.65402788,0
1506538590,22407769,256.96,0.54895704,0
1506538580,22407758,256.96,1.00126000,0
1506538559,22407729,256.97,2.00000000,0
1506538547,22407717,256.97,2.16869600,0
1506538543,22407712,256.97,3.33876200,0
1506538543,22407710,256.97,0.48000000,0
1506538531,22407705,256.98,4.43265931,0
1506538531,22407703,256.98,13.98000000,0
1506538522,22407691,256.97,0.57000000,1
1506538522,22407690,256.97,2.98800000,0
1506538522,22407689,256.87,6.33604071,0
1506538520,22407687,256.90,5.00000000,0
1506538520,22407686,256.90,0.15000000,0
1506538512,22407673,256.58,0.78468601,1
1506538512,22407672,256.60,3.00000000,1
1506538512,22407671,256.70,0.30175930,1
1506538508,22407664,256.90,0.15000000,0
1506538508,22407663,256.90,0.48331058,0
1506538508,22407662,256.80,0.60909552,0
1506538494,22407647,256.80,0.39090448,0
1506538487,22407629,256.79,0.33346594,0
1506538480,22407623,256.55,1.36231856,0
1506538480,22407622,256.55,0.08558455,0
1506538480,22407621,256.54,0.29857527,0
1506538480,22407620,256.54,1.45549173,0
1506538477,22407610,256.54,0.24593300,0
1506538476,22407600,256.55,0.99999500,0
1506538475,22407598,256.55,0.78330500,0
1506538475,22407597,256.55,2.96314100,0
1506538475,22407595,256.55,0.11247106,0
1506538475,22407594,256.54,3.19502694,0
1506538475,22407592,256.54,0.29999500,0
1506538472,22407586,256.54,5.66603500,1
1506538471,22407583,256.55,10.44000000,0
1506538470,22407581,256.54,0.67000000,1
1506538467,22407574,256.55,9.74194000,0
1506538466,22407570,256.56,3.31803983,1
1506538465,22407569,256.56,0.19320500,1
1506538463,22407568,256.75,0.05000000,0
1506538463,22407567,256.70,0.15000000,0
1506538462,22407566,256.70,0.15000000,0
1506538462,22407565,256.69,1.45019353,0
1506538462,22407564,256.69,1.85731000,0
1506538461,22407558,256.69,3.94794032,0
1506538456,22407552,256.59,0.25096937,0
1506538437,22407516,256.69,0.32146070,0
1506538437,22407515,256.69,0.25096937,0
1506538436,22407513,256.69,1.58237045,0
1506538429,22407504,256.69,3.70126000,0
1506538426,22407493,256.69,0.95905000,0
1506538421,22407477,256.69,3.29779800,0
1506538421,22407475,256.68,1.01000000,0
1506538404,22407427,256.68,0.19595459,0
1506538403,22407424,256.69,0.32160872,0
1506538400,22407419,256.69,0.09153064,0
1506538400,22407418,256.69,1.12253397,0
1506538398,22407417,256.69,3.09597430,0
1506538398,22407415,256.62,0.32282895,0
1506538398,22407414,256.62,0.50000000,0
1506538398,22407413,256.56,0.69129675,0
1506538398,22407411,256.49,0.38990000,0
1506538396,22407406,256.35,4.32286462,1
1506538396,22407405,256.35,1.63785677,1
1506538395,22407403,256.35,0.72917755,0
1506538395,22407402,256.35,0.27082245,0
1506538395,22407401,256.34,1.23000000,0
1506538394,22407399,256.30,0.03000000,0
1506538394,22407398,256.23,0.24068387,0
1506538394,22407395,256.23,0.08324710,0
1506538393,22407393,256.20,1.27068392,0
1506538382,22407360,256.13,0.12560000,0
1506538382,22407359,256.00,0.37437344,0
1506538371,22407336,256.00,2.99941406,0
1506538354,22407292,256.00,6.64080969,0
1506538351,22407286,256.00,5.00000000,0
1506538351,22407285,255.99,5.00000000,0
1506538347,22407271,256.00,4.98540281,0
1506538347,22407269,256.00,0.10000000,0
1506538347,22407267,256.00,3.17459719,0
1506538347,22407266,255.99,1.74000000,0
1506538336,22407258,256.00,1.11318002,0
1506538336,22407257,256.00,5.00000000,0
1506538336,22407256,256.00,3.88681998,0
1506538314,22407239,255.99,0.97023321,0
1506538309,22407230,256.00,0.97410156,0
1506538308,22407229,256.00,0.55262539,0
1506538306,22407228,256.00,0.03906250,0
1506538290,22407207,256.00,1.15511600,0
1506538288,22407204,256.00,0.35245786,0
1506538288,22407203,255.99,1.00000000,0
1506538288,22407201,255.98,0.15516214,0
1506538287,22407198,255.95,2.85646200,0
1506538282,22407191,255.95,0.14353800,0
1506538273,22407177,255.70,2.05506504,0
1506538272,22407176,255.70,0.18086942,0
1506538272,22407175,255.60,2.05506458,0
1506538252,22407111,255.60,0.02000000,0
1506538239,22407093,255.68,1.00000000,1
1506538219,22407083,255.70,0.69430253,0
1506538218,22407082,255.70,0.21484256,0
1506538218,22407081,255.68,0.78300656,0
1506538217,22407079,255.68,0.09607560,0
1506538214,22407063,255.68,2.76056600,0
1506538213,22407060,255.30,0.11736264,0
1506538213,22407059,255.15,1.00000000,0
1506538211,22407056,255.14,1.00070000,0
1506538207,22407037,253.99,2.77753480,0
