date,tid,price,amount,type
1506556856,22426744,310.39,2.66087300,0
1506556855,22426743,310.38,0.25800000,0
1506556640,22426697,310.35,1.44738659,0
1506556640,22426695,310.34,1.93336341,0
1506556640,22426694,310.34,0.09460000,0
1506556620,22426693,308.90,9.29200000,1
1506556620,22426692,308.92,0.05000000,1
1506556620,22426691,308.92,0.05000000,1
1506556619,22426690,308.92,0.05000000,1
1506556619,22426689,308.99,0.10000000,1
1506556619,22426688,309.03,0.10000000,1
1506556617,22426687,309.14,0.10000000,1
1506556617,22426686,309.15,0.25800000,1
1506556537,22426644,309.22,0.25800000,0
1506556536,22426643,309.22,0.05000000,1
1506556536,22426641,309.22,0.05000000,1
1506556536,22426640,309.22,0.05000000,1
1506556536,22426639,309.28,0.10000000,1
1506556536,22426637,309.47,0.05000000,1
1506556536,22426636,309.47,0.05000000,1
1506556536,22426635,309.47,0.05000000,1
1506556536,22426633,309.48,0.10000000,1
1506556535,22426631,309.67,0.05000000,1
1506556535,22426630,309.67,0.05000000,1
1506556535,22426629,309.67,0.05000000,1
1506556535,22426628,309.68,1.00000000,1
1506556503,22426613,309.68,3.00000000,0
1506556480,22426610,309.82,0.05000000,1
1506556480,22426609,309.82,0.05000000,1
1506556480,22426608,309.82,0.05000000,1
1506556467,22426604,310.20,0.01710120,0
1506556412,22426581,309.92,0.07723804,1
1506556386,22426571,309.92,0.67276196,1
1506556287,22426562,309.92,0.25000000,1
1506556154,22426517,309.92,1.00000000,1
1506555967,22426400,310.03,0.03000000,1
1506555966,22426398,310.03,0.03000000,1
1506555960,22426393,310.02,0.20297000,1
1506555956,22426390,310.00,0.20294204,1
1506555909,22426364,309.66,0.13590000,1
1506555872,22426351,310.34,0.16200000,0
1506555872,22426350,310.34,0.25800000,0
1506555841,22426340,310.24,0.03000000,0
1506555841,22426339,310.23,0.18000000,0
1506555838,22426334,310.22,0.75098318,0
1506555837,22426332,309.50,0.84262000,1
1506555837,22426331,309.54,0.25800000,1
1506555837,22426330,309.63,0.10000000,1
1506555814,22426325,310.15,3.45574600,0
1506555788,22426318,310.15,0.02035541,1
1506555786,22426317,310.15,27.34235099,1
1506555783,22426312,310.15,15.29142000,1
1506555774,22426306,310.15,4.99993552,1
1506555773,22426305,310.15,6.55598100,1
1506555770,22426303,310.16,0.25660000,0
1506555768,22426301,310.15,5.00009400,1
1506555766,22426297,310.15,68.54862900,1
1506555765,22426294,310.15,14.88569546,1
1506555759,22426292,310.15,2.25900000,1
1506555759,22426291,310.15,24.48851500,1
1506555758,22426290,310.15,2.40732700,1
1506555758,22426289,310.15,69.82112900,1
1506555757,22426286,310.15,4.17167300,1
1506555757,22426285,310.15,5.00000000,1
1506555756,22426284,310.15,24.20000000,1
1506555756,22426283,310.15,11.71825100,1
1506555754,22426282,310.03,4.84000000,0
1506555754,22426281,309.91,1.06000000,0
1506555754,22426280,309.87,22.36300000,0
1506555754,22426279,309.86,6.67000000,0
1506555754,22426278,309.00,3.35664362,0
1506555753,22426277,309.00,0.60500000,0
1506555753,22426276,308.99,0.25700000,0
1506555753,22426275,308.99,0.25800000,0
1506555745,22426272,309.13,0.26617567,1
1506555745,22426271,309.16,0.25800000,1
1506555694,22426264,309.93,0.84370000,0
1506555582,22426246,310.28,1.29120000,1
1506555564,22426237,310.46,0.01716210,0
1506555561,22426236,308.82,6.67216619,0
1506555561,22426235,310.00,10.00000000,1
1506555559,22426234,310.18,3.32783381,1
1506555556,22426229,310.18,1.00000000,1
1506555517,22426213,310.25,0.99999997,1
1506555516,22426212,310.25,1.00000000,1
1506555515,22426211,310.25,0.15110617,1
1506555513,22426209,310.26,0.24000000,1
1506555435,22426176,310.49,3.61123018,0
1506555435,22426175,310.48,2.88876982,0
1506555411,22426163,310.49,0.36900000,0
1506555367,22426130,310.22,2.77800000,1
1506555362,22426125,310.18,0.69216619,1
1506555362,22426124,310.20,0.30783365,1
1506555360,22426122,310.30,0.00000016,1
1506555352,22426118,310.30,2.99999984,1
1506555352,22426117,310.31,6.50000000,1
1506555352,22426116,310.34,0.20485116,1
1506555316,22426083,311.02,0.20000000,1
1506555278,22426066,311.15,0.13141571,1
1506555277,22426065,310.51,0.00004312,0
1506555275,22426063,310.51,0.13290000,0
1506555251,22426051,310.51,0.32127790,0
1506555240,22426039,310.51,1.17300000,0
1506555239,22426036,310.51,3.21277898,0
1506555229,22426024,310.50,3.10000000,1
1506555228,22426023,310.50,0.74300000,1
1506555228,22426022,310.51,0.25700000,1
1506555222,22426020,310.50,3.10000000,1
1506555222,22426019,310.93,0.00000003,1
1506555215,22426012,310.93,0.07840990,1
1506555215,22426011,311.00,0.00186000,1
1506555205,22426004,311.00,0.37014000,1
1506555168,22425988,311.00,0.62800000,1
1506555165,22425986,311.07,0.29379400,1
1506555165,22425985,311.07,0.70505400,1
1506555142,22425977,311.07,0.00494600,1
1506555142,22425975,311.07,0.67000000,1
1506555142,22425974,311.07,1.91000000,1
1506555131,22425969,311.07,0.20000000,1
1506555131,22425968,311.07,2.65000000,1
1506555131,22425967,311.07,0.35459232,1
1506555131,22425966,311.07,0.49820215,1
1506555131,22425965,311.07,0.21225951,1
1506555129,22425964,311.07,0.66672688,1
1506555122,22425962,311.07,1.91346100,1
1506555091,22425940,311.07,0.20000000,1
1506555070,22425927,311.63,1.60061611,1
1506555069,22425925,311.07,2.65475814,1
1506555069,22425924,311.09,0.84524186,1
1506555067,22425923,311.09,0.59967310,1
1506555067,22425922,311.10,0.23812279,1
1506555067,22425921,311.11,0.16220411,1
1506555056,22425916,311.11,2.10000000,1
1506555045,22425905,311.11,1.27000000,1
1506555026,22425888,311.70,4.02244230,0
1506555026,22425887,311.69,3.51391611,0
1506555026,22425886,311.68,9.67360200,0
1506554798,22425648,310.95,3.00000000,1
1506554787,22425625,311.51,0.26485244,1
1506554783,22425606,311.53,6.24320108,0
1506554782,22425605,311.40,0.23789517,0
1506554782,22425604,311.36,0.01712440,0
1506554782,22425603,311.24,0.09664028,0
1506554782,22425602,311.16,0.26674446,0
1506554782,22425601,311.13,0.07836026,0
1506554782,22425600,310.89,0.16003435,0
1506554748,22425540,310.74,0.48608389,1
1506554748,22425539,310.74,3.51391611,0
1506554746,22425535,310.87,1.00000000,1
1506554709,22425479,310.89,17.44372022,0
1506554709,22425478,310.87,1.10663391,0
1506554685,22425436,310.87,10.31336609,0
1506554685,22425435,310.87,4.57555854,0
1506554681,22425428,310.87,6.41750571,0
1506554676,22425426,310.87,0.42693575,0
1506554676,22425425,310.86,0.57306425,0
1506554653,22425414,310.57,0.57306425,1
1506554651,22425412,310.88,0.42693575,1
1506554634,22425408,310.88,5.65415663,0
1506554627,22425407,310.88,5.76584337,0
1506554627,22425406,310.87,1.36451076,0
1506554627,22425405,310.86,2.14915615,0
1506554627,22425404,310.52,9.27084385,0
1506554611,22425398,310.52,2.14915615,1
1506554594,22425393,310.52,0.36451100,1
1506554588,22425390,310.52,0.99999976,1
1506554586,22425389,310.86,0.00000024,1
1506554566,22425366,310.89,1.90256826,0
1506554564,22425365,310.89,1.00000000,0
1506554556,22425359,310.89,1.00000000,0
1506554543,22425354,310.89,1.00000000,0
1506554542,22425353,310.89,0.52293846,0
1506554542,22425352,310.88,0.47706154,0
1506554497,22425308,310.88,0.13976454,0
1506554497,22425307,310.88,1.93000515,0
1506554456,22425276,310.86,1.23747000,1
1506554436,22425258,310.05,0.11076982,1
1506554436,22425257,310.54,0.19933018,1
1506554433,22425254,310.85,2.29719628,0
1506554430,22425252,310.85,0.29456686,0
1506554430,22425251,310.84,12.50041487,0
1506554420,22425236,310.03,12.50041487,1
1506554420,22425235,310.50,9.09958513,1
1506554419,22425233,310.87,0.31122334,0
1506554416,22425228,310.50,0.90041487,1
1506554416,22425227,310.51,0.31516913,1
1506554412,22425224,310.51,1.61711144,1
1506554412,22425223,310.52,0.19816556,1
1506554394,22425208,310.52,0.11790000,1
1506554390,22425207,310.52,0.11790000,1
1506554385,22425205,310.52,3.08584700,1
1506554352,22425183,310.89,1.97073871,0
1506554352,22425182,310.89,2.11247400,1
1506554352,22425181,310.71,20.39778588,0
1506554350,22425179,310.60,7.00977720,1
1506554350,22425178,310.70,0.00464551,1
1506554349,22425176,310.70,0.92680000,1
1506554349,22425175,310.71,2.56506184,0
1506554334,22425169,310.70,1.60926900,1
1506554329,22425165,310.70,0.25645708,0
1506554307,22425153,310.71,0.54497130,0
1506554306,22425152,310.70,0.70146893,0
1506554267,22425137,310.71,1.49218098,0
1506554267,22425136,310.70,3.50781902,0
1506554267,22425135,310.69,2.51824280,0
1506554255,22425130,310.58,1.93186941,0
1506554251,22425129,310.57,2.54183411,0
1506554158,22425086,310.40,0.00000025,1
1506554157,22425085,310.40,2.99916200,1
1506554157,22425084,310.40,0.95028636,1
1506554157,22425083,310.50,0.54971364,1
1506554145,22425074,310.50,1.00000000,1
1506554135,22425067,310.50,4.95655100,1
1506554132,22425064,310.50,2.02185400,1
1506554131,22425063,310.50,0.47188136,1
1506554131,22425062,310.50,1.00000000,1
1506554124,22425061,310.40,1.97730800,1
1506554123,22425059,310.40,1.50000000,1
1506554114,22425055,310.40,0.07000000,1
1506554086,22425050,310.40,1.61082500,1
1506554074,22425046,310.92,0.26503622,0
1506554072,22425045,310.93,4.41070530,0
1506554072,22425044,310.44,0.05000000,0
1506554072,22425043,310.43,0.42188136,0
1506554069,22425041,310.43,6.43365654,0
1506554052,22425031,310.41,1.00000000,1
1506554052,22425030,310.41,1.00000000,1
1506554046,22425023,310.43,13.29746210,0
1506554045,22425022,310.43,4.84700000,1
1506554041,22425018,310.43,25.00000000,1
1506554033,22425009,310.40,0.26168385,0
1506554025,22425003,310.40,0.15861000,0
1506554015,22424992,310.40,0.15850515,0
1506553980,22424968,310.28,0.20000000,1
1506553900,22424946,310.40,1.50016108,0
1506553887,22424935,310.40,1.79852379,0
1506553887,22424934,310.00,0.81772021,0
1506553799,22424902,310.00,5.39496700,0
1506553792,22424900,310.00,0.11969600,0
1506553781,22424897,310.00,1.00000000,0
1506553777,22424892,310.00,0.69802400,0
1506553749,22424855,310.00,26.90452100,0
1506553749,22424854,309.99,0.33000000,0
1506553736,22424844,310.00,1.56818600,0
1506553735,22424843,310.00,2.00000000,0
1506553733,22424842,310.00,24.96142200,0
1506553732,22424841,309.73,4.56285333,1
1506553732,22424840,309.73,1.93714667,1
1506553730,22424839,310.00,6.46222100,0
1506553729,22424838,310.00,3.05449900,0
1506553729,22424837,309.99,0.40000000,0
1506553723,22424834,310.00,1.00000000,0
1506553717,22424831,310.00,0.53000000,0
1506553717,22424830,309.99,0.47000000,0
1506553713,22424828,309.99,1.00000000,1
1506553712,22424827,310.00,30.43936900,0
1506553712,22424826,309.99,7.28000000,0
1506553710,22424822,310.00,30.00000000,0
1506553707,22424815,310.00,0.10325200,0
1506553703,22424813,310.00,0.14516000,0
1506553702,22424811,310.00,4.92315300,0
1506553702,22424810,309.99,0.56000000,0
1506553691,22424805,310.00,52.75381100,0
1506553691,22424804,309.99,0.66000000,0
1506553658,22424783,309.52,1.60000000,1
1506553658,22424782,309.52,1.50000000,1
1506553657,22424781,309.52,1.40000000,1
1506553657,22424780,309.52,1.30000000,1
1506553657,22424779,309.52,1.20000000,1
1506553657,22424778,309.52,1.10000000,1
1506553656,22424776,309.52,1.00000000,1
1506553647,22424771,309.80,1.35000000,0
1506553642,22424768,309.79,0.20585000,0
1506553428,22424583,310.00,14.62668294,0
1506553428,22424582,309.99,0.79000000,0
1506553387,22424560,310.00,15.41668294,0
1506553387,22424559,309.99,0.94000000,0
1506553387,22424558,309.98,0.25800000,0
1506553387,22424557,309.97,1.93567119,0
1506553376,22424551,309.30,23.83911100,1
1506553376,22424550,309.30,0.05000000,1
1506553376,22424549,309.54,0.05000000,1
1506553376,22424548,309.55,0.25800000,1
1506553376,22424547,309.55,0.05000000,1
1506553376,22424546,309.75,0.05000000,1
1506553376,22424545,309.90,0.05000000,1
1506553270,22424469,310.00,46.12696774,0
1506553268,22424468,309.99,1.21000000,0
1506553263,22424465,309.99,0.48540000,0
1506553179,22424421,310.00,1.37506300,0
1506553179,22424420,309.99,1.44000000,0
1506553169,22424416,310.00,5.76577500,0
1506553168,22424415,309.99,1.70000000,0
1506553155,22424406,309.60,1.66974683,1
1506553155,22424405,309.61,1.93207217,1
1506553155,22424404,309.74,0.05000000,1
1506553155,22424403,309.89,0.05000000,1
1506553147,22424399,310.00,0.66030700,0
1506553147,22424398,309.99,1.35773300,0
1506553147,22424397,309.99,0.67226700,1
1506553118,22424386,309.98,1.00000000,0
1506553118,22424385,309.99,1.00000000,0
1506553106,22424384,310.00,8.87548317,0
1506553106,22424383,309.99,2.19889383,0
1506553096,22424377,309.99,0.39110617,0
1506553088,22424368,309.99,1.01795987,0
1506553048,22424361,309.99,0.26775057,0
1506553034,22424351,310.00,10.55703700,0
1506553034,22424348,310.00,3.72000000,0
1506553034,22424347,310.00,0.30000000,0
1506553034,22424346,309.99,3.33000000,0
1506552951,22424310,309.81,3.11710901,0
1506552951,22424309,309.81,1.35800000,0
1506552950,22424308,309.81,0.06770000,0
1506552950,22424307,309.80,0.84623543,0
1506552950,22424306,309.80,0.83373847,0
1506552949,22424305,309.81,0.06537204,0
1506552935,22424296,309.86,0.01714930,0
1506552845,22424242,309.05,2.21342275,0
1506552844,22424241,309.04,1.94149625,0
1506552844,22424240,309.00,0.00639400,0
1506552838,22424236,309.00,0.23950600,0
1506552834,22424228,308.96,3.92760583,0
1506552833,22424227,308.45,8.41678119,0
1506552833,22424226,308.40,0.99930000,0
1506552754,22424197,308.00,0.44800000,1
1506552753,22424196,308.45,0.04850000,0
1506552752,22424195,308.45,0.97000000,0
1506552752,22424194,308.45,0.88000000,0
1506552752,22424193,308.45,2.60785413,0
1506552751,22424192,308.41,14.04400000,0
1506552719,22424182,308.01,1.96903200,1
1506552701,22424179,308.02,4.60859000,0
1506552700,22424178,308.04,0.59720000,1
1506552677,22424165,308.01,9.85833500,1
1506552674,22424164,308.04,0.48200000,1
1506552640,22424116,308.02,1.79662500,1
1506552618,22424114,308.50,14.26546411,0
1506552612,22424112,308.01,0.50000000,1
1506552603,22424106,308.01,5.32298500,1
1506552587,22424104,308.72,27.14126069,0
1506552583,22424103,308.03,2.33040000,1
1506552580,22424100,308.04,0.50000000,1
1506552580,22424099,308.03,1.00000000,1
1506552578,22424097,308.74,4.28489002,0
1506552564,22424096,308.13,0.50000000,1
1506552561,22424094,308.12,0.49999953,1
1506552561,22424093,308.20,0.00000047,1
1506552523,22424070,308.20,5.32042662,1
1506552523,22424069,308.22,0.29025138,1
1506552484,22424052,308.82,0.41671523,0
1506552482,22424048,308.83,0.28378434,0
1506552480,22424047,308.01,18.86227199,1
1506552480,22424046,308.02,1.13895201,1
1506552479,22424045,308.01,0.34215900,1
1506552478,22424044,308.01,1.69247100,1
1506552470,22424041,308.02,0.30040257,1
1506552470,22424040,308.03,1.13622049,1
1506552470,22424039,308.04,0.10000000,1
1506552460,22424032,308.05,0.64898130,1
1506552455,22424031,308.18,0.02000000,1
1506552422,22424010,308.08,3.85000000,1
1506552420,22424009,308.26,0.05000000,1
1506552408,22424007,308.45,1.94515465,1
1506552407,22424006,308.45,4.55484535,1
1506552407,22424005,308.46,1.94515465,1
1506552398,22424002,308.50,0.00000016,1
1506552398,22424001,308.51,0.05000000,1
1506552378,22423995,308.71,0.05000000,1
1506552378,22423994,308.86,0.05000000,1
1506552368,22423986,308.98,0.32283643,0
1506552254,22423880,308.96,3.95000000,1
1506552253,22423879,308.95,23.47192707,1
1506552252,22423877,308.95,2.78000000,0
1506552252,22423876,308.95,1.94206182,0
1506552249,22423874,308.94,0.11723000,0
1506552243,22423870,308.53,9.50386909,1
1506552242,22423869,308.50,15.96900890,1
1506552242,22423868,308.51,29.58496300,1
1506552241,22423867,308.52,2.39088510,1
1506552231,22423849,308.53,1.00000000,1
1506552218,22423835,308.99,1.18748804,0
1506552212,22423829,308.96,0.42029100,1
1506552205,22423816,308.97,0.39076532,0
1506552205,22423815,308.97,0.39424617,0
1506552189,22423804,308.97,2.66980100,1
1506552187,22423798,308.50,0.89911261,1
1506552187,22423797,308.54,0.08948596,1
1506552187,22423796,308.78,0.05000000,1
1506552187,22423795,308.83,0.07836026,1
1506552187,22423794,308.90,1.84163917,1
1506552165,22423782,308.90,0.45810367,1
1506552163,22423781,308.90,8.20200529,1
1506552163,22423780,308.91,1.94228882,1
1506552163,22423779,309.00,0.30745389,1
1506552163,22423778,309.03,0.05000000,1
1506552143,22423768,309.23,1.41320000,0
1506552140,22423766,309.23,0.30505900,0
1506552118,22423752,309.23,0.63506459,0
1506552107,22423749,309.23,0.05000000,1
1506552092,22423746,309.38,0.05000000,1
1506552050,22423740,309.48,0.00246086,1
1506552032,22423730,309.50,0.01712440,0
1506552016,22423722,309.50,16.05785897,0
1506552016,22423721,309.49,1.93867330,0
1506552009,22423719,309.49,1.89000000,0
1506551947,22423653,309.96,0.69000000,0
1506551946,22423650,309.97,1.92000000,0
1506551827,22423556,309.48,0.48190000,1
1506551798,22423537,309.86,1.47525800,0
1506551737,22423502,309.46,0.24630397,0
1506551692,22423471,309.00,0.87779590,1
1506551692,22423470,309.01,0.11720410,1
1506551682,22423455,309.00,6.94475021,1
1506551682,22423454,309.09,6.80300000,1
1506551681,22423453,309.10,3.51569011,1
1506551673,22423440,309.17,0.10008826,1
1506551671,22423434,309.50,0.48435003,0
1506551670,22423433,309.19,0.05000000,1
1506551670,22423432,309.34,0.05000000,1
1506551622,22423404,309.35,1.00000000,1
1506551587,22423391,309.35,0.26674446,0
1506551586,22423389,309.43,0.07820832,1
1506551586,22423388,309.44,3.00000000,1
1506551583,22423387,309.80,9.98416027,0
1506551519,22423363,309.44,1.77098800,0
1506551512,22423357,309.44,2.04901200,0
1506551505,22423353,309.94,1.00000000,0
1506551498,22423350,309.70,0.50274482,1
1506551495,22423349,309.70,7.49725518,1
1506551495,22423348,309.71,1.83774482,1
1506551490,22423343,309.71,0.09286700,1
1506551482,22423331,310.00,3.87748387,0
1506551415,22423302,310.00,1.04524682,0
1506551389,22423292,309.99,0.18903836,0
1506551386,22423289,309.98,1.99225842,0
1506551316,22423250,309.99,2.35379982,1
1506551316,22423249,309.99,4.12531400,1
1506551315,22423248,309.99,0.50000000,1
1506551313,22423247,309.99,0.50000000,1
1506551312,22423246,309.99,0.24177172,1
1506551312,22423245,309.99,0.33380000,1
1506551311,22423244,309.99,1.52000000,1
1506551297,22423239,309.99,0.22474919,1
1506551295,22423237,309.98,1.93560875,0
1506551294,22423234,309.97,3.29490000,0
1506551290,22423233,309.53,0.24177172,0
1506551289,22423232,309.54,0.05000000,1
1506551289,22423231,309.74,0.05000000,1
1506551287,22423229,309.89,0.05000000,1
1506551239,22423171,309.99,2.45785353,1
1506551239,22423170,310.07,0.64214647,1
1506551186,22423139,310.02,0.11425353,0
1506551186,22423137,309.97,0.25700000,0
1506551186,22423136,309.97,0.25670000,0
1506551171,22423105,309.99,3.31878447,1
1506551170,22423100,310.02,2.17505696,1
1506551156,22423077,310.02,2.66494304,1
1506551156,22423076,310.03,0.07805696,1
1506551155,22423075,310.13,0.25700000,1
1506551148,22423066,310.28,0.77480972,1
1506551145,22423062,310.28,3.78210800,1
1506551126,22423047,310.28,0.06600000,1
1506551088,22423012,310.29,1.14357074,1
1506551088,22423011,310.29,0.05642926,1
1506551068,22423002,310.79,0.00074712,1
1506551056,22422995,310.80,6.57000000,0
1506551054,22422994,310.79,0.36000000,1
1506551043,22422980,310.31,3.50000000,1
1506551031,22422969,310.31,3.50000000,1
1506551017,22422960,310.31,3.50000000,1
1506551015,22422957,310.31,1.32000000,1
1506551012,22422955,310.80,3.62107372,0
1506551012,22422954,310.79,3.85679432,0
1506551011,22422953,310.31,0.79000000,1
1506550999,22422943,310.31,0.03820400,1
1506550992,22422937,310.31,1.22409769,1
1506550992,22422936,310.32,0.05651431,1
1506550967,22422921,310.31,20.68000000,1
1506550967,22422920,310.41,0.05000000,1
1506550967,22422919,310.50,0.01000000,1
1506550967,22422918,310.52,0.79000000,1
1506550955,22422905,310.52,4.05000000,1
1506550927,22422879,310.50,0.04000000,1
1506550888,22422854,311.03,0.94904804,0
1506550888,22422853,310.51,2.90774628,0
1506550887,22422849,310.51,0.30289418,0
1506550885,22422847,310.51,3.38341200,0
1506550861,22422830,310.63,0.00672276,1
1506550856,22422827,310.66,0.11425353,0
1506550854,22422826,310.63,0.07118343,1
1506550854,22422824,310.74,0.09664028,1
1506550854,22422823,310.75,0.00000054,1
1506550853,22422814,310.75,0.26543000,1
1506550837,22422798,310.80,0.05000000,1
1506550814,22422779,311.01,1.54876404,0
1506550813,22422778,311.05,0.05000000,1
1506550813,22422777,311.25,0.05000000,0
1506550812,22422775,310.90,0.05000000,0
1506550809,22422771,310.64,3.58329978,1
1506550808,22422770,310.65,0.25670000,0
1506550808,22422768,310.74,0.45000000,1
1506550806,22422763,311.00,0.00000022,1
1506550803,22422756,311.00,1.99999978,1
1506550803,22422755,311.13,0.23002922,1
1506550803,22422753,311.23,0.07775600,1
1506550803,22422748,311.49,0.27948365,0
1506550803,22422747,311.24,0.46728190,0
1506550802,22422746,311.33,0.23002922,1
1506550802,22422745,311.45,0.06479371,1
1506550802,22422744,311.48,0.23789517,1
1506550795,22422741,311.50,15.30658668,1
1506550793,22422739,311.50,8.43162600,1
1506550792,22422738,311.50,1.00000000,1
1506550789,22422734,311.50,1.54800000,1
1506550787,22422732,311.50,3.50000000,1
1506550785,22422729,311.50,1.00650000,1
1506550781,22422725,311.50,6.06277500,1
1506550776,22422714,311.50,3.89040004,1
1506550776,22422713,311.51,1.51499996,1
1506550775,22422711,311.50,11.37534300,1
1506550770,22422691,311.50,3.00000000,1
1506550769,22422682,311.50,0.40000000,1
1506550768,22422681,311.50,10.00000000,1
1506550765,22422676,311.50,0.40000000,1
1506550764,22422675,311.50,10.00000000,1
1506550764,22422674,311.50,1.00650000,1
1506550763,22422673,311.50,1.00000000,1
1506550762,22422672,311.50,3.50000000,1
1506550762,22422669,311.50,0.40000000,1
1506550761,22422668,311.50,0.51069100,1
1506550759,22422667,311.50,1.30666840,1
1506550759,22422666,311.51,6.10000000,1
1506550758,22422665,311.52,0.38500000,1
1506550756,22422663,311.50,0.40000000,1
1506550755,22422660,311.50,3.50000000,1
1506550755,22422659,311.50,0.90039509,1
1506550755,22422658,311.50,0.09960491,1
1506550753,22422654,311.50,0.07039509,1
1506550753,22422653,311.51,0.32960491,1
1506550750,22422652,311.51,0.40000000,1
1506550748,22422649,311.51,4.66000000,1
1506550746,22422646,311.51,0.40000000,1
1506550745,22422645,311.51,0.95039509,1
1506550745,22422644,311.51,2.51000000,1
1506550745,22422643,311.83,0.03960491,1
1506550743,22422642,311.51,0.04858176,1
1506550743,22422641,311.51,0.35141824,1
1506550743,22422639,311.52,6.17701800,1
1506550741,22422638,311.51,1.50000000,1
1506550739,22422631,311.51,0.40000000,1
1506550733,22422625,311.92,0.12000000,1
1506550726,22422623,311.92,2.89999900,1
1506550725,22422622,311.92,1.64000100,1
1506550724,22422621,312.00,0.16000000,1
1506550720,22422619,311.56,0.16000000,1
1506550709,22422617,311.53,0.06997078,1
1506550709,22422616,311.93,0.23002922,1
1506550694,22422615,312.31,3.00000000,0
1506550691,22422614,312.31,4.84000000,0
1506550676,22422611,312.30,2.70259365,0
1506550662,22422601,311.50,1.46282000,1
1506550656,22422592,312.00,0.93521461,1
1506550656,22422587,311.99,0.06478539,0
1506550653,22422586,311.48,0.32698374,1
1506550653,22422585,311.49,0.06478539,1
1506550653,22422584,311.51,0.60823087,1
1506550640,22422577,311.49,3.22500000,1
1506550631,22422571,311.48,0.52527134,1
1506550628,22422568,311.47,1.00000000,1
1506550628,22422567,311.47,1.00000000,1
1506550621,22422563,311.45,1.89105934,1
1506550615,22422561,311.42,0.22126519,1
1506550615,22422560,311.44,0.14181446,1
1506550615,22422559,311.44,0.34356127,1
1506550615,22422558,311.44,3.02244329,1
1506550606,22422552,311.42,4.15824200,1
1506550606,22422551,311.83,0.07760639,1
1506550606,22422550,311.84,0.26415161,1
1506550602,22422541,312.85,0.00000378,1
1506550602,22422540,312.85,14.08125000,1
1506550601,22422537,312.65,0.33000000,0
1506550601,22422536,311.98,1.57084627,0
1506550599,22422532,312.43,0.07915373,1
1506550598,22422531,312.98,0.26370562,0
1506550597,22422530,313.00,56.60382650,0
1506550596,22422529,313.00,0.07400000,0
1506550596,22422528,313.00,0.07400000,0
1506550596,22422527,312.96,0.50000000,0
1506550596,22422526,312.89,0.07609712,0
1506550596,22422525,312.72,0.20142109,0
1506550596,22422524,312.66,0.10000000,0
1506550596,22422523,312.51,0.26559338,0
1506550596,22422522,312.50,0.40000000,0
1506550595,22422521,312.45,1.68037248,0
1506550595,22422520,312.43,0.07012895,0
1506550595,22422519,312.39,3.00000000,0
1506550595,22422518,312.37,4.61913607,0
1506550595,22422517,312.37,0.31361000,0
1506550595,22422516,312.27,0.10000000,0
1506550595,22422515,312.27,0.01834000,0
1506550595,22422514,312.24,0.26531283,0
1506550595,22422513,312.09,0.11926600,0
1506550594,22422512,312.00,0.15000000,0
1506550594,22422511,312.00,0.90000000,0
1506550594,22422510,312.00,200.00000000,0
1506550594,22422509,312.00,1.50000000,0
1506550594,22422508,311.99,17.24383870,0
1506550594,22422507,311.99,1.59640503,0
1506550594,22422506,311.98,30.93899000,0
1506550594,22422505,311.97,1.92326185,0
1506550593,22422504,311.97,2.01000000,0
1506550593,22422503,311.96,0.25640000,0
1506550593,22422502,310.97,3.23325622,1
1506550592,22422501,311.95,2.03395831,1
1506550563,22422418,311.95,1.00000000,1
1506550562,22422416,311.97,2.13000000,0
1506550562,22422415,311.95,1.00000000,1
1506550561,22422414,311.95,0.50000000,1
1506550559,22422413,311.95,0.30604169,0
1506550557,22422411,311.71,3.01000000,1
1506550556,22422409,311.71,0.13689200,1
1506550553,22422405,311.71,0.10219179,1
1506550553,22422404,311.71,0.20780821,1
1506550552,22422403,311.71,1.12739800,1
1506550550,22422402,311.71,3.50479379,0
1506550538,22422399,311.72,0.24394300,0
1506550484,22422353,310.92,1.09521537,1
1506550483,22422352,310.92,0.48351115,1
1506550483,22422351,310.97,0.05000000,1
1506550483,22422349,311.04,2.46648885,1
1506550482,22422348,311.04,0.49020621,1
1506550482,22422347,311.09,2.50979379,1
1506550474,22422339,311.09,0.99500000,1
1506550473,22422337,311.10,1.15859496,0
1506550472,22422336,311.10,0.25640000,1
1506550465,22422320,311.64,1.18225647,0
1506550462,22422307,311.78,0.25640000,0
1506550460,22422289,311.64,0.92866300,0
1506550456,22422274,311.04,0.15985000,0
1506550455,22422268,311.05,0.25640000,1
1506550436,22422235,311.40,0.16105380,0
1506550436,22422234,311.20,0.16000000,0
1506550436,22422233,311.10,5.00000000,0
1506550436,22422230,311.09,3.51518246,0
1506550426,22422217,310.92,0.04024273,1
1506550426,22422216,311.04,0.05000000,1
1506550419,22422209,311.07,3.47493973,1
1506550417,22422199,311.05,2.00000000,1
1506550414,22422195,311.19,1.47700000,1
1506550411,22422192,311.07,0.06919294,0
1506550411,22422191,311.10,0.93080706,1
1506550410,22422189,311.19,5.00000000,0
1506550410,22422188,311.19,5.00000000,0
1506550410,22422187,311.19,1.18225219,0
1506550409,22422182,311.18,8.55035413,0
1506550407,22422175,311.10,3.47200000,1
1506550407,22422174,311.10,1.00000100,1
1506550406,22422172,311.10,0.64098800,1
1506550405,22422169,311.10,0.18478164,1
1506550386,22422149,311.09,3.51422230,0
1506550385,22422148,311.09,0.25720000,0
1506550384,22422147,311.08,0.12000000,0
1506550348,22422136,311.14,1.18284917,0
1506550286,22422075,310.95,3.20823283,0
1506550249,22422045,310.31,3.38762736,1
1506550243,22422040,310.31,0.03677000,1
1506550213,22422013,310.29,1.85649077,1
1506550213,22422012,310.29,0.14350923,1
1506550213,22422011,310.30,1.00000000,1
1506550183,22421991,310.29,5.00000000,1
1506550157,22421971,310.29,2.87956859,1
1506550152,22421965,310.28,18.65557843,0
1506550141,22421949,310.27,0.04500249,1
1506550141,22421948,310.58,0.00000045,1
1506550141,22421947,310.58,1.03901755,1
1506550140,22421946,310.86,0.27819545,1
1506550134,22421943,310.97,0.91589806,0
1506550131,22421941,310.27,6.31049245,0
1506550128,22421933,310.84,1.34442157,0
1506550123,22421925,310.84,7.67934900,0
1506550119,22421920,310.24,0.21525947,1
1506550119,22421919,310.25,0.25720000,1
1506550119,22421918,310.83,0.04632757,1
1506550108,22421904,311.00,0.16000000,1
1506550108,22421902,311.01,0.05334234,1
1506550108,22421901,311.01,0.17518858,1
1506550108,22421900,311.09,0.16105380,1
1506550107,22421897,311.18,2.90406300,1
1506550107,22421896,311.19,17.68175843,1
1506550106,22421893,311.19,1.85514600,1
1506550106,22421891,311.19,4.84000000,1
1506550106,22421889,311.19,1.04000000,1
1506550105,22421887,311.19,4.80850600,1
1506550105,22421886,311.19,1.00000000,1
1506550105,22421885,311.19,1.44325500,1
1506550105,22421884,311.19,1.50000000,1
1506550104,22421882,311.19,4.84000000,1
1506550097,22421877,311.19,0.59807000,1
1506550089,22421859,311.18,5.20179000,1
1506550086,22421852,311.18,1.45589600,1
1506550081,22421844,311.18,14.21300000,1
1506550079,22421840,311.18,1.22525100,1
1506550052,22421802,311.09,0.92866300,1
1506550052,22421801,311.17,0.55847700,1
1506550051,22421799,311.17,3.62000000,1
1506550050,22421796,311.17,0.30000000,1
1506550050,22421795,311.17,0.34691400,1
1506550050,22421794,311.66,0.65308600,1
1506550048,22421791,311.17,0.01460900,0
1506550047,22421790,311.17,4.84000000,1
1506550047,22421789,311.20,45.14539100,1
1506550045,22421788,311.20,0.30000000,1
1506550043,22421782,311.20,1.00000000,1
1506550042,22421779,311.20,0.45750000,1
1506550041,22421777,311.20,0.30000000,1
1506550040,22421774,311.20,2.79710900,1
1506550040,22421773,311.21,0.20289100,1
1506550039,22421770,311.21,0.40000000,1
1506550033,22421768,311.21,0.30000000,1
1506549986,22421701,311.94,0.48167554,0
1506549873,22421575,311.46,0.01962298,0
1506549845,22421526,311.01,3.86300839,1
1506549843,22421525,311.01,30.00000000,1
1506549835,22421510,311.01,15.96180303,1
1506549835,22421509,311.05,0.53575405,1
1506549835,22421508,311.06,30.00000000,1
1506549835,22421507,311.07,3.50244292,1
1506549813,22421466,311.48,0.15000000,1
1506549783,22421439,311.83,0.75000000,0
1506549770,22421413,311.98,0.26459111,0
1506549769,22421411,311.98,0.26461229,0
1506549765,22421399,311.03,0.52625204,1
1506549764,22421398,311.49,0.04681834,0
1506549764,22421397,311.99,0.11022789,1
1506549764,22421396,311.98,0.01966924,0
1506549763,22421395,311.98,0.70033076,0
1506549763,22421394,311.80,0.11387096,0
1506549763,22421393,311.69,0.06307677,0
1506549762,22421392,311.52,0.04558420,0
1506549762,22421391,311.50,0.26645918,0
1506549762,22421390,311.50,0.00149901,0
1506549762,22421389,311.45,0.06713798,0
1506549762,22421388,311.45,0.16936043,0
1506549762,22421387,311.45,0.03000000,0
1506549762,22421386,311.42,0.24992771,0
1506549762,22421385,311.42,0.01660000,0
1506549761,22421384,311.36,0.06247944,0
1506549761,22421383,311.32,0.01846800,0
1506549761,22421381,311.08,0.06319956,0
1506549761,22421380,311.03,0.13200600,0
1506549760,22421379,311.00,0.06517860,0
1506549760,22421378,311.00,0.80200000,0
1506549751,22421369,311.00,0.28800000,0
1506549751,22421368,311.00,0.50000000,0
1506549745,22421363,310.99,0.26517311,0
1506549736,22421359,310.99,0.63021842,0
1506549736,22421358,310.98,0.26689851,0
1506549736,22421357,310.86,0.26700507,0
1506549706,22421333,310.84,2.40894957,0
1506549706,22421332,310.83,0.25720000,0
1506549706,22421331,310.82,2.05494330,0
1506549706,22421330,310.81,4.79103600,0
1506549705,22421328,310.50,1.18095156,1
1506549705,22421327,310.51,5.00000000,1
1506549705,22421326,310.51,2.53784400,1
1506549705,22421324,310.51,0.25719500,1
1506549702,22421319,310.82,0.33754373,0
1506549684,22421290,310.81,1.39865500,0
1506549672,22421279,310.81,0.14536212,0
1506549669,22421274,310.82,1.48744700,0
1506549647,22421231,310.79,0.48896000,0
1506549647,22421228,310.78,5.43614931,0
1506549629,22421195,310.14,19.90156171,1
1506549623,22421188,310.80,0.18417479,0
1506549617,22421186,310.10,0.09843829,1
1506549599,22421163,310.83,0.47850209,0
1506549599,22421161,310.61,0.09679791,0
1506549593,22421142,310.06,0.83060451,1
1506549593,22421141,310.07,0.16904403,1
1506549593,22421140,310.11,0.09679791,1
1506549590,22421138,310.06,0.00554731,1
1506549590,22421137,310.10,3.50531124,1
1506549589,22421136,310.11,12.31246652,1
1506549572,22421120,310.84,6.20199369,0
1506549571,22421119,310.81,2.71872237,0
1506549568,22421118,310.81,1.95167763,0
1506549568,22421117,310.80,3.49743248,0
1506549566,22421116,310.81,0.16960000,0
1506549528,22421106,309.85,3.80784139,1
1506549528,22421105,309.86,10.16000000,1
1506549528,22421104,309.90,1.93611618,1
1506549528,22421103,309.90,0.25720000,1
1506549528,22421102,310.13,0.07609712,1
1506549528,22421101,310.22,0.26531283,1
1506549527,22421100,310.24,3.49743248,1
1506549512,22421092,310.77,0.30604169,0
1506549504,22421066,310.84,3.26621900,0
1506549500,22421059,310.84,3.55812400,0
1506549498,22421056,310.84,9.99865600,0
1506549494,22421050,310.84,1.35922100,0
1506549487,22421049,310.82,4.84000000,0
1506549482,22421045,310.84,0.26559338,0
1506549480,22421044,310.84,12.77557900,0
1506549480,22421043,310.84,11.97661706,0
1506549480,22421042,310.81,0.06315858,0
1506549480,22421041,310.60,0.04450000,0
1506549480,22421040,310.50,0.06273770,0
1506549479,22421039,310.50,0.06273770,0
1506549479,22421038,310.48,0.06329032,0
1506549479,22421037,310.43,0.26737850,0
1506549479,22421036,310.36,0.01859700,0
1506549479,22421035,310.35,0.26691577,0
1506549479,22421034,310.26,0.26752045,0
1506549479,22421033,310.25,0.26753092,0
1506549479,22421032,310.21,0.24326273,0
1506549478,22421031,310.19,0.26758244,0
1506549478,22421030,310.18,0.26759187,0
1506549478,22421028,310.11,0.24326273,0
1506549478,22421026,310.00,0.15673727,0
1506549478,22421025,310.00,0.00000513,0
1506549473,22421019,310.00,2.82181700,0
1506549466,22421008,310.00,1.63000000,0
1506549459,22421000,310.00,1.94112700,0
1506549458,22420997,310.00,1.08370400,0
1506549451,22420985,310.00,0.22800000,0
1506549449,22420980,310.00,6.29534687,0
1506549449,22420978,310.00,3.59516925,0
1506549444,22420969,310.00,0.40483075,0
1506549444,22420968,310.00,10.00000000,0
1506549444,22420967,310.00,6.83900795,0
1506549444,22420966,310.00,1.29310000,0
1506549442,22420965,310.00,1.06367400,0
1506549442,22420964,310.00,0.11387096,0
1506549441,22420962,310.00,17.49716000,0
1506549439,22420951,310.00,8.72658700,0
1506549438,22420944,310.00,0.06488134,0
1506549438,22420942,310.00,0.10000000,0
1506549438,22420941,310.00,19.65224966,0
1506549435,22420933,310.00,9.81190300,0
1506549430,22420922,310.00,2.27400000,0
1506549429,22420920,310.00,159.28203225,0
1506549426,22420915,310.00,5.05938800,0
1506549426,22420914,309.99,0.12000000,0
1506549426,22420913,309.99,10.16000000,0
1506549426,22420912,309.98,2.09369200,0
1506549423,22420909,309.98,5.00000000,0
1506549419,22420904,310.00,3.92042709,0
1506549418,22420902,310.00,1.40000000,0
1506549415,22420897,310.00,0.02166666,0
1506549415,22420896,309.99,0.14000000,0
1506549415,22420895,309.99,7.24196000,0
1506549406,22420887,309.99,0.17000000,0
1506549405,22420886,309.96,0.13279000,0
1506549405,22420885,309.90,0.06286031,0
1506549405,22420884,309.90,0.06286031,0
1506549405,22420883,309.88,6.50000000,0
1506549402,22420879,309.80,9.63941592,0
1506549372,22420806,309.80,0.36058408,1
1506549357,22420778,309.80,3.50242431,0
1506549345,22420754,309.81,0.84039600,0
1506549335,22420742,309.83,0.26645918,0
1506549319,22420711,309.28,0.73301903,0
1506549319,22420710,309.32,3.26698097,1
1506549318,22420708,309.32,0.23544334,1
1506549318,22420707,309.43,0.07012895,1
1506549318,22420706,309.49,0.24992771,1
1506549316,22420704,309.60,0.01818386,0
1506549313,22420703,309.60,0.24990913,0
1506549313,22420702,309.60,0.07009087,0
1506549311,22420700,309.49,0.01660000,0
1506549309,22420695,309.45,0.26822051,0
1506549306,22420687,309.30,1.19085171,0
1506549296,22420673,309.30,5.09019688,0
1506549296,22420672,309.29,0.83817412,0
1506549296,22420671,309.28,0.25860000,0
1506549294,22420668,309.29,1.10175281,0
1506549294,22420667,309.10,0.60449000,0
1506549294,22420666,309.09,1.09677419,0
1506549293,22420665,309.07,0.66716952,0
1506549293,22420664,309.07,1.09676900,0
1506549289,22420658,309.07,1.74135735,0
1506549279,22420641,308.52,2.91460000,1
1506549279,22420640,308.54,0.25860000,1
1506549278,22420637,308.52,10.71574649,1
1506549278,22420636,308.52,0.19147638,1
1506549278,22420634,308.53,6.28000000,1
1506549278,22420632,308.68,0.54865789,1
1506549277,22420630,308.69,0.26691577,1
1506549277,22420628,308.72,0.45178635,1
1506549277,22420626,308.76,1.09677419,1
1506549277,22420625,308.78,0.44864293,1
1506549275,22420624,308.78,1.49446361,1
1506549275,22420623,308.78,3.50529587,1
1506549252,22420595,308.92,3.87400324,1
1506549126,22420516,309.30,1.06979241,0
1506549126,22420515,309.29,4.71017065,0
1506549126,22420514,309.28,0.25850000,0
1506549076,22420496,309.29,2.91641035,0
1506549076,22420495,309.28,1.93998965,0
1506549025,22420445,309.27,0.96760113,1
1506549003,22420428,309.29,2.00000000,0
1506548993,22420415,309.29,2.00000000,0
1506548957,22420388,309.30,0.80900000,0
1506548954,22420384,309.29,0.31397718,1
1506548948,22420380,309.29,8.06036400,0
1506548932,22420362,308.80,0.45357743,1
1506548932,22420361,308.81,1.93698057,1
1506548922,22420355,308.99,0.97831645,1
1506548917,22420349,309.39,1.84015900,1
1506548915,22420347,309.39,8.15984100,0
1506548911,22420344,309.39,7.36768478,1
1506548911,22420343,309.39,0.13741610,0
1506548911,22420342,309.39,0.01872900,0
1506548911,22420341,309.35,1.93955067,0
1506548911,22420339,309.35,0.26831241,0
1506548910,22420338,309.35,0.26830704,0
1506548910,22420337,308.74,0.25850000,1
1506548897,22420331,308.83,0.06307677,1
1506548895,22420330,309.32,0.26689851,0
1506548889,22420324,309.31,7.95213867,0
1506548889,22420323,309.29,0.06298339,0
1506548889,22420322,309.07,0.00348036,0
1506548889,22420320,309.07,0.26507578,0
1506548889,22420318,309.06,1.43000000,0
1506548889,22420316,309.02,0.28632180,0
1506548872,22420307,309.04,0.16500000,1
1506548872,22420306,309.04,0.15000000,1
1506548870,22420305,309.03,0.08931461,0
1506548868,22420304,309.02,1.59832048,1
1506548864,22420303,309.02,0.51250000,1
1506548850,22420294,309.00,1.42952550,0
1506548846,22420291,308.99,8.53912300,0
1506548842,22420290,308.98,4.83223700,1
1506548836,22420284,308.97,3.52430800,0
1506548835,22420283,308.98,1.31569200,1
1506548835,22420282,308.98,2.12000000,0
1506548826,22420276,308.78,0.20000000,1
1506548822,22420272,309.00,1.02047450,0
1506548822,22420271,308.99,8.53871800,0
1506548822,22420270,308.99,0.05000000,0
1506548822,22420269,308.99,0.14540375,0
1506548822,22420268,308.79,0.24540375,0
1506548817,22420262,308.70,2.11870714,0
1506548800,22420237,308.70,0.53722774,0
1506548800,22420236,308.68,0.01208826,0
1506548799,22420232,308.68,0.53684399,0
1506548789,22420189,308.68,0.96406775,0
1506548787,22420188,308.50,0.25000000,1
1506548736,22420172,308.68,3.32700000,0
1506548682,22420153,308.70,3.09080800,0
1506548679,22420152,308.70,4.25325712,0
1506548679,22420151,308.69,9.45221200,0
1506548679,22420150,308.51,0.75162488,0
1506548654,22420125,308.50,0.36742301,1
1506548620,22420075,308.50,0.51175817,1
1506548598,22420058,308.50,1.33130700,1
1506548563,22420023,308.51,0.30235100,0
1506548539,22419998,308.50,0.25849715,1
1506548537,22419997,308.50,20.81600000,1
1506548532,22419993,308.51,0.26669112,0
1506548530,22419992,308.50,9.59689300,0
1506548521,22419985,308.49,0.15459625,1
1506548514,22419982,308.49,0.22000000,0
1506548514,22419981,308.49,6.27734300,0
1506548492,22419978,308.49,0.22265700,0
1506548491,22419977,308.48,9.77734300,0
1506548466,22419963,308.50,3.87400324,0
1506548435,22419955,308.51,3.51933300,0
1506548435,22419954,308.50,9.98066700,0
1506548435,22419953,308.37,6.50000000,0
1506548428,22419913,308.38,0.55227317,0
1506548428,22419912,307.75,0.25849715,1
1506548428,22419911,308.17,0.05000000,1
1506548414,22419900,308.42,1.76680739,1
1506548413,22419898,308.42,3.13539343,0
1506548413,22419896,308.41,8.36400000,0
1506548406,22419874,308.43,5.56726591,0
1506548362,22419718,308.61,0.17818959,0
1506548343,22419694,308.66,38.42028800,0
1506548343,22419693,308.65,10.88971200,0
1506548343,22419692,308.65,0.69000000,0
1506548315,22419667,308.76,2.16433475,1
1506548315,22419666,308.76,0.10013000,0
1506548313,22419658,308.29,0.09750154,0
1506548288,22419604,307.62,3.13539343,0
1506548287,22419602,307.79,0.09750154,0
1506548286,22419600,307.79,0.04805068,1
1506548247,22419589,308.43,0.06315858,1
1506548245,22419587,308.49,0.26753092,0
1506548243,22419585,309.00,10.26148614,1
1506548242,22419583,309.00,0.45000000,0
1506548242,22419582,309.00,0.95402066,0
1506548242,22419580,309.00,10.00000000,0
1506548242,22419579,309.00,2.50000000,0
1506548242,22419578,309.00,0.04400000,0
1506548241,22419577,309.00,0.33000000,0
1506548241,22419576,309.00,4.97781169,0
1506548241,22419574,308.99,0.12628378,0
1506548241,22419573,308.97,0.19423797,0
1506548241,22419572,308.97,0.07426042,0
1506548241,22419571,308.88,0.42000000,0
1506548241,22419570,308.87,0.26847283,0
1506548241,22419569,308.85,0.03000000,0
1506548241,22419567,308.83,0.26876467,0
1506548240,22419566,308.79,0.23685811,0
1506548240,22419565,308.77,0.26868998,0
1506548240,22419564,308.76,0.87000000,0
1506548240,22419563,308.70,0.26886629,0
1506548240,22419562,308.69,0.06310695,0
1506548240,22419560,308.64,0.26892422,0
1506548240,22419559,308.55,0.03000000,0
1506548240,22419558,308.51,0.26903383,0
1506548239,22419557,308.50,10.00000000,0
1506548239,22419556,308.49,0.23685811,0
1506548239,22419555,308.39,0.01743130,0
1506548239,22419554,308.30,0.03000000,0
1506548239,22419553,308.29,0.23685811,0
1506548239,22419552,308.26,0.26926171,0
1506548239,22419551,308.24,0.01735830,0
1506548239,22419550,308.13,0.01739700,0
1506548239,22419549,308.11,4.84000000,0
1506548238,22419548,308.09,1.06235774,0
1506548238,22419547,307.79,0.09766019,0
1506548237,22419543,306.93,0.98499558,1
1506548237,22419542,307.29,0.09766019,1
1506548226,22419532,307.79,0.04805068,1
1506548226,22419531,308.08,3.29527665,1
1506548226,22419529,308.08,0.78530000,1
1506548225,22419527,308.08,0.60123422,1
1506548225,22419525,308.08,4.79429222,1
1506548218,22419524,308.08,0.31533908,1
1506548217,22419523,308.09,0.03680613,0
1506548211,22419516,308.05,0.20855783,0
1506548185,22419505,308.08,10.00000000,0
1506548161,22419477,308.08,10.00000000,0
1506548141,22419456,308.08,10.00000000,0
1506548121,22419451,307.20,0.20855783,1
1506548121,22419449,307.29,0.09990571,1
1506548084,22419436,308.08,10.00000000,0
1506548074,22419416,308.08,10.00000000,0
1506548040,22419406,308.08,8.78000000,0
1506548040,22419405,308.07,1.22000000,0
1506548011,22419391,308.08,9.74040000,0
1506548011,22419390,308.07,0.25960000,0
1506547980,22419381,308.06,10.00000000,0
1506547958,22419374,307.97,6.49388174,0
1506547958,22419373,307.96,3.50611826,0
1506547831,22419306,307.98,0.78053479,0
1506547792,22419250,308.08,0.09853666,0
1506547790,22419249,307.35,0.52439058,0
1506547782,22419245,307.37,1.09916387,1
1506547782,22419244,307.38,0.25960000,1
1506547782,22419243,307.39,3.50611826,1
1506547755,22419236,307.29,0.19020167,1
1506547755,22419235,307.79,0.09990571,1
1506547751,22419231,308.13,0.53204816,1
1506547750,22419227,307.95,1.45000000,0
1506547684,22419161,308.12,1.45696481,1
1506547683,22419160,308.10,0.03000000,0
1506547683,22419159,308.04,0.10000000,0
1506547683,22419158,307.63,4.84000000,0
1506547681,22419157,307.50,14.67867100,0
1506547624,22419134,307.50,0.62400000,0
1506547528,22419094,308.00,21.71560513,1
1506547527,22419093,308.00,17.35580963,0
1506547527,22419092,308.00,0.99754840,0
1506547527,22419091,307.86,0.05000000,0
1506547527,22419090,307.86,0.05000000,0
1506547527,22419089,307.85,2.07000000,0
1506547527,22419088,307.74,0.26971329,0
1506547527,22419087,307.71,1.02278228,0
1506547527,22419086,307.71,0.02259454,0
1506547527,22419085,307.69,1.32816326,0
1506547526,22419084,307.68,3.88432847,0
1506547526,22419083,307.65,1.23345500,0
1506547473,22419046,307.69,3.24352433,0
1506547455,22419043,307.69,0.26831241,0
1506547446,22419036,307.71,0.05258197,0
1506547445,22419035,307.58,1.22120740,0
1506547445,22419034,307.50,0.11478827,0
1506547445,22419031,307.45,0.28475164,0
1506547444,22419030,307.30,0.26954564,0
1506547444,22419029,307.25,0.46363739,0
1506547442,22419028,307.24,0.83997038,0
1506547422,22419021,307.24,2.44620808,0
1506547410,22419012,307.01,0.10000000,0
1506547410,22419011,307.00,0.10000000,0
1506547410,22419010,306.99,0.10000000,0
1506547410,22419009,306.99,0.41060418,0
1506547409,22419006,306.99,3.25092023,0
1506547405,22419005,306.99,0.98886581,0
1506547405,22419004,306.99,0.71297519,0
1506547373,22418977,306.99,0.61817751,0
1506547366,22418970,306.99,2.45192910,0
1506547347,22418963,306.99,2.68408656,0
1506547329,22418950,306.99,1.37884901,0
1506547304,22418923,306.99,0.30785700,0
1506547303,22418920,306.99,0.33405200,0
1506547299,22418914,306.99,0.33405200,0
1506547294,22418912,306.99,17.35580963,0
1506547294,22418911,306.99,0.96349833,0
1506547286,22418899,306.99,0.89742485,0
1506547283,22418895,306.99,0.30000000,0
1506547272,22418889,306.99,3.28719330,0
1506547257,22418881,306.99,9.83010100,0
1506547242,22418879,306.99,8.54399452,1
1506547224,22418868,306.99,1.45600548,0
1506547214,22418863,306.99,0.11478827,0
1506547148,22418836,306.99,0.50000000,0
1506547141,22418835,306.99,47.92920625,0
1506547140,22418833,306.99,12.74079975,0
1506547134,22418831,306.99,3.26034537,0
1506547133,22418830,306.99,0.03031067,0
1506547121,22418822,306.99,0.97370000,0
1506547116,22418818,306.99,12.79272435,0
1506547114,22418817,306.99,0.11835743,0
1506547108,22418813,306.98,0.03031067,0
1506547099,22418801,306.99,18.00000000,0
1506547095,22418798,306.99,2.08376243,1
1506547094,22418797,307.24,0.23140591,0
1506547094,22418796,307.21,0.10524836,0
1506547088,22418795,306.99,2.45623757,0
1506547082,22418787,306.99,15.34307469,0
1506547076,22418781,306.99,0.05217050,0
1506547068,22418774,306.99,0.39177172,0
1506547064,22418771,306.99,3.10564123,0
1506547058,22418766,306.99,1.04881411,0
1506547058,22418765,306.99,0.08212998,0
1506547051,22418763,306.99,0.02195547,0
1506547046,22418760,306.99,0.06885566,0
1506547042,22418758,306.99,4.53972442,0
1506547032,22418754,306.99,0.98538100,0
1506547028,22418721,306.99,15.30267100,0
1506547027,22418720,306.99,3.88432847,0
1506547023,22418719,306.99,0.82000000,0
1506547016,22418713,306.99,1.89724418,0
1506547002,22418709,306.99,17.79082607,0
1506546994,22418704,306.99,0.33715423,1
1506546976,22418693,307.00,25.00000000,0
1506546971,22418690,306.99,0.36284577,0
1506546969,22418688,306.99,1.70715423,1
1506546969,22418686,306.99,1.32444289,0
1506546968,22418683,306.99,1.47000000,0
1506546952,22418668,306.99,0.05204446,1
1506546952,22418667,306.99,1.03771114,1
1506546947,22418663,307.00,4.84000000,0
1506546944,22418662,306.99,0.83228886,0
1506546944,22418661,306.99,1.57556715,0
1506546944,22418655,306.99,0.05214399,0
1506546942,22418652,306.98,2.71221098,0
1506546941,22418651,306.98,0.20000000,0
1506546940,22418649,306.98,9.29000000,0
1506546929,22418637,306.97,0.46281338,0
1506546928,22418632,306.97,0.02456027,0
1506546928,22418631,306.97,1.23716841,0
1506546928,22418630,306.97,0.17253756,0
1506546925,22418619,306.98,0.09995002,0
1506546922,22418612,306.98,3.08675000,0
1506546893,22418589,306.99,1.66969608,0
1506546891,22418588,306.78,4.84000000,0
1506546816,22418561,307.00,9.49684273,1
1506546815,22418560,307.00,1.30000000,0
1506546815,22418559,307.00,0.30867263,0
1506546815,22418558,306.99,3.24000000,0
1506546815,22418557,306.89,10.57019262,0
1506546815,22418556,306.84,0.09796305,0
1506546814,22418555,306.79,4.58361863,0
1506546814,22418554,306.78,10.21000000,0
1506546814,22418553,306.31,10.19271034,0
1506546809,22418552,305.72,4.44750879,1
1506546809,22418551,305.72,1.96249121,0
1506546809,22418550,305.73,10.21000000,0
1506546807,22418549,306.31,39.80728966,0
1506546807,22418548,306.30,3.84000000,0
1506546807,22418547,306.30,1.01600000,0
1506546807,22418546,306.29,5.33671034,0
1506546801,22418544,305.70,0.97081095,1
1506546696,22418489,306.28,0.47621889,1
1506546696,22418488,306.28,1.95899177,0
1506546667,22418475,306.29,3.88419849,0
1506546599,22418428,306.30,0.25000000,0
1506546578,22418421,306.76,3.25205372,0
1506546576,22418420,305.85,3.90000000,1
1506546572,22418419,306.79,0.25638137,0
1506546571,22418418,306.78,10.18000000,0
1506546571,22418417,305.84,0.26100000,0
1506546563,22418414,306.76,0.26070000,0
1506546563,22418413,305.85,0.09828066,0
1506546561,22418409,305.28,5.98940479,0
1506546560,22418407,305.28,0.27399109,0
1506546559,22418405,305.27,0.09828066,0
1506546558,22418398,305.28,14.66014300,0
1506546558,22418396,305.28,0.23000000,0
1506546558,22418395,305.35,3.53000000,1
1506546558,22418394,305.39,0.26100000,1
1506546558,22418393,305.41,0.26070000,1
1506546557,22418392,305.42,1.96451576,1
1506546557,22418391,305.42,14.66026500,1
1506546557,22418390,305.43,3.96000000,1
1506546557,22418389,305.44,13.29746210,1
1506546541,22418364,306.31,2.64487652,0
1506546541,22418363,306.30,6.15949067,0
1506546525,22418338,306.31,0.91265357,0
1506546525,22418337,306.30,1.00000000,0
1506546516,22418327,306.32,1.05406654,0
1506546514,22418320,306.32,10.26571445,0
1506546514,22418317,306.32,1.83300005,0
1506546513,22418312,306.32,0.26912878,0
1506546513,22418310,306.32,1.17313326,0
1506546513,22418309,306.30,0.26110000,0
1506546512,22418306,306.31,0.97245306,0
1506546512,22418305,306.30,1.95886386,0
1506546511,22418302,306.29,0.85611250,0
1506546509,22418301,306.30,0.26903383,0
1506546506,22418295,305.08,22.55886939,1
1506546506,22418293,305.09,0.26110000,1
1506546506,22418292,305.09,29.26835900,1
1506546506,22418291,305.10,16.37520300,1
1506546506,22418290,305.12,3.88357819,1
1506546505,22418287,306.31,0.81342763,0
1506546505,22418286,306.30,0.39145323,0
1506546504,22418284,306.30,1.68360391,0
1506546503,22418283,306.00,0.26971329,1
1506546502,22418281,306.30,7.13797143,1
1506546502,22418280,306.30,1.61596549,1
1506546501,22418277,306.31,5.08317321,0
1506546500,22418276,306.00,0.09823241,0
1506546500,22418275,305.68,0.27152807,0
1506546500,22418273,305.08,0.26100000,1
1506546499,22418271,305.08,0.05000000,1
1506546499,22418269,305.08,0.26110000,1
1506546497,22418263,303.19,48.89713716,0
1506546496,22418259,303.49,0.10000000,1
1506546496,22418258,303.55,5.00000000,1
1506546496,22418257,303.55,0.45000000,0
1506546495,22418256,303.55,12.72395500,0
1506546495,22418255,303.55,2.18220700,0
1506546495,22418252,303.55,9.33697800,0
1506546495,22418249,304.00,1.00000000,1
1506546495,22418248,304.00,4.29125000,1
1506546494,22418246,304.00,6.73000000,1
1506546494,22418243,304.00,0.27152807,0
1506546494,22418241,304.00,0.54274084,0
1506546494,22418239,304.00,12.28132100,0
1506546494,22418234,304.00,3.12076400,0
1506546494,22418232,304.00,9.34856400,0
1506546494,22418231,304.00,4.36284300,0
1506546493,22418230,304.00,1.00000000,0
1506546493,22418229,304.00,9.55101200,0
1506546493,22418228,304.00,7.58531300,0
1506546493,22418227,304.00,33.13367200,0
1506546493,22418226,304.00,11.30079956,0
1506546493,22418224,304.00,0.54646300,0
1506546492,22418211,304.02,0.32666753,1
1506546492,22418210,304.03,4.19000000,1
1506546491,22418208,304.03,0.17253756,0
1506546491,22418207,304.04,9.41388391,0
1506546491,22418206,304.65,0.35482696,1
1506546490,22418205,305.00,10.22000000,0
1506546489,22418204,305.06,0.26110000,1
1506546489,22418203,305.07,18.13820400,1
1506546489,22418202,305.07,52.80700000,1
1506546489,22418201,305.44,0.26100000,1
1506546489,22418200,305.50,0.09823241,1
1506546485,22418198,306.29,0.01739700,0
1506546482,22418196,304.65,0.07517304,1
1506546482,22418193,304.97,0.31597530,1
1506546481,22418191,304.98,0.32789035,1
1506546481,22418190,305.00,1.01600000,1
1506546481,22418189,305.00,1.00000000,1
1506546480,22418188,305.01,4.17000000,1
1506546480,22418186,305.50,0.52625204,1
1506546480,22418184,305.64,0.26954564,1
1506546478,22418182,306.00,1.00000000,1
1506546478,22418181,306.00,18.38993172,1
1506546476,22418177,306.00,3.88357819,1
1506546474,22418176,306.00,40.76443847,1
1506546474,22418175,306.02,0.30867263,1
1506546474,22418174,306.29,8.92688890,1
1506546461,22418164,306.31,6.37518000,1
1506546456,22418160,306.32,0.65425407,0
1506546427,22418147,306.31,0.30482000,1
1506546426,22418146,306.31,3.48000000,0
1506546420,22418141,306.29,0.17000000,1
1506546418,22418129,306.29,0.30392523,1
1506546417,22418126,306.29,1.16937849,1
1506546413,22418122,306.32,1.68042616,0
1506546413,22418121,306.31,3.48000000,0
1506546399,22418111,306.32,1.96059800,1
1506546379,22418102,306.34,4.84000000,0
1506546377,22418101,306.34,1.84000000,0
1506546374,22418099,306.34,0.09796305,1
1506546342,22418081,306.34,3.88357819,1
1506546311,22418028,307.20,0.00008951,1
1506546306,22418020,307.20,0.20234375,1
1506546254,22417939,307.25,10.16000000,0
1506546254,22417936,307.25,8.28474758,1
1506546254,22417935,307.25,9.92503500,1
1506546254,22417934,307.25,4.84000000,1
1506546253,22417933,307.24,4.84000000,0
1506546253,22417931,307.22,9.98715600,0
1506546253,22417930,307.21,1.95306142,0
1506546253,22417929,307.20,10.17000000,0
1506546164,22417878,306.29,4.70758361,0
1506546092,22417841,306.29,11.50794671,0
1506546092,22417840,306.27,0.27005329,0
1506546063,22417825,306.27,0.03837900,0
1506546057,22417823,306.28,1.96227879,0
1506546057,22417822,306.28,1.01000000,0
1506546043,22417812,306.28,1.10951900,0
1506546027,22417808,306.29,3.88357819,0
1506546023,22417807,306.00,36.46884900,1
1506546022,22417806,306.01,4.37000000,1
1506546022,22417805,306.02,19.16115100,1
1506546014,22417801,306.29,0.50207000,0
1506546006,22417795,306.29,0.50100947,0
1506546003,22417791,306.29,0.03031067,0
1506545966,22417766,306.29,4.94033159,0
1506545925,22417732,306.02,7.27377788,1
1506545925,22417731,306.27,0.09995002,1
1506545893,22417714,306.29,2.39723082,0
1506545891,22417711,306.58,0.17702800,1
1506545888,22417706,306.58,0.10000000,1
1506545888,22417705,306.58,0.10000000,1
1506545887,22417703,306.58,0.10000000,1
1506545886,22417702,306.58,0.10000000,1
1506545885,22417701,306.58,0.10000000,1
1506545885,22417699,306.58,0.10000000,1
1506545882,22417693,306.30,0.25970000,1
1506545880,22417683,306.27,2.39696254,0
1506545859,22417675,306.28,0.70000000,1
1506545854,22417665,306.29,1.25000000,1
1506545751,22417594,306.69,19.77000000,1
1506545751,22417593,306.73,1.23000000,1
1506545708,22417511,306.66,0.52120740,1
1506545708,22417510,306.83,0.05000000,1
1506545708,22417509,306.91,0.20350579,1
1506545706,22417508,307.00,1.22528681,1
1506545652,22417473,307.00,0.30530000,1
1506545650,22417469,307.00,0.11048952,1
1506545645,22417460,307.00,0.19470611,1
1506545630,22417450,307.00,0.20000000,1
1506545605,22417404,307.00,1.30832179,1
1506545605,22417403,307.00,0.69167821,1
1506545542,22417357,307.02,0.25182755,1
1506545522,22417347,307.69,0.24154181,0
1506545467,22417295,307.00,0.28376152,1
1506545444,22417265,306.84,8.94136391,0
1506545443,22417264,306.85,5.19000000,1
1506545443,22417263,307.00,7.02832850,1
1506545443,22417262,307.01,0.25970000,1
1506545443,22417261,307.17,1.02278228,1
1506545438,22417257,307.17,0.07517651,1
1506545438,22417256,307.27,0.05000000,1
1506545419,22417211,307.37,0.78933589,1
1506545419,22417209,307.37,0.89870677,1
1506545419,22417208,307.37,2.13669896,1
1506545419,22417207,307.39,0.67140506,1
1506545394,22417179,307.39,2.83589357,1
1506545394,22417178,307.45,0.13153020,1
1506545298,22417096,307.90,0.12140100,0
1506545281,22417079,307.40,1.95000000,1
1506545279,22417076,307.98,0.81979363,0
1506545279,22417075,307.97,0.01908493,0
1506545278,22417074,307.97,0.16488619,0
1506545262,22417057,307.39,0.52293484,1
1506545242,22417047,307.95,0.31507338,0
1506545236,22417040,307.94,2.02601710,0
1506545235,22417036,307.94,1.29103072,0
1506545234,22417032,307.93,2.83000000,0
1506545232,22417023,307.37,0.78933589,0
1506545231,22417015,307.37,9.86485342,0
1506545214,22416976,307.37,3.31704782,1
1506545173,22416935,307.37,0.18397112,1
1506545018,22416811,307.99,9.97279931,0
1506545018,22416810,307.98,7.75296832,0
1506545017,22416809,307.98,7.20000000,0
1506545017,22416808,307.98,0.84423237,0
1506545017,22416807,307.97,3.50000000,0
1506545017,22416806,307.95,0.03000000,0
1506545017,22416805,307.94,0.70000000,0
1506544900,22416612,307.86,3.15000000,1
1506544803,22416514,307.98,2.42911877,0
1506544777,22416496,307.98,0.49798212,0
1506544762,22416489,307.96,1.45402823,0
1506544751,22416482,307.97,1.00000000,0
1506544751,22416481,307.89,0.10298895,0
1506544740,22416468,306.63,0.61869003,1
1506544737,22416462,307.99,3.01799115,1
1506544732,22416459,307.99,2.77798501,1
1506544732,22416458,307.99,0.06863699,1
1506544726,22416445,307.99,0.16936043,1
1506544724,22416442,307.99,0.03000000,0
1506544722,22416438,307.97,2.48152477,0
1506544722,22416436,307.75,0.90241000,0
1506544721,22416426,307.97,0.37271896,0
1506544720,22416424,307.97,0.60166648,0
1506544720,22416423,307.95,0.18399694,0
1506544720,22416421,307.89,0.25970000,0
1506544720,22416420,307.79,0.10000000,0
1506544719,22416415,306.41,0.13179556,1
1506544719,22416414,306.42,3.52000000,1
1506544719,22416413,306.55,0.03255240,1
1506544719,22416411,306.55,0.26926171,1
1506544718,22416410,307.26,0.25970000,1
1506544717,22416408,307.95,0.59600306,0
1506544716,22416404,307.77,0.10000000,1
1506544715,22416403,307.77,0.30399694,0
1506544715,22416401,307.77,1.00000000,0
1506544715,22416398,307.75,0.10000000,1
1506544715,22416397,307.75,0.10000000,1
1506544714,22416394,307.75,3.89000000,1
1506544712,22416389,307.75,0.10000000,1
1506544711,22416384,307.75,0.10000000,1
1506544710,22416379,307.56,1.09656631,0
1506544710,22416378,307.50,1.58760700,0
1506544710,22416377,307.49,2.80282015,0
1506544710,22416375,307.25,1.53104597,0
1506544709,22416367,307.25,1.52080684,0
1506544709,22416366,307.25,0.35556929,0
1506544709,22416364,307.25,0.19257790,0
1506544709,22416363,307.12,0.06263127,0
1506544708,22416362,306.70,0.27056659,0
1506544708,22416359,306.55,0.03256870,0
1506544706,22416348,306.55,0.01743130,0
1506544706,22416344,304.97,0.08606109,1
1506544705,22416341,304.97,0.17413891,1
1506544705,22416339,304.97,1.96740663,0
1506544705,22416338,304.74,0.06312122,1
1506544705,22416336,304.00,1.61533324,1
1506544705,22416335,304.00,0.30636651,0
1506544705,22416333,304.00,1.77830025,1
1506544703,22416327,303.83,1.00000000,1
1506544703,22416326,303.83,53.13210636,1
1506544703,22416324,303.83,0.06312122,0
1506544703,22416323,303.83,0.27056659,0
1506544703,22416322,303.83,2.20901000,0
1506544702,22416321,303.83,7.88038900,0
1506544702,22416320,303.83,17.22317600,0
1506544702,22416318,303.83,2.35228300,0
1506544702,22416316,303.83,13.70377100,0
1506544702,22416314,303.83,7.36100800,0
1506544701,22416312,303.83,13.72182200,0
1506544701,22416310,303.83,8.22035100,0
1506544701,22416307,303.83,45.81764000,0
1506544701,22416305,303.83,4.36996500,0
1506544701,22416303,303.83,1.93128800,0
1506544700,22416302,303.83,1.36566300,0
1506544700,22416301,303.83,3.55914400,0
1506544700,22416300,303.83,21.14368600,0
1506544700,22416299,303.83,5.93773500,0
1506544700,22416298,303.83,0.17219113,0
1506544700,22416297,303.83,0.32789035,0
1506544700,22416295,303.83,0.44324324,0
1506544700,22416293,303.83,0.32561159,0
1506544699,22416292,303.83,0.43000000,0
1506544699,22416291,303.83,2.51916000,0
1506544699,22416290,303.83,2.51916000,0
1506544698,22416289,303.84,36.64085500,1
1506544697,22416286,304.05,0.02259497,1
1506544697,22416283,304.05,2.70838200,0
1506544697,22416282,304.05,7.59653100,0
1506544697,22416281,304.05,20.98579500,0
1506544697,22416280,304.05,28.82140300,0
1506544697,22416279,304.05,7.06771500,0
1506544696,22416275,304.05,4.93094800,0
1506544696,22416273,304.05,3.29672700,0
1506544695,22416269,304.08,4.73370849,1
1506544695,22416266,304.08,2.38398300,1
1506544695,22416263,304.08,1.05000000,1
1506544695,22416260,304.08,4.84000000,1
1506544695,22416259,304.08,2.91455696,1
1506544695,22416258,304.08,12.15004700,1
1506544694,22416257,304.11,0.05000164,1
1506544694,22416255,304.11,3.43656300,0
1506544694,22416251,304.11,2.76685000,0
1506544694,22416249,304.11,2.51916000,0
1506544694,22416248,304.11,0.65643800,0
1506544693,22416244,304.24,0.05000000,1
1506544693,22416241,304.90,0.02253198,1
1506544693,22416239,304.90,1.58904510,0
1506544693,22416237,304.90,2.88230566,0
1506544692,22416235,304.98,1.68037248,1
1506544692,22416234,305.00,1.00000000,0
1506544692,22416233,305.00,1.19560655,1
1506544691,22416232,305.00,1.01000000,1
1506544691,22416230,305.00,2.70966725,1
1506544691,22416229,305.00,1.33191000,0
1506544691,22416228,305.01,0.88000000,0
1506544691,22416227,305.01,4.41000000,0
1506544690,22416225,305.52,0.42000000,1
1506544690,22416223,305.52,1.37100000,0
1506544690,22416221,305.52,0.32423027,0
1506544689,22416218,305.58,0.10000000,1
1506544689,22416216,305.88,0.10000000,1
1506544689,22416215,305.88,1.20000000,0
1506544689,22416214,305.88,1.17153200,0
1506544689,22416213,305.88,4.32332400,0
1506544688,22416211,306.00,14.37150326,1
1506544688,22416208,306.00,5.62797385,1
1506544688,22416207,306.00,4.43052287,1
1506544688,22416206,306.00,18.40748366,1
1506544687,22416202,306.09,0.05000000,1
1506544687,22416201,306.09,43.71300000,0
1506544687,22416200,306.09,1.33355500,0
1506544687,22416197,306.09,1.59491300,0
1506544687,22416193,306.09,7.90606900,0
1506544687,22416188,306.09,20.07700000,0
1506544686,22416187,306.09,34.05916000,0
1506544686,22416186,306.09,0.17219113,0
1506544686,22416184,306.13,0.10000000,1
1506544685,22416183,306.14,0.97000000,1
1506544685,22416181,306.19,0.02433129,1
1506544684,22416177,306.33,0.10000000,1
1506544684,22416175,306.33,0.26020000,0
1506544684,22416174,306.33,0.06263127,0
1506544684,22416173,306.48,0.10000000,1
1506544684,22416172,306.48,8.25856384,0
1506544683,22416170,306.60,4.85000000,1
1506544683,22416169,306.62,1.00000000,0
1506544683,22416166,307.25,1.09656631,1
1506544681,22416163,307.26,24.18713600,1
1506544652,22416146,307.49,0.12684200,0
1506544645,22416138,307.49,0.57002500,0
1506544631,22416131,307.50,0.41239300,0
1506544605,22416127,307.23,1.15608587,0
1506544605,22416126,307.24,1.95112720,0
1506544603,22416124,307.25,3.49968693,1
1506544584,22416100,307.72,0.10000000,0
1506544584,22416097,307.71,0.10000000,0
1506544583,22416092,307.98,2.09199681,0
1506544583,22416091,307.97,4.00000000,0
1506544583,22416090,307.96,6.12597000,0
1506544583,22416089,307.78,0.01733500,0
1506544583,22416088,307.77,0.03000000,0
1506544582,22416087,307.77,6.75943626,0
1506544582,22416086,307.76,1.94957109,0
1506544582,22416085,307.74,0.21747106,0
1506544582,22416084,307.73,0.03000000,0
1506544582,22416083,307.71,1.09492144,0
1506544582,22416082,307.69,0.03000000,0
1506544582,22416080,307.44,0.03000000,0
1506544582,22416079,307.24,0.03000000,0
1506544581,22416077,307.09,0.03000000,1
1506544535,22416040,307.00,3.00000000,0
1506544424,22415978,307.52,2.41681841,0
1506544424,22415977,307.43,0.02651999,0
1506544423,22415976,307.42,0.23696100,1
1506544423,22415975,307.42,0.21490300,0
1506544340,22415926,307.41,0.02303900,0
1506544323,22415919,306.81,0.28487097,1
1506544322,22415918,306.81,0.08774329,1
1506544311,22415915,306.78,0.26000000,1
1506544311,22415914,306.78,1.09492144,1
1506544311,22415913,306.92,1.46305300,1
1506544263,22415883,307.23,0.21490300,1
1506544242,22415871,307.43,0.00348001,0
1506544242,22415870,307.38,1.08928299,0
1506544234,22415867,307.38,0.00348036,0
1506544234,22415866,306.85,0.26507578,0
1506544234,22415865,306.88,0.46100000,1
1506544233,22415864,306.99,0.26892422,1
1506544233,22415861,307.18,0.03000000,0
1506544232,22415859,307.07,0.27015128,0
1506544232,22415858,307.06,0.02562630,0
1506544232,22415857,307.03,0.02562881,0
1506544232,22415856,306.99,0.03000000,0
1506544231,22415855,306.98,0.03000000,0
1506544231,22415853,306.96,0.03000000,0
1506544231,22415851,306.89,0.10019588,0
1506544226,22415815,306.83,0.03000000,0
1506544212,22415763,306.75,6.75943626,0
1506544210,22415761,306.75,10.12000000,0
1506544195,22415751,306.75,17.99672092,0
1506544166,22415741,306.74,3.50546300,0
1506544161,22415729,306.34,0.49453678,1
1506544161,22415728,306.34,3.50546322,1
1506544145,22415711,306.75,10.55342700,0
1506544141,22415710,306.75,1.57040000,0
1506544128,22415706,306.75,6.60040746,0
1506544127,22415705,306.75,6.05600000,0
1506544122,22415701,306.75,6.34360836,0
1506544122,22415700,306.74,1.70000000,0
1506544122,22415699,306.73,0.01734800,0
1506544122,22415698,306.69,0.03000000,0
1506544122,22415697,306.66,0.03000000,0
1506544122,22415696,306.65,0.29720523,0
1506544122,22415695,306.63,0.80167428,0
1506544122,22415694,306.60,0.03000000,0
1506544121,22415693,306.52,4.73370849,0
1506544121,22415692,306.50,4.01645564,0
1506544121,22415691,306.50,6.87699836,0
1506544100,22415673,306.50,0.10654600,0
1506544037,22415622,306.50,1.00000000,0
1506544018,22415613,306.52,2.38398300,0
1506544016,22415611,306.52,1.05000000,0
1506544013,22415609,306.52,4.84000000,0
1506543993,22415589,306.52,2.91455696,0
1506543990,22415583,306.52,12.15004700,0
1506543928,22415535,306.48,1.52746394,0
1506543924,22415531,306.48,0.88511485,0
1506543924,22415530,306.41,0.03000000,0
1506543923,22415529,306.30,0.03000000,0
1506543923,22415528,306.21,0.03000000,0
1506543923,22415527,306.06,0.03000000,0
1506543921,22415525,306.05,0.03000000,0
1506543920,22415522,305.95,2.01785083,0
1506543917,22415519,305.95,1.22127105,0
1506543916,22415518,305.95,2.67673663,0
1506543916,22415517,305.95,17.34652721,0
1506543899,22415501,305.95,10.00000000,0
1506543848,22415469,305.95,2.60505006,0
1506543837,22415463,305.95,0.40397600,0
1506543834,22415459,305.95,0.03589700,0
1506543833,22415458,305.94,0.94147185,1
1506543832,22415455,305.95,1.46068600,0
1506543831,22415454,305.94,1.73000000,1
1506543830,22415453,305.95,4.80000000,0
1506543828,22415452,305.94,2.01000000,1
1506543827,22415449,305.94,2.08032605,0
1506543827,22415447,305.85,0.03000000,0
1506543822,22415440,305.70,0.03000000,0
1506543807,22415435,305.94,2.03496700,0
1506543807,22415434,305.61,1.26213000,0
1506543807,22415433,305.61,1.73787000,1
1506543786,22415417,305.61,1.00000000,1
1506543783,22415412,305.61,0.10213000,1
1506543774,22415402,305.61,1.00000000,1
1506543759,22415393,305.61,1.00000000,1
1506543755,22415392,305.94,18.34276704,0
1506543755,22415391,305.93,1.65723296,0
1506543752,22415387,305.93,0.30400000,0
1506543675,22415336,305.94,1.00000000,0
1506543652,22415327,305.94,1.00000000,0
1506543613,22415313,305.94,2.22014120,0
1506543611,22415312,305.92,1.22621931,0
1506543596,22415290,305.95,19.46076809,0
1506543596,22415288,305.95,4.84000000,1
1506543594,22415273,305.94,2.79000000,0
1506543581,22415252,305.50,3.07378069,0
1506543579,22415251,305.50,1.22621931,1
1506543528,22415202,305.94,0.01733500,0
1506543526,22415191,305.74,4.84000000,1
1506543462,22415123,305.95,13.97123713,1
1506543403,22415071,305.97,0.80167428,1
1506543281,22415006,305.91,0.29720523,1
1506543266,22414997,306.48,1.09000000,0
1506543259,22414991,305.98,2.00000000,1
1506543236,22414971,306.53,12.89480018,0
1506543236,22414970,306.44,0.03000000,0
1506543236,22414969,306.24,0.03000000,0
1506543236,22414968,306.09,0.03000000,0
1506543236,22414967,306.01,0.03214297,0
1506543236,22414966,306.00,0.20000000,0
1506543236,22414965,306.00,4.78305685,0
1506543208,22414932,305.98,1.22428805,0
1506543200,22414912,305.40,1.88382301,1
1506543199,22414911,305.60,0.12611552,1
1506543197,22414907,305.60,0.13487948,0
1506543197,22414906,305.60,0.12612052,0
1506543191,22414896,305.16,0.09302304,1
1506543189,22414890,305.51,0.40697696,1
1506543147,22414831,305.14,0.14587595,0
1506543147,22414830,305.14,0.01734800,0
1506543147,22414829,305.33,0.10000000,1
1506543146,22414828,305.38,0.26100000,1
1506543146,22414827,305.48,0.10000000,1
1506543146,22414826,305.50,1.22428805,1
1506543144,22414824,305.51,0.15148800,1
1506543006,22414659,306.00,2.51694315,0
1506543002,22414651,305.98,4.88401246,0
1506543002,22414648,305.83,0.03216192,0
1506543002,22414646,305.70,0.03217562,0
1506543002,22414642,305.69,9.25000000,0
1506542988,22414609,305.69,0.89823400,1
1506542988,22414606,305.68,0.26000000,0
1506542978,22414599,305.03,0.66775837,0
1506542978,22414598,305.20,0.03217562,1
1506542977,22414596,305.25,1.96560984,1
1506542977,22414595,305.25,0.27015128,0
1506542977,22414594,305.33,0.03216192,1
1506542975,22414593,305.51,0.03214297,1
1506542950,22414558,305.50,4.84000000,1
1506542949,22414557,305.50,0.88000000,1
1506542949,22414556,305.51,1.58000000,1
1506542911,22414482,306.65,0.01735830,0
1506542906,22414481,305.33,0.56048682,1
1506542905,22414479,306.52,1.43951318,1
1506542904,22414478,306.52,1.30000000,1
1506542904,22414477,306.52,1.10048682,1
1506542844,22414415,306.52,1.00000000,1
1506542841,22414410,305.20,2.12256746,0
1506542841,22414409,306.50,4.84000000,1
1506542839,22414404,306.53,2.79043925,1
1506542839,22414403,306.53,0.34117689,1
1506542838,22414402,306.53,0.02562881,1
1506542838,22414401,306.56,0.02562630,1
1506542800,22414336,306.56,0.19996086,1
1506542790,22414324,306.52,0.12577300,1
1506542790,22414323,306.53,0.26000000,1
1506542775,22414269,306.59,1.03479483,0
1506542775,22414268,306.60,0.57000000,0
1506542773,22414264,307.43,3.12630517,1
1506542772,22414261,307.10,0.12009980,0
1506542758,22414245,306.90,0.24518965,1
1506542758,22414244,306.91,1.09276335,1
1506542754,22414237,306.89,1.21000000,1
1506542753,22414235,307.48,0.00000097,1
1506542752,22414233,307.48,3.96438000,1
1506542751,22414232,306.89,0.60561903,0
1506542750,22414231,307.25,0.61240175,1
1506542750,22414229,307.70,0.00215088,0
1506542750,22414228,307.70,1.62225600,1
1506542750,22414227,307.60,8.76404568,0
1506542749,22414226,307.49,3.49081028,0
1506542749,22414225,307.49,0.61230269,1
1506542749,22414224,307.48,1.94000000,0
1506542748,22414221,307.34,1.09126144,0
1506542747,22414220,307.20,0.03200522,0
1506542747,22414218,307.05,0.37917103,0
1506542747,22414217,306.88,0.03000000,0
1506542739,22414213,306.86,0.56847936,0
1506542739,22414211,306.58,0.03000000,0
1506542739,22414210,306.49,2.62545189,0
1506542732,22414203,306.49,3.25622369,0
1506542731,22414201,306.48,0.26100000,1
1506542727,22414197,306.49,4.68196613,0
1506542727,22414196,306.47,13.29746210,0
1506542727,22414195,305.87,0.02057177,0
1506542725,22414192,305.00,0.43923683,1
1506542725,22414191,305.37,0.02057177,1
1506542725,22414190,306.48,0.54019140,1
1506542724,22414189,306.48,1.95771339,0
1506542724,22414188,306.48,2.31000000,0
1506542724,22414187,306.34,0.03209521,0
1506542723,22414186,305.00,6.85109592,1
1506542723,22414185,305.02,0.10000000,1
1506542723,22414184,305.02,0.06730706,1
1506542722,22414183,305.22,0.10000000,1
1506542722,22414182,305.37,0.10000000,1
1506542722,22414181,305.84,0.03209521,1
1506542722,22414180,305.86,4.84000000,1
1506542722,22414179,305.98,1.21802078,1
1506542722,22414178,306.07,0.26100000,1
1506542722,22414176,306.42,1.22029306,1
1506542702,22414147,306.35,0.06000000,0
1506542701,22414146,306.33,0.03000000,0
1506542666,22414102,306.13,0.03000000,1
1506542666,22414101,306.13,0.03000000,1
1506542658,22414075,306.92,2.65359051,0
1506542658,22414074,306.91,0.25920000,1
1506542658,22414072,306.51,0.07832424,0
1506542656,22414067,306.50,0.26100000,0
1506542651,22414047,305.91,10.00000000,1
1506542641,22414012,305.89,0.67700864,0
1506542641,22414007,305.89,5.90207198,1
1506542629,22413963,305.04,2.73900000,0
1506542629,22413961,305.84,0.26100000,1
1506542607,22413935,305.02,7.39539012,0
1506542607,22413934,306.01,0.07832424,1
1506542606,22413933,306.50,1.52792988,1
1506542606,22413931,306.60,0.09256418,1
1506542606,22413930,306.60,0.03200522,0
1506542605,22413929,306.61,4.84000000,1
1506542605,22413927,306.63,1.95676354,1
1506542605,22413926,306.70,0.67075317,1
1506542605,22413925,306.70,0.05214790,1
1506542603,22413924,307.03,1.09126144,1
1506542603,22413923,307.03,0.06286031,1
1506542600,22413920,307.04,0.26886629,1
1506542570,22413871,307.05,2.89101723,1
1506542551,22413818,307.05,0.02563300,1
1506542550,22413815,307.05,0.52205882,1
1506542546,22413807,307.05,0.05210123,1
1506542546,22413805,307.63,0.06273770,1
1506542546,22413804,307.74,0.21747107,1
1506542545,22413803,307.89,1.91341229,0
1506542545,22413802,307.88,1.94881123,0
1506542544,22413799,307.74,0.05210399,1
1506542524,22413740,307.90,1.30399675,0
1506542524,22413738,307.89,9.44546725,0
1506542521,22413732,308.00,0.26759187,0
1506542521,22413731,308.00,0.62383145,0
1506542520,22413727,308.00,0.24513298,0
1506542519,22413721,308.23,0.06319956,1
1506542518,22413719,307.03,2.55753278,1
1506542518,22413717,307.03,1.95424671,1
1506542518,22413715,307.74,0.26822051,1
1506542517,22413712,307.03,4.84000000,1
1506542516,22413711,308.50,1.27367721,0
1506542516,22413710,308.50,3.47444091,0
1506542516,22413709,308.50,10.08178100,0
1506542516,22413708,308.08,0.06323101,0
1506542515,22413707,308.00,0.40000000,0
1506542515,22413706,307.74,0.26970987,0
1506542513,22413704,307.02,10.44271952,1
1506542513,22413702,307.19,0.05198099,0
1506542511,22413694,305.17,3.75361806,0
1506542510,22413692,305.17,33.63529497,0
1506542510,22413688,305.23,0.06323101,1
1506542510,22413687,305.23,0.32511569,0
1506542510,22413685,305.23,0.10000000,0
1506542510,22413683,305.23,0.10000000,0
1506542509,22413682,305.23,0.10000000,0
1506542509,22413681,305.23,0.10000000,0
1506542509,22413680,305.23,0.10000000,0
1506542508,22413678,305.83,0.06310695,1
1506542508,22413673,306.00,4.60700772,0
1506542508,22413671,306.00,0.26830704,0
1506542507,22413670,306.00,0.23299228,1
1506542507,22413668,306.00,0.40000000,1
1506542507,22413666,306.01,0.07772204,1
1506542507,22413664,306.01,0.26970987,1
1506542507,22413663,306.01,0.98036012,1
1506542506,22413658,307.19,2.58376300,1
1506542506,22413655,307.19,2.67069756,1
1506542506,22413653,307.19,3.30347606,1
1506542505,22413651,307.19,1.71662694,1
1506542505,22413650,307.19,2.51437306,1
1506542505,22413643,308.51,53.78900347,0
1506542505,22413641,308.08,0.00003895,0
1506542505,22413639,307.69,0.07802337,0
1506542502,22413624,306.00,5.18469187,0
1506542502,22413621,306.01,10.34564171,1
1506542502,22413616,306.43,0.06298339,1
1506542501,22413614,306.45,1.06000000,0
1506542501,22413613,306.51,22.45806009,1
1506542501,22413612,306.51,2.50375280,0
1506542500,22413610,306.52,28.07229545,1
1506542500,22413609,306.61,4.84000000,1
1506542500,22413608,306.61,6.00000000,0
1506542500,22413607,306.61,2.11865000,0
1506542499,22413604,306.63,5.28000000,1
1506542499,22413601,307.00,1.34751580,1
1506542499,22413599,307.00,1.04426710,1
1506542499,22413598,307.00,0.07802337,0
1506542498,22413596,307.02,0.26876467,1
1506542498,22413595,307.03,0.06286031,1
1506542498,22413594,307.03,1.19452453,0
1506542498,22413593,307.03,2.11865000,0
1506542498,22413590,307.04,0.19423797,1
1506542497,22413588,307.05,0.26868998,0
1506542497,22413587,307.05,0.58000000,0
1506542497,22413586,307.19,0.17219113,0
1506542495,22413583,307.19,0.28242996,0
1506542495,22413579,308.07,2.50349754,1
1506542492,22413576,308.08,0.07788549,0
1506542490,22413575,308.07,0.07792000,0
1506542488,22413571,307.04,0.07426042,1
1506542488,22413570,307.04,0.07792444,0
1506542488,22413569,307.20,0.84338816,1
1506542488,22413568,307.20,0.84868302,1
1506542487,22413567,307.21,0.26847283,1
1506542487,22413566,307.21,0.12787948,0
1506542487,22413565,307.57,0.25920000,1
1506542486,22413563,307.58,1.95068743,0
1506542486,22413562,307.88,3.47444091,1
1506542484,22413560,308.56,8.61503300,1
1506542478,22413552,308.56,0.26737850,0
1506542477,22413551,308.58,0.14107419,1
1506542477,22413550,308.58,0.07789658,1
1506542476,22413548,307.20,0.12787948,1
1506542475,22413543,307.50,0.26752045,0
1506542475,22413540,307.69,0.07789658,1
1506542475,22413538,308.59,2.22985562,1
1506542474,22413537,308.59,0.25890000,1
1506542474,22413532,308.75,1.52481234,0
1506542474,22413531,308.64,0.67120431,0
1506542474,22413530,308.62,2.79688328,0
1506542474,22413529,308.58,1.08577093,0
1506542473,22413528,308.57,1.94445345,0
1506542473,22413527,308.57,3.26059888,0
1506542472,22413519,308.57,9.50620000,0
1506542471,22413518,308.57,0.17520112,0
1506542470,22413516,308.29,0.05000000,0
1506542470,22413515,307.20,0.50000000,0
1506542470,22413514,307.20,0.34380989,0
1506542470,22413512,307.20,1.50808310,0
1506542469,22413511,307.20,0.91950223,0
1506542469,22413506,307.20,4.09000000,0
1506542469,22413504,308.57,1.50502722,1
1506542468,22413500,307.50,0.07005371,0
1506542468,22413499,307.50,8.76404568,1
1506542468,22413497,307.63,0.06273770,1
1506542468,22413496,307.64,4.61913607,1
1506542467,22413494,307.68,1.08577093,1
1506542467,22413492,307.69,0.05000000,1
1506542467,22413491,308.05,3.03455776,1
1506542467,22413490,308.07,0.49688328,1
1506542467,22413489,308.59,1.81681487,1
1506542467,22413488,308.59,2.49000000,0
1506542466,22413487,308.07,2.00000000,1
1506542466,22413484,308.58,1.58781157,1
1506542464,22413479,308.57,2.49444246,0
1506542464,22413477,308.07,0.30000000,1
1506542456,22413462,308.62,1.84000761,0
1506542429,22413454,308.05,1.34000000,1
1506542427,22413453,308.88,0.90979513,0
1506542427,22413451,308.69,0.09020487,0
1506542427,22413449,308.69,2.39969608,0
1506542427,22413448,308.55,0.08030392,0
1506542427,22413447,308.55,0.01695302,0
1506542426,22413446,308.05,0.76304374,0
1506542425,22413443,308.05,3.44151018,0
1506542424,22413432,308.05,0.17219113,0
1506542422,22413428,308.05,0.09725694,1
1506542422,22413427,308.09,0.36599801,1
1506542422,22413425,308.88,1.86051074,0
1506542422,22413423,308.68,0.09721591,0
1506542421,22413421,308.67,0.02755714,0
1506542421,22413418,308.55,0.61167781,0
1506542421,22413417,308.55,3.37168031,0
1506542419,22413410,308.55,0.09233788,0
1506542419,22413409,308.09,0.16309912,0
1506542419,22413404,308.09,1.18812986,0
1506542418,22413402,308.09,0.39275500,0
1506542417,22413401,308.09,1.18817244,0
1506542416,22413399,308.08,4.28778000,0
1506542416,22413396,308.09,0.96287081,0
1506542416,22413395,308.09,0.39275500,0
1506542415,22413394,308.09,0.55221777,1
1506542413,22413386,308.09,2.33000000,1
1506542413,22413385,308.19,2.15000000,1
1506542412,22413383,308.55,0.37118800,0
1506542412,22413380,308.56,0.39311600,1
1506542411,22413376,308.09,7.47815583,0
1506542410,22413374,308.09,1.14697500,0
1506542410,22413371,308.09,0.30696822,0
1506542410,22413370,308.09,8.57800000,0
1506542409,22413367,308.15,2.48990095,1
1506542408,22413363,308.17,0.25890000,1
1506542407,22413361,308.18,0.09721591,1
1506542405,22413354,308.18,4.81244286,0
1506542405,22413353,308.18,0.02755714,1
1506542380,22413330,308.96,0.31078144,1
1506542380,22413329,308.96,0.48531995,1
1506542378,22413321,308.97,1.23122134,0
1506542376,22413320,308.98,1.00000000,1
1506542374,22413313,308.96,3.34549066,1
1506542374,22413312,308.96,0.17450934,1
1506542373,22413306,308.96,3.34743524,0
1506542371,22413299,308.96,0.48529078,0
1506542369,22413296,308.05,4.84000000,1
1506542369,22413291,308.96,1.00727398,0
1506542364,22413285,308.99,0.01717990,0
1506542362,22413284,308.50,2.00003263,0
1506542360,22413283,308.55,4.84000000,1
1506542359,22413282,308.50,12.60034268,0
1506542359,22413279,308.53,1.94093461,1
1506542359,22413277,308.54,3.45869008,1
1506542359,22413273,309.00,0.01715210,0
1506542354,22413257,309.00,0.27647249,0
1506542349,22413253,309.00,0.32856372,0
1506542349,22413252,309.00,0.22828628,0
1506542342,22413246,309.00,0.42433656,0
1506542340,22413244,308.90,0.75000000,0
1506542338,22413238,308.90,0.25000000,1
1506542298,22413222,309.00,0.01715210,0
1506542298,22413221,309.00,2.62992900,0
1506542297,22413220,308.99,3.96000000,0
1506542295,22413213,309.00,0.90029605,0
1506542295,22413211,309.00,1.06600000,0
1506542295,22413210,309.00,0.52000000,0
1506542295,22413209,309.00,0.22026795,0
1506542294,22413205,308.99,4.94066890,1
1506542291,22413194,308.99,1.00000000,1
1506542290,22413192,309.00,0.37973205,0
1506542290,22413190,309.00,1.09900000,0
1506542290,22413189,309.00,0.13000000,0
1506542290,22413188,309.00,10.00000000,0
1506542290,22413187,309.00,1.26660195,0
1506542287,22413170,308.99,4.02502010,0
1506542287,22413169,308.99,5.94067400,0
1506542281,22413155,308.99,0.01715270,0
1506542260,22413134,308.99,0.01715320,0
1506542235,22413090,308.98,0.01715770,0
1506542206,22413066,308.90,0.01715210,0
1506542191,22413044,309.00,0.73339805,0
1506542189,22413042,308.90,0.08657830,0
1506542184,22413032,308.50,1.24591984,0
1506542183,22413026,308.50,3.52716369,0
1506542180,22413021,308.50,1.18725774,0
1506542180,22413017,308.50,4.62085281,0
1506542179,22413014,308.49,1.18741208,0
1506542177,22413008,308.13,6.86281610,1
1506542176,22413007,308.50,1.48968704,0
1506542176,22413006,308.49,1.21981696,0
1506542174,22412999,308.50,1.62506400,0
1506542172,22412996,308.12,1.21981696,1
1506542168,22412992,308.99,8.59512728,1
1506542168,22412990,308.99,1.94181041,0
1506542168,22412989,308.99,0.05000000,0
1506542168,22412988,308.75,1.00000000,0
1506542168,22412987,308.63,0.09723169,0
1506542167,22412985,308.50,1.91748878,0
1506542167,22412984,308.50,1.00000000,0
1506542167,22412983,308.49,0.25870000,0
1506542167,22412982,308.49,2.75841521,0
1506542167,22412981,308.48,0.38119400,0
1506542141,22412944,308.11,17.22464219,1
1506542104,22412865,307.79,0.74129561,0
1506542104,22412864,307.79,0.25870000,0
1506542102,22412861,308.00,0.00000439,1
1506542100,22412854,308.39,0.00001128,0
1506542099,22412852,308.39,2.49424755,0
1506542083,22412823,308.00,13.27807561,0
1506542082,22412821,308.00,21.31246637,1
1506542082,22412820,308.01,3.77000000,1
1506542082,22412819,308.23,3.11083581,1
1506542082,22412818,308.23,1.51077201,1
1506542082,22412817,308.30,1.00000000,1
1506542072,22412812,308.49,0.31716603,0
1506542066,22412807,308.49,2.00016207,0
1506542062,22412802,308.49,0.01718050,0
1506542047,22412787,308.49,0.01718050,0
1506542047,22412786,308.48,3.73027800,0
1506542034,22412756,308.49,0.47142800,0
1506542034,22412755,308.49,0.18375861,0
1506542021,22412716,308.49,0.01719500,0
1506542016,22412707,308.23,8.81226226,0
1506542015,22412702,308.23,1.18773774,0
1506542006,22412697,308.49,0.03826311,0
1506541994,22412671,308.00,3.68753363,1
1506541993,22412670,308.00,11.88488594,0
1506541993,22412668,308.02,0.05000000,1
1506541993,22412667,308.12,2.97427292,1
1506541992,22412666,308.13,0.09723169,1
1506541992,22412665,308.29,2.49425883,1
1506541992,22412664,308.29,1.18682083,0
1506541991,22412661,308.35,0.38000000,0
1506541990,22412660,308.35,9.00000000,1
1506541986,22412659,308.64,0.01717210,0
1506541979,22412650,308.64,16.65523768,0
1506541978,22412649,308.35,1.00000000,1
1506541978,22412647,308.64,1.34472969,0
1506541965,22412643,308.64,0.33342377,0
1506541933,22412629,308.25,0.04831063,1
1506541928,22412628,308.66,0.01785020,0
1506541884,22412595,308.12,2.97576008,0
1506541883,22412594,308.13,0.88342651,1
1506541863,22412572,308.97,2.86084106,0
1506541863,22412571,308.97,1.03594504,0
1506541856,22412558,308.51,0.51909576,1
1506541844,22412535,308.51,0.14984928,1
1506541838,22412530,308.98,1.39547578,0
1506541838,22412529,308.84,0.19996111,0
1506541831,22412524,308.51,0.36700000,1
1506541828,22412521,308.51,0.19996111,1
1506541816,22412512,308.88,1.18612635,0
1506541812,22412504,308.89,0.06452029,0
1506541794,22412489,308.98,0.36400000,0
1506541784,22412450,308.97,1.00000000,0
1506541754,22412373,308.98,0.26700507,0
1506541752,22412369,308.81,0.46006900,0
1506541751,22412363,308.05,0.38119400,0
1506541750,22412360,308.05,2.61880100,1
1506541749,22412359,308.98,0.13804323,0
1506541749,22412357,308.95,0.26866037,0
1506541749,22412356,308.87,0.13357400,0
1506541749,22412355,308.48,0.11867140,0
1506541741,22412327,308.85,2.00000000,0
1506541741,22412325,308.80,2.00000000,0
1506541740,22412323,308.76,1.00000000,0
1506541740,22412321,308.49,6.55675248,0
1506541739,22412319,308.49,2.43239952,0
1506541735,22412311,308.04,0.11867140,1
1506541735,22412310,308.23,0.06517860,1
1506541729,22412297,308.24,1.44160395,0
1506541727,22412285,308.47,1.00000000,0
1506541727,22412279,308.47,7.28604300,0
1506541727,22412276,308.47,0.10000000,0
1506541724,22412262,308.48,0.26758244,0
1506541724,22412258,308.04,0.10000000,1
1506541723,22412256,308.48,1.45235365,0
1506541722,22412252,308.47,0.95026353,0
1506541722,22412251,308.41,0.22629647,0
1506541721,22412250,308.39,0.01886200,0
1506541715,22412221,308.13,0.07714276,0
1506541715,22412219,308.12,1.00000000,0
1506541714,22412217,308.05,0.26944457,0
1506541713,22412215,308.04,0.03000000,0
1506541713,22412214,308.04,0.10000000,0
1506541713,22412213,308.03,0.05460593,0
1506541707,22412199,308.01,1.06801728,1
1506541704,22412186,308.01,2.56725432,1
1506541702,22412182,308.01,1.36047100,0
1506541699,22412178,308.01,5.31001800,1
1506541688,22412157,308.00,0.11714217,1
1506541688,22412154,308.00,6.47459793,1
1506541687,22412152,308.00,0.20781000,1
1506541687,22412151,308.00,11.41214286,1
1506541686,22412148,308.00,6.41047000,1
1506541685,22412146,308.00,4.75344300,1
1506541682,22412138,308.00,4.75022728,1
1506541682,22412137,308.00,1.00000000,1
1506541680,22412130,308.00,0.08566100,1
1506541679,22412124,308.00,4.74704546,1
1506541676,22412117,308.00,0.17000000,0
1506541676,22412116,308.00,0.07800000,0
1506541676,22412114,308.00,0.13000000,0
1506541676,22412113,307.95,0.02250000,0
1506541676,22412112,307.93,0.04558420,0
1506541676,22412111,307.78,0.13435800,0
1506541675,22412110,307.70,3.46101810,0
1506541653,22412091,307.72,0.26809299,0
1506541650,22412086,307.51,0.31361000,0
1506541646,22412082,307.50,13.92814858,1
1506541646,22412081,307.53,3.46101810,1
1506541646,22412080,307.63,0.06329032,1
1506541643,22412078,307.76,0.43615359,0
1506541643,22412077,307.66,0.26978347,0
1506541643,22412076,307.66,0.02686607,0
1506541643,22412075,307.66,0.24291245,0
1506541642,22412073,307.61,0.02428425,0
1506541642,22412072,307.53,0.00000017,0
1506541638,22412067,307.53,1.95102900,0
1506541622,22412040,307.50,0.24376400,1
1506541616,22412037,307.50,0.21022000,1
1506541601,22412023,307.50,0.11505751,1
1506541593,22411978,306.89,6.74269092,1
1506541593,22411977,307.37,4.79418908,1
1506541580,22411947,307.37,6.73000000,1
1506541571,22411920,307.53,3.36000000,0
1506541571,22411919,307.44,3.46205222,0
1506541571,22411917,307.43,10.01000000,0
1506541570,22411916,306.90,11.32771778,0
1506541564,22411895,306.90,1.00000000,0
1506541564,22411890,306.89,0.11505751,1
1506541560,22411877,307.00,10.00000000,1
1506541560,22411876,307.11,2.00000000,1
1506541560,22411875,307.13,3.46205222,1
1506541542,22411855,307.51,1.65068000,0
1506541542,22411853,307.38,0.02479400,0
1506541526,22411836,307.30,1.48418484,0
1506541526,22411835,307.18,1.08753177,0
1506541494,22411796,306.88,2.25167900,1
1506541494,22411795,306.88,0.96196171,1
1506541494,22411793,306.89,0.84261629,1
1506541485,22411778,306.89,1.47500000,1
1506541483,22411776,306.89,0.23600000,1
1506541483,22411775,307.17,8.99329361,0
1506541482,22411772,307.16,0.26020000,0
1506541482,22411768,307.11,0.49951310,0
1506541480,22411761,306.89,3.80614500,1
1506541479,22411760,306.89,0.24014871,1
1506541476,22411755,306.89,2.40009000,1
1506541475,22411750,306.89,1.00000000,1
1506541471,22411733,306.88,1.82666800,1
1506541468,22411719,306.88,0.24208160,1
1506541462,22411712,306.88,2.61352700,1
1506541462,22411710,306.88,0.41200000,1
1506541460,22411708,306.88,6.04728200,1
1506541456,22411700,306.88,0.71008873,1
1506541456,22411698,307.03,0.79966127,1
1506541443,22411667,307.17,5.08278083,1
1506541443,22411666,307.17,0.03162300,0
1506541443,22411664,307.17,0.87941531,0
1506541439,22411655,306.88,0.40000000,1
1506541437,22411651,306.88,0.20000000,1
1506541434,22411647,306.88,0.04334500,1
1506541433,22411646,307.17,3.24901520,0
1506541432,22411643,306.88,1.62481600,1
1506541430,22411619,306.88,1.49778600,1
1506541430,22411604,306.88,2.71389700,1
1506541427,22411602,306.87,0.03162300,1
1506541416,22411591,306.85,0.40875823,1
1506541416,22411590,306.86,1.08753177,1
1506541414,22411587,307.20,1.94618392,1
1506541414,22411586,307.20,1.30251400,0
1506541410,22411584,307.21,3.70111650,0
1506541394,22411559,306.85,0.15830300,1
1506541388,22411550,306.85,0.61034093,1
1506541388,22411549,306.85,0.39940207,1
1506541372,22411531,306.85,0.28174507,1
1506541367,22411528,306.74,1.30251400,1
1506541361,22411525,307.23,3.24838069,0
1506541358,22411521,307.23,0.26866037,0
1506541353,22411517,307.03,2.73000000,1
1506541353,22411516,307.03,0.07009087,1
1506541351,22411510,306.99,2.37926318,0
1506541351,22411509,307.30,10.01581516,0
1506541350,22411508,307.28,0.23697994,0
1506541350,22411507,307.28,0.03000000,0
1506541350,22411506,307.28,0.00313393,0
1506541350,22411505,307.24,0.07704211,0
1506541349,22411503,307.12,0.02425813,0
1506541349,22411502,307.10,0.02250000,0
1506541349,22411501,307.00,1.14000000,0
1506541349,22411500,307.00,0.24000000,0
1506541347,22411499,306.99,6.13024042,0
1506541346,22411498,306.78,1.78458700,1
1506541341,22411493,306.99,0.19883956,0
1506541335,22411484,306.99,2.81900000,0
1506541334,22411483,306.99,0.91742402,0
1506541334,22411482,306.90,0.05000000,0
1506541332,22411477,306.85,0.03012438,0
1506541329,22411469,306.73,8.19638083,1
1506541325,22411464,306.85,3.25240345,0
1506541325,22411463,306.85,0.18071000,0
1506541320,22411452,306.70,0.21081006,1
1506541319,22411451,306.70,0.20589327,1
1506541317,22411449,306.86,4.60499217,0
1506541313,22411445,306.70,0.43374400,1
1506541312,22411441,306.70,4.99996740,1
1506541310,22411436,306.70,0.23600000,1
1506541309,22411434,306.70,1.70746758,1
1506541309,22411433,306.85,0.00009682,1
1506541305,22411429,306.85,3.29014177,1
1506541305,22411428,306.85,0.56894800,1
1506541304,22411424,306.76,0.56894800,1
1506541302,22411421,306.76,4.43105200,1
1506541302,22411420,306.87,6.48700000,0
1506541253,22411371,306.76,0.26912585,0
1506541247,22411368,306.80,2.46606910,1
1506541246,22411367,306.67,0.13514200,0
1506541246,22411366,306.61,0.27070547,0
1506541245,22411365,306.60,0.38151660,0
1506541239,22411358,306.57,5.82000000,1
1506541227,22411350,306.56,12.61965002,1
1506541227,22411349,306.56,6.96966698,1
1506541226,22411346,306.56,12.79117217,1
1506541226,22411345,306.57,0.26020000,1
1506541226,22411344,306.58,3.46323783,1
1506541218,22411337,306.56,19.58931700,1
1506541218,22411336,306.56,11.04766300,1
1506541216,22411334,306.56,30.80850261,0
1506541209,22411322,306.55,4.84000000,0
1506541207,22411321,306.56,30.00000000,0
1506541206,22411320,306.56,2.49249739,0
1506541206,22411319,306.50,0.65420560,0
1506541206,22411318,306.49,0.01670000,0
1506541205,22411315,306.42,0.09224667,0
1506541189,22411288,306.37,0.03000000,0
1506541182,22411286,306.07,2.82322500,1
1506541181,22411285,306.07,0.18478400,1
1506541179,22411282,306.37,5.08679048,1
1506541178,22411281,306.34,0.00003341,0
1506541178,22411280,306.34,0.13420000,0
1506541178,22411279,306.34,0.13671000,0
1506541178,22411278,306.34,0.02499000,0
1506541178,22411277,306.26,1.58133090,0
1506541176,22411274,306.25,11.48144000,0
1506541163,22411240,306.26,3.25866910,0
1506541134,22411198,306.01,0.16500000,1
1506541133,22411197,306.01,0.05300000,1
1506541123,22411182,306.25,0.26944457,0
1506541121,22411174,306.25,2.98837551,0
1506541121,22411172,306.11,0.27051933,0
1506541119,22411170,306.07,0.00001500,0
1506541114,22411163,306.07,0.02998500,0
1506541113,22411158,305.98,1.23904500,1
1506541112,22411146,306.00,0.32653999,0
1506541109,22411133,305.98,2.81441500,1
1506541109,22411132,305.99,7.21000000,1
1506541108,22411126,306.02,0.25305312,1
1506541108,22411124,306.02,0.20429500,1
1506541106,22411113,306.02,4.12675700,1
1506541104,22411110,306.00,0.10000000,0
1506541104,22411109,306.00,0.07400000,0
1506541104,22411108,306.00,0.24189488,0
1506541104,22411107,305.98,2.39305800,1
1506541104,22411106,305.99,0.66000000,1
1506541099,22411105,305.99,1.37450900,1
1506541098,22411104,305.99,6.58549100,1
1506541098,22411103,305.99,1.46982700,1
1506541098,22411102,305.99,7.96000000,1
1506541083,22411089,306.00,0.26978347,0
1506541081,22411082,306.00,3.92273202,0
1506541080,22411081,306.00,0.13000000,0
1506541080,22411080,306.00,0.07400000,0
1506541079,22411076,305.98,3.87029508,1
1506541075,22411063,305.99,0.03000000,0
1506541073,22411062,305.98,13.29746210,1
1506541073,22411061,305.98,0.24598413,0
1506541072,22411060,305.98,0.02528400,0
1506541026,22410984,305.92,0.57664670,1
1506541025,22410980,305.92,0.62377336,1
1506541019,22410965,305.92,0.84215078,1
1506541013,22410947,305.92,1.43743158,1
1506541007,22410915,305.92,0.30441561,1
1506540989,22410890,305.90,0.23111677,0
1506540988,22410889,305.53,0.38151660,1
1506540988,22410888,305.54,11.06881670,1
1506540988,22410887,305.87,0.56092543,1
1506540988,22410886,305.87,0.50064510,1
1506540976,22410872,305.90,0.76888323,0
1506540975,22410871,305.89,0.03000000,0
1506540975,22410870,305.88,0.01450065,0
1506540972,22410865,305.87,0.03000000,1
1506540972,22410864,305.87,0.03000000,1
1506540964,22410855,305.88,1.07650367,0
1506540964,22410854,305.87,0.01450065,0
1506540963,22410849,305.52,4.35786600,1
1506540962,22410844,305.87,0.54642478,0
1506540961,22410840,305.52,0.03597900,1
1506540944,22410816,305.20,2.14764540,1
1506540943,22410815,305.48,1.09100432,1
1506540932,22410787,305.88,2.91025892,0
1506540932,22410782,305.82,0.03000000,0
1506540931,22410778,305.70,0.00000014,0
1506540931,22410776,305.70,0.26140000,1
1506540931,22410774,305.62,0.03000000,0
1506540929,22410771,305.47,0.03000000,0
1506540637,22410424,305.02,0.08100000,1
1506540636,22410416,305.00,1.36630000,1
1506540634,22410403,305.01,0.01995486,0
1506540630,22410374,305.38,2.37333525,1
1506540630,22410373,305.38,2.62663155,1
1506540630,22410371,305.39,0.00000046,1
1506540625,22410360,305.39,1.96467565,1
1506540625,22410359,305.40,0.00000035,1
1506540624,22410358,305.40,3.47118400,1
1506540624,22410357,305.41,0.26140000,1
1506540585,22410327,305.70,2.72999986,0
1506540584,22410326,305.49,0.78187314,0
1506540584,22410324,305.48,0.20000000,0
1506540566,22410299,305.38,0.33221300,1
1506540566,22410298,305.43,5.00000000,1
1506540547,22410283,305.49,0.21812686,0
1506540546,22410282,305.38,0.02073772,1
1506540545,22410281,305.38,0.02041773,1
1506540532,22410254,305.43,3.75361806,1
1506540531,22410253,305.43,0.23697994,1
1506540531,22410252,305.49,1.10115000,1
1506540530,22410251,305.70,1.27000000,0
1506540528,22410249,305.69,0.03000000,0
1506540518,22410240,305.59,0.03000000,0
1506540518,22410239,305.57,0.13592600,0
1506540518,22410238,305.50,1.00000000,0
1506540518,22410237,305.49,2.50201217,0
1506540513,22410235,305.49,0.96784314,0
1506540513,22410234,305.44,0.03000000,0
1506540503,22410216,305.43,0.03000000,0
1506540503,22410215,305.43,0.00313393,0
1506540498,22410210,305.43,0.02686607,0
1506540488,22410202,305.43,0.02883556,0
1506540488,22410200,305.34,0.03000000,0
1506540488,22410198,305.30,0.02508800,0
1506540488,22410196,305.25,0.06247944,0
1506540487,22410194,305.24,0.03000000,0
1506540487,22410193,305.23,0.07196930,0
1506540459,22410180,305.01,14.03014501,0
1506540457,22410176,305.01,3.46985531,0
1506540415,22410155,305.20,0.25000000,1
1506540337,22409995,305.20,0.07649000,0
1506540337,22409994,305.19,0.03000000,0
1506540337,22409992,305.14,0.03000000,0
1506540337,22409991,305.13,0.03000000,0
1506540337,22409990,305.13,0.03000000,0
1506540337,22409989,305.09,0.03000000,0
1506540197,22409876,305.00,6.80624125,0
1506540196,22409875,305.00,0.10700000,0
1506540193,22409855,305.00,0.13050000,0
1506540190,22409854,305.00,0.06900000,0
1506540190,22409853,305.00,25.50000000,0
1506540188,22409851,305.00,11.81522056,0
1506540182,22409847,305.00,6.18474681,0
1506540175,22409840,305.00,3.87029508,0
1506540169,22409838,305.00,1.63064501,0
1506540166,22409837,305.00,1.61594101,0
1506540152,22409825,305.00,17.99996737,0
1506540128,22409807,305.00,13.50350057,0
1506540120,22409805,305.00,3.21646680,0
1506540120,22409804,304.99,1.28000000,0
1506540100,22409783,305.00,0.02167338,0
1506540100,22409782,304.99,1.96727762,0
1506540097,22409775,305.00,5.99774800,0
1506540096,22409773,305.00,29.53105416,0
1506540096,22409772,304.99,1.52000000,0
1506540096,22409771,304.99,1.91049784,0
1506540096,22409770,304.99,0.03000000,0
1506540096,22409769,304.90,0.25000000,0
1506540093,22409766,304.90,6.82026754,0
1506540093,22409765,304.88,1.05152571,0
1506540016,22409665,304.90,0.77445064,0
1506540008,22409660,304.90,17.71996737,0
1506540008,22409659,304.89,0.03000000,0
1506540008,22409658,304.88,0.10000000,0
1506540008,22409657,304.88,0.03000000,0
1506540008,22409656,304.88,0.03000000,0
1506540008,22409655,304.68,0.03000000,0
1506540008,22409654,304.68,0.03000000,0
1506540008,22409653,304.64,0.03000000,0
1506539976,22409638,304.58,1.09423791,0
1506539976,22409637,304.53,0.03000000,0
1506539962,22409620,304.40,1.94194869,0
1506539947,22409611,304.40,0.11300000,0
1506539943,22409607,304.40,1.83048620,0
1506539943,22409605,304.40,4.10472400,0
1506539926,22409596,304.40,1.38242711,0
1506539922,22409591,304.03,0.10000000,1
1506539921,22409589,304.40,0.62741400,0
1506539921,22409588,304.07,0.18958600,0
1506539915,22409582,304.08,1.37069700,0
1506539909,22409575,304.07,0.81862786,1
1506539908,22409572,304.07,2.59122200,0
1506539908,22409570,304.07,1.56027800,0
1506539876,22409548,304.13,1.00385408,0
1506539873,22409546,304.02,1.91049784,1
1506539873,22409545,304.03,1.97169475,1
1506539871,22409541,304.13,35.86060700,0
1506539869,22409540,304.13,5.70878400,0
1506539837,22409527,304.33,0.23073637,0
1506539807,22409503,304.39,0.39243200,0
1506539787,22409478,304.44,16.65221400,0
1506539778,22409470,304.47,2.45578442,0
1506539762,22409448,304.05,0.17825600,1
1506539743,22409440,304.57,0.07000000,0
1506539742,22409439,304.53,0.03000000,0
1506539742,22409438,304.05,1.38202700,1
1506539700,22409420,304.12,2.72007411,0
1506539700,22409419,304.12,10.00000000,0
1506539700,22409418,304.12,5.00062824,0
1506539551,22409321,304.12,1.05152571,0
1506539540,22409312,304.12,3.94784605,0
1506539540,22409311,304.11,2.78215395,0
1506539528,22409296,304.44,3.88219259,0
1506539526,22409294,304.44,6.73000000,0
1506539506,22409272,304.12,3.20816738,0
1506539505,22409270,304.12,6.73000000,0
1506539496,22409256,304.12,0.06183262,1
1506539466,22409232,304.12,0.05000000,1
1506539437,22409201,304.12,6.46724800,1
1506539409,22409164,304.44,1.81428196,0
1506539394,22409115,303.84,2.78215395,1
1506539394,22409113,303.91,0.05000000,1
1506539394,22409111,304.22,0.00000005,1
1506539366,22409096,304.54,1.68894365,0
1506539366,22409095,304.44,0.03000000,0
1506539353,22409088,304.41,0.83058039,0
1506539353,22409087,304.41,3.29000000,0
1506539353,22409086,304.33,0.05000000,0
1506539342,22409082,304.32,0.42333161,0
1506539342,22409081,304.29,0.03000000,0
1506539342,22409080,304.28,0.22248008,0
1506539328,22409054,304.28,3.66226300,0
1506539312,22409014,304.22,1.50200000,1
1506539311,22409013,304.22,1.49800000,1
1506539311,22409012,304.23,6.73000000,1
1506539291,22408993,304.22,1.07803400,1
1506539268,22408967,304.25,0.29000000,1
1506539267,22408966,304.25,3.00000000,1
1506539261,22408961,304.22,1.39000000,1
1506539260,22408960,304.23,1.38821489,0
1506539257,22408956,304.23,7.20000000,0
1506539257,22408955,304.22,2.80000000,0
1506539212,22408912,304.23,11.41178511,0
1506539212,22408911,304.20,0.91393503,0
1506539200,22408897,304.19,1.11525692,0
1506539188,22408888,304.19,3.88474308,0
1506539164,22408875,304.20,0.08606497,0
1506539157,22408870,304.28,7.37518006,0
1506539157,22408869,304.25,0.27438335,0
1506539152,22408858,304.14,2.52837393,0
1506539145,22408846,304.00,1.00000000,0
1506539145,22408845,304.00,2.63958396,0
1506539145,22408844,303.96,0.96732698,0
1506539097,22408723,304.24,0.11700000,0
1506539095,22408716,303.53,2.61458396,0
1506539094,22408714,303.68,0.10000000,1
1506539094,22408710,303.73,0.07704211,1
1506539093,22408702,303.80,10.18000000,0
1506539092,22408695,303.80,2.52837393,1
1506539078,22408682,304.16,0.02500000,1
1506539052,22408642,304.10,2.00000000,1
1506539051,22408641,304.23,1.09423791,1
1506539012,22408575,304.20,6.85642800,1
1506539011,22408573,304.83,2.39961785,0
1506539010,22408570,304.82,3.46403718,0
1506539010,22408569,304.80,1.96850394,0
1506539010,22408568,304.40,1.53782861,0
1506539009,22408565,304.20,6.85612600,1
1506539004,22408555,304.20,5.55123039,1
1506539004,22408553,304.32,0.42333161,1
1506539004,22408551,304.35,0.05000000,1
1506539002,22408545,304.40,0.83058039,1
1506539002,22408544,304.40,0.42333161,1
1506539002,22408543,304.40,6.85272400,1
1506538997,22408533,304.83,2.60038215,0
1506538996,22408532,304.43,1.46670579,1
1506538996,22408531,304.45,3.46403718,1
1506538986,22408522,304.88,0.24738990,0
1506538986,22408521,304.87,3.45928675,0
1506538973,22408510,304.80,0.05000000,0
1506538973,22408508,304.79,0.00000014,0
1506538973,22408506,304.43,0.41831049,0
1506538969,22408499,304.43,3.45928675,1
1506538957,22408485,304.41,0.50000000,1
1506538952,22408482,304.79,4.99999986,0
1506538952,22408481,304.78,3.59457014,0
1506538952,22408480,304.60,5.00000000,0
1506538891,22408428,304.88,4.75261010,0
1506538891,22408426,304.87,0.26230000,0
