date,tid,price,amount,type
1506556539,22426649,1.17772,147.53305,0
1506556539,22426648,1.17773,268.09199,1
1506556398,22426578,1.18416,96.22000,0
1506556090,22426497,1.17773,50.00000,1
1506556022,22426439,1.18415,159.31257,0
1506555997,22426424,1.18415,139.43515,0
1506555332,22426104,1.18417,32.24705,0
1506555332,22426101,1.18416,270.00000,0
1506555215,22426010,1.18415,21.05593,0
1506555204,22426002,1.18415,89.88896,0
1506554940,22425839,1.18416,203.45000,0
1506554939,22425838,1.18415,429.90000,0
1506554936,22425833,1.18416,109.73000,0
1506554935,22425832,1.18416,429.90000,0
1506554872,22425798,1.18415,267.03000,0
1506554869,22425792,1.18415,267.03000,0
1506554867,22425788,1.18414,267.03000,0
1506554866,22425787,1.18414,160.11000,0
1506554864,22425780,1.18377,159.87167,0
1506554861,22425774,1.18378,161.61393,0
1506554857,22425771,1.18377,161.61432,0
1506554852,22425764,1.18377,161.59651,0
1506554848,22425761,1.18414,768.75452,0
1506554837,22425732,1.18380,218.09408,1
1506554837,22425730,1.18379,1.03765,0
1506554834,22425724,1.18378,440.59737,0
1506554828,22425706,1.18378,1138.86198,0
1506554804,22425660,1.18364,378.70468,1
1506554803,22425657,1.18364,1402.10706,1
1506554801,22425653,1.18379,998.96235,0
1506554800,22425651,1.18375,1.33002,0
1506554796,22425641,1.18375,1285.00893,0
1506553602,22424750,1.18247,480.32721,0
1506552485,22424053,1.17669,109.47659,1
1506552303,22423955,1.17668,60.00000,1
1506552218,22423836,1.17670,311.99577,1
1506552211,22423826,1.17670,95.41116,0
1506552206,22423818,1.17670,6.79867,1
1506552205,22423817,1.17672,0.51008,1
1506552204,22423814,1.17672,101.50681,1
1506551694,22423473,1.17673,30.81999,1
1506551686,22423459,1.17673,214.81433,1
1506550889,22422856,1.17673,69.83433,1
1506550888,22422851,1.17674,40.53962,1
1506550887,22422848,1.17674,79.46038,1
1506550853,22422815,1.17676,232.40196,1
1506550853,22422813,1.17679,240.00000,1
1506550676,22422612,1.17685,202.08048,1
1506550676,22422609,1.17685,257.91952,1
1506550661,22422598,1.17684,134.71999,1
1506550656,22422590,1.17683,26.50999,1
1506550469,22422331,1.17673,101.50681,1
1506550468,22422328,1.17673,101.50681,1
1506550462,22422305,1.17672,65.70495,1
1506550461,22422303,1.17673,89.70599,1
1506550461,22422301,1.17675,89.77280,1
1506550461,22422299,1.17678,9.45469,1
1506550461,22422298,1.17745,873.95982,1
1506550461,22422297,1.17746,1849.65391,1
1506550460,22422287,1.17745,246.04018,1
1506550452,22422254,1.17745,1055.09980,1
1506550414,22422197,1.17739,37.40826,1
1506550412,22422193,1.17740,488.94174,0
1506550410,22422190,1.17739,1549.11566,0
1506550409,22422185,1.17739,626.44294,1
1506550270,22422068,1.17790,14.30125,0
1506550167,22421985,1.17787,181.87916,1
1506550155,22421968,1.17785,1219.88656,1
1506550090,22421865,1.17760,480.96214,1
1506549681,22421285,1.17750,70.00000,1
1506549663,22421269,1.18493,1450.51398,0
1506549663,22421268,1.18294,0.75859,0
1506549409,22420891,1.18294,902.34472,0
1506549385,22420819,1.18294,3096.89669,0
1506549345,22420756,1.18293,2868.63692,0
1506549345,22420753,1.18292,40.00000,0
1506549324,22420723,1.18292,89.92695,0
1506549320,22420713,1.18292,169.84746,0
1506549297,22420674,1.18292,329.51610,0
1506549288,22420656,1.18292,649.45011,0
1506549287,22420654,1.18180,0.90304,0
1506549278,22420638,1.18180,999.09696,0
1506549278,22420633,1.18180,3.71615,0
1506548801,22420242,1.17685,144.07684,1
1506548799,22420233,1.17685,135.22426,1
1506548620,22420076,1.18180,739.51452,0
1506548618,22420072,1.18180,6.76933,1
1506548408,22419879,1.18293,43.31119,0
1506548405,22419865,1.18293,3093.19355,0
1506548361,22419715,1.18293,448.76321,0
1506548315,22419670,1.18293,676.16136,0
1506548315,22419668,1.18292,0.00001,0
1506548314,22419665,1.18292,999.99999,0
1506548308,22419649,1.18286,105.62636,0
1506548307,22419648,1.18286,14.73749,0
1506548307,22419646,1.18286,45.09681,0
1506548304,22419628,1.18283,331.05303,0
1506548303,22419624,1.18284,315.43322,0
1506548302,22419619,1.18284,314.85571,0
1506547284,22418898,1.17673,90.00000,0
1506547223,22418867,1.17673,0.00001,1
1506547223,22418866,1.18080,6.77507,1
1506547077,22418783,1.18100,6.77392,1
1506547076,22418782,1.18120,6.77277,1
1506547023,22418718,1.18140,6.77163,1
1506546947,22418666,1.18160,6.77048,1
1506546947,22418665,1.18180,6.74348,1
1506546944,22418660,1.18180,0.02585,1
1506546944,22418659,1.18200,6.76819,1
1506546944,22418658,1.18220,6.76704,1
1506546929,22418635,1.18288,321.91122,1
1506546927,22418626,1.18288,44.90000,1
1506546925,22418620,1.18288,25.99499,1
1506546924,22418616,1.18288,0.38787,1
1506546924,22418615,1.18288,392.95290,1
1506546920,22418610,1.18288,801.87944,0
1506546817,22418562,1.17672,7.44550,1
1506546420,22418139,1.17672,9.48451,1
1506546419,22418138,1.17704,44.17000,1
1506546419,22418136,1.17706,79.00856,1
1506546419,22418135,1.17706,79.01637,1
1506546417,22418125,1.17704,79.09276,0
1506546415,22418123,1.17704,120.90724,1
1506546331,22418072,1.17705,300.00000,1
1506546279,22417974,1.17705,52.67000,1
1506546255,22417944,1.17743,5.20619,0
1506546255,22417943,1.17709,1000.00000,0
1506546255,22417940,1.17709,605.55895,0
1506546254,22417938,1.17709,140.62473,0
1506546254,22417937,1.17702,646.55025,0
1506546233,22417918,1.17672,143.48000,1
1506546233,22417915,1.17702,143.48000,0
1506546213,22417903,1.17702,5.23708,0
1506546008,22417796,1.17673,130.81382,1
1506546006,22417794,1.17673,130.68309,1
1506545974,22417773,1.17673,41.82000,1
1506545882,22417694,1.17702,47.91000,0
1506545882,22417689,1.17673,26.05194,1
1506545881,22417685,1.17673,49.35709,1
1506545657,22417477,1.17702,79.63085,0
1506545650,22417468,1.17702,28.78998,0
1506545646,22417462,1.17702,50.48032,0
1506545645,22417461,1.17701,0.25420,0
1506545644,22417458,1.17701,50.58567,0
1506545476,22417315,1.17672,0.48407,1
1506545476,22417313,1.17680,6.79810,1
1506545476,22417312,1.17690,6.79752,1
1506545476,22417311,1.17699,0.02725,1
1506545475,22417310,1.17699,13.38318,1
1506545420,22417212,1.17699,12.40957,1
1506545419,22417210,1.17699,26.99216,1
1506545409,22417198,1.17699,867.39784,1
1506545409,22417197,1.17699,79.79000,1
1506545409,22417196,1.17699,91.38590,1
1506545408,22417192,1.17699,141.63989,1
1506545408,22417190,1.17699,90.12988,1
1506545384,22417168,1.17699,43.19493,1
1506545279,22417078,1.17699,183.74530,1
1506545279,22417077,1.17699,36.00650,1
1506545278,22417073,1.17699,43.20000,1
1506545250,22417049,1.17699,72.98000,1
1506545242,22417046,1.17699,82.88000,1
1506545236,22417042,1.17699,214.83760,1
1506545236,22417039,1.17700,579.49282,1
1506545235,22417038,1.17700,168.73963,1
1506545235,22417033,1.17700,229.92033,1
1506545234,22417029,1.17700,21.09256,1
1506545233,22417026,1.17700,208.59239,1
1506545232,22417025,1.17700,229.45798,1
1506545232,22417021,1.17700,142.19711,1
1506545232,22417020,1.17704,101.49747,1
1506545231,22417017,1.17704,453.60807,1
1506545231,22417014,1.17704,444.13721,1
1506545216,22416981,1.17709,72.55846,0
1506545202,22416964,1.17709,14.31009,0
1506545192,22416958,1.17709,168.66553,0
1506545065,22416871,1.17704,0.75725,1
1506545065,22416870,1.17705,0.91649,1
1506545065,22416869,1.17705,747.90648,1
1506545064,22416868,1.17705,251.17703,1
1506545044,22416841,1.17710,6.79636,1
1506545044,22416840,1.17711,170.74242,1
1506545044,22416839,1.17711,431.61909,1
1506545041,22416835,1.17711,397.63849,1
1506545040,22416834,1.17730,6.79521,1
1506545040,22416833,1.17735,20.50821,1
1506545036,22416827,1.17745,1000.00000,1
1506545032,22416822,1.17749,915.98919,1
1506545014,22416803,1.17749,84.01081,1
1506545014,22416802,1.17750,185.83787,1
1506544989,22416782,1.17750,80.00000,1
1506544975,22416773,1.17750,130.81954,1
1506544927,22416748,1.17750,130.78557,1
1506544910,22416680,1.17750,214.34333,1
1506544909,22416677,1.17750,80.65974,1
1506544909,22416673,1.17750,128.74067,1
1506544908,22416671,1.17750,48.81328,1
1506544908,22416667,1.17750,79.49005,1
1506544907,22416662,1.17750,85.33929,1
1506544902,22416629,1.17750,311.53291,1
1506544900,22416616,1.17750,310.97240,1
1506544859,22416592,1.17750,160.53542,1
1506544859,22416590,1.17750,7.98789,1
1506544859,22416589,1.17750,43.14264,1
1506544858,22416588,1.17750,6.79406,1
1506544858,22416587,1.17751,199.41388,1
1506544855,22416584,1.17751,99.95498,1
1506544855,22416583,1.17751,168.30602,1
1506544853,22416576,1.17751,417.87389,1
1506544807,22416525,1.17763,260.42958,1
1506544793,22416508,1.18286,34.95479,1
1506544712,22416390,1.17763,8.48282,1
1506544707,22416352,1.17763,82.40307,1
1506544706,22416346,1.17763,13.13367,1
1506544705,22416340,1.17763,72.38341,1
1506544704,22416331,1.17763,79.33481,1
1506544698,22416288,1.17763,483.83264,1
1506544695,22416267,1.17770,4000.00000,1
1506544695,22416264,1.17770,6.79290,1
1506544695,22416261,1.17776,4823.16630,1
1506544693,22416243,1.17776,85.55971,1
1506544687,22416198,1.17776,8.49499,1
1506544687,22416189,1.17776,272.00740,1
1506544501,22416025,1.17777,80.00000,1
1506544257,22415880,1.17777,336.80923,1
1506544115,22415687,1.17777,1023.63155,1
1506544115,22415686,1.18049,0.00845,1
1506543993,22415591,1.18049,757.54136,1
1506543900,22415504,1.18049,76.77999,1
1506543774,22415405,1.18049,26.41807,1
1506543707,22415361,1.18293,421.83560,0
1506543527,22415195,1.18293,1500.34994,0
1506543243,22414979,1.18246,343.20574,0
1506543243,22414978,1.18050,634.89349,0
1506543235,22414963,1.18049,0.25456,0
1506542999,22414636,1.18049,174.27127,0
1506542963,22414571,1.17776,172.42224,1
1506542896,22414474,1.17776,357.53875,1
1506542676,22414125,1.17776,150.47010,1
1506542671,22414112,1.17776,150.47010,1
1506542666,22414100,1.17776,70.92829,1
1506542665,22414099,1.17776,82.94926,1
1506542664,22414093,1.17776,132.80446,1
1506542658,22414073,1.17777,70.98161,1
1506542651,22414048,1.17777,352.91917,1
1506542650,22414044,1.17777,416.91626,1
1506542648,22414036,1.17777,138.60941,1
1506542643,22414018,1.17777,531.63182,1
1506542641,22414011,1.17777,661.67493,1
1506542641,22414009,1.17790,6.79175,1
1506542640,22414004,1.17794,0.00451,1
1506542639,22414002,1.17794,794.21703,1
1506542637,22413998,1.17794,795.61778,1
1506542635,22413990,1.17794,793.42751,1
1506542635,22413986,1.17794,216.29129,1
1506542633,22413980,1.17794,608.29626,1
1506542632,22413975,1.17794,336.79984,1
1506542632,22413971,1.17794,210.74928,1
1506542629,22413964,1.17794,244.59650,1
1506542629,22413962,1.17810,6.79060,1
1506542627,22413958,1.17830,6.78944,1
1506542625,22413953,1.17850,6.78829,1
1506542623,22413951,1.17890,0.00160,1
1506542588,22413896,1.17890,366.95225,1
1506542577,22413880,1.17890,3547.16166,1
1506542568,22413869,1.18020,6.77851,1
1506542548,22413810,1.18050,56.63504,0
1506542544,22413798,1.18028,13.57174,0
1506542541,22413788,1.18008,6.81791,0
1506542526,22413757,1.17890,85.88449,1
1506542526,22413756,1.17930,6.78369,1
1506542526,22413754,1.17940,6.78311,1
1506542526,22413752,1.17950,6.78253,1
1506542526,22413751,1.17960,6.78196,1
1506542525,22413749,1.17970,6.78139,1
1506542525,22413747,1.17980,6.78081,1
1506542525,22413745,1.17990,6.78024,1
1506542525,22413743,1.17994,3936.32102,1
1506542518,22413716,1.17994,63.67898,1
1506542518,22413714,1.18000,6.77966,1
1506542511,22413699,1.18010,6.77909,1
1506542511,22413698,1.18020,0.00381,1
1506542508,22413677,1.18020,6.77470,1
1506542508,22413675,1.18030,6.77794,1
1506542508,22413674,1.18040,6.77736,1
1506542502,22413620,1.18050,6.77679,1
1506542500,22413611,1.18052,14742.65389,1
1506542500,22413606,1.18052,654.93999,1
1506542499,22413605,1.18052,311.09460,1
1506542498,22413592,1.18052,45.05000,1
1506542495,22413581,1.18052,73.21676,1
1506542493,22413577,1.18052,20.36544,1
1506542475,22413544,1.18052,85.48000,1
1506542474,22413533,1.18052,220.61280,1
1506542473,22413526,1.18052,297.89415,1
1506542473,22413525,1.18052,413.37999,1
1506542472,22413524,1.18052,633.02000,1
1506542472,22413521,1.18052,232.55092,1
1506542470,22413517,1.18052,652.84748,1
1506542470,22413513,1.18052,256.29883,1
1506542469,22413510,1.18052,3100.10577,1
1506542469,22413507,1.18052,45.98000,1
1506542467,22413493,1.18052,391.34464,1
1506542466,22413486,1.18052,240.59175,1
1506542466,22413483,1.18052,416.51289,1
1506542465,22413481,1.18052,1539.05621,1
1506542457,22413463,1.18052,481.52999,1
1506542426,22413444,1.18052,1145.47390,1
1506542425,22413442,1.18053,1746.69248,1
1506542424,22413439,1.18053,45.11000,1
1506542424,22413436,1.18053,225.48602,1
1506542421,22413414,1.18053,84.62065,1
1506542420,22413412,1.18053,95.66430,1
1506542419,22413408,1.18053,196.51805,1
1506542419,22413405,1.18053,114.08402,1
1506542418,22413403,1.18053,66.93000,1
1506542416,22413398,1.18053,609.28999,1
1506542416,22413397,1.18053,102.16000,1
1506542414,22413392,1.18053,102.16000,1
1506542413,22413388,1.18053,97.14000,1
1506542412,22413382,1.18053,312.47399,1
1506542412,22413378,1.18053,144.36037,1
1506542410,22413373,1.18053,102.16000,1
1506542379,22413325,1.18053,322.57999,1
1506542374,22413317,1.18053,823.25587,1
1506542374,22413315,1.18053,442.83500,1
1506542373,22413308,1.18053,561.48190,1
1506542373,22413307,1.18053,442.83756,1
1506542371,22413300,1.18053,127.15476,1
1506542369,22413294,1.18053,264.06585,1
1506542368,22413289,1.18053,194.69031,1
1506542354,22413256,1.18053,72.44204,1
1506542344,22413250,1.18053,145.90088,1
1506542342,22413247,1.18053,111.18735,1
1506542228,22413085,1.18053,10.64518,1
1506542222,22413080,1.18053,10.64518,1
1506542217,22413075,1.18053,10.64518,1
1506542190,22413043,1.18053,81.51000,1
1506542186,22413038,1.18053,81.51000,1
1506542184,22413027,1.18053,1248.57480,1
1506542182,22413024,1.18053,81.51000,1
1506542181,22413023,1.18053,81.51000,1
1506542181,22413022,1.18053,309.55827,1
1506542180,22413019,1.18053,526.52377,1
1506542180,22413018,1.18053,682.74948,1
1506542166,22412979,1.18053,156.83634,1
1506542114,22412890,1.18053,143.72359,1
1506542109,22412873,1.18053,135.33000,1
1506542100,22412855,1.18053,652.25997,1
1506542099,22412851,1.18053,83.58821,1
1506542097,22412849,1.18053,608.03000,1
1506542093,22412840,1.18053,2535.74590,1
1506542093,22412839,1.18053,936.50459,1
1506542072,22412811,1.18053,310.34422,1
1506542066,22412808,1.18053,523.19721,1
1506542042,22412776,1.18053,687.67000,1
1506542042,22412774,1.18053,2540.54747,1
1506542042,22412772,1.18053,753.06642,1
1506542041,22412770,1.18053,687.09469,1
1506542041,22412769,1.18054,1.16531,1
1506542037,22412760,1.18054,134.32228,1
1506542036,22412759,1.18054,135.63000,1
1506542030,22412741,1.18054,135.58000,1
1506542020,22412713,1.18054,1040.42999,1
1506542020,22412712,1.18054,813.20139,1
1506542016,22412706,1.18054,394.94494,1
1506542000,22412690,1.18054,1133.14133,1
1506541996,22412682,1.18054,12.49589,1
1506541995,22412680,1.18054,423.19801,1
1506541994,22412674,1.18054,1539.06475,1
1506541993,22412669,1.18054,310.91830,1
1506541901,22412615,1.18054,647.09371,1
1506541887,22412606,1.18054,572.97794,1
1506541886,22412602,1.18054,777.08639,1
1506541884,22412597,1.18054,310.45357,1
1506541864,22412575,1.18054,98.13306,1
1506541817,22412513,1.18054,313.22964,1
1506541792,22412483,1.18054,5.93871,1
1506541791,22412482,1.18054,76.61674,1
1506541790,22412471,1.18054,150.95635,1
1506541772,22412414,1.18054,129.98000,1
1506541759,22412385,1.18054,103.30000,1
1506541758,22412382,1.18054,102.96840,1
1506541719,22412237,1.18054,838.40447,1
1506541562,22411884,1.18054,3595.86812,1
1506541476,22411754,1.18053,886.04099,1
1506541471,22411731,1.18053,886.04099,1
1506541448,22411682,1.18053,392.14625,1
1506541291,22411410,1.18053,177.93131,1
1506541175,22411269,1.18053,1216.62050,1
1506541175,22411267,1.18053,466.16440,1
1506541172,22411257,1.18053,1201.71924,1
1506541172,22411256,1.18053,481.06566,1
1506541166,22411248,1.18053,2277.17682,1
1506541163,22411243,1.18053,2240.69867,1
1506541163,22411242,1.18053,36.47815,1
1506541157,22411237,1.18053,2277.17682,1
1506541152,22411228,1.18053,1214.55708,1
1506541145,22411219,1.18053,1214.55708,1
1506541140,22411213,1.18053,256.29910,1
1506541140,22411211,1.18053,2123.40864,1
1506541136,22411204,1.18053,2379.70774,1
1506541133,22411195,1.18053,496.58714,1
1506541133,22411193,1.18053,131.34111,1
1506541115,22411164,1.18053,7.78321,1
1506541081,22411083,1.18053,190.33824,1
1506541080,22411079,1.18053,1070.74789,1
1506541036,22411023,1.18053,3591.44974,1
1506541032,22411008,1.18053,8.33981,1
1506541032,22411006,1.18054,1628.77570,1
1506541028,22410989,1.18054,640.48366,1
1506541028,22410988,1.18054,2539.89715,1
1506541021,22410970,1.18054,354.11662,1
1506541017,22410963,1.18054,354.11662,1
1506541013,22410953,1.18054,354.23023,1
1506541010,22410927,1.18054,284.09733,1
1506541006,22410913,1.18054,284.09733,1
1506540990,22410893,1.18054,815.88195,1
1506540981,22410883,1.18054,12.63100,1
1506540981,22410881,1.18055,2336.08470,1
1506540964,22410852,1.18055,145.41469,1
1506540963,22410850,1.18055,428.45285,1
1506540963,22410845,1.18055,144.11587,1
1506540932,22410783,1.18055,199.34046,1
1506540859,22410659,1.18055,748.49200,1
1506540853,22410649,1.18055,1995.08272,1
1506540851,22410645,1.18055,382.97034,1
1506540851,22410644,1.18056,1209.87868,1
1506540847,22410631,1.18056,3587.29485,1
1506540747,22410519,1.18056,202.52999,1
1506540540,22410276,1.18090,325.79595,1
1506540408,22410148,1.18090,3584.96405,1
1506540069,22409701,1.18090,6.00000,1
1506539655,22409395,1.18090,83.24000,1
1506539574,22409336,1.18671,83.24000,0
1506538886,22408420,1.18194,40.73107,1
1506538877,22408394,1.18297,53.05281,0
1506538867,22408377,1.18194,162.63630,1
1506538864,22408368,1.18194,464.22632,1
1506538863,22408366,1.18194,716.60321,1
1506538822,22408319,1.18194,388.23468,1
1506538808,22408284,1.18194,22.78910,1
1506538806,22408282,1.18194,1104.25234,1
1506538799,22408258,1.18194,1100.52698,1
1506538799,22408254,1.18290,0.26494,1
1506538743,22408133,1.18290,2540.08007,1
1506538742,22408127,1.18290,1459.65499,1
1506538742,22408124,1.18299,0.26494,1
1506538741,22408120,1.18299,52.72360,1
1506538424,22407489,1.18299,1828.75701,1
1506538424,22407486,1.18300,63.14000,1
1506538196,22407004,1.18299,1660.47000,1
1506537781,22406379,1.18299,155.67999,1
1506537671,22406249,1.18299,60.00000,1
1506537549,22406135,1.18299,0.38957,1
1506537549,22406134,1.18300,70.00000,1
1506537503,22406103,1.18299,132.88052,1
1506537502,22406099,1.18300,150.00000,1
1506537431,22406042,1.18300,55.96788,1
1506537404,22405986,1.18299,2.08154,1
1506537404,22405985,1.18300,350.00000,1
1506537391,22405971,1.18300,416.41590,1
1506537318,22405865,1.18299,5.99283,1
1506537318,22405864,1.18300,1080.00000,1
1506537285,22405803,1.18866,503.66201,0
1506537221,22405669,1.18795,80.55895,0
1506537217,22405639,1.18795,0.00741,0
1506537213,22405626,1.18792,459.31009,0
1506537206,22405610,1.18795,273.99000,0
1506537206,22405608,1.18794,0.01000,0
1506537205,22405603,1.18794,249.99000,0
1506537041,22405337,1.18471,36.13732,1
1506536889,22405035,1.18471,23.39365,1
1506536866,22404997,1.18471,74.90338,0
1506536864,22404992,1.18471,316.63044,0
1506536746,22404767,1.18299,100.76000,1
1506536723,22404719,1.18471,377.85000,0
1506536701,22404667,1.18468,30.92164,0
1506536700,22404665,1.18468,50.68403,0
1506536693,22404650,1.18468,0.07595,0
1506536693,22404649,1.18465,118.67405,0
1506536606,22404494,1.18392,60.16567,1
1506536594,22404473,1.18392,0.48162,1
1506536593,22404472,1.18393,460.36484,1
1506536583,22404449,1.18393,95.59516,1
1506536583,22404448,1.18394,1790.73545,1
1506536582,22404444,1.18394,263.18902,1
1506536556,22404407,1.18394,263.00000,1
1506536555,22404400,1.18394,262.83000,1
1506536536,22404344,1.18394,311.37188,1
1506536535,22404339,1.18394,167.56878,1
1506536534,22404334,1.18394,914.30197,1
1506536533,22404327,1.18394,27.00290,1
1506536531,22404317,1.18465,48.81029,0
1506536530,22404306,1.18421,3242.87661,0
1506536529,22404301,1.18421,52.78493,1
1506536529,22404298,1.18467,2330.19343,1
1506536528,22404291,1.18469,50.75999,0
1506536527,22404286,1.18468,293.78001,1
1506536514,22404251,1.18468,24.95858,1
1506536512,22404239,1.18469,3066.15658,1
1506536511,22404230,1.18468,25.42100,1
1506536507,22404218,1.18468,25.39559,1
1506536504,22404212,1.18468,307.99927,1
1506536499,22404195,1.18472,165.97411,1
1506536497,22404188,1.18473,769.77137,1
1506536472,22404116,1.18474,263.78000,1
1506536470,22404104,1.18473,70.00000,1
1506536366,22403769,1.18949,140.71000,0
1506536359,22403742,1.18948,343.86000,0
1506536348,22403704,1.18811,43.33000,0
1506536331,22403591,1.18948,371.84692,0
1506536330,22403589,1.18940,6.77679,0
1506536330,22403587,1.18930,6.77736,0
1506536330,22403585,1.18920,6.77530,0
1506536330,22403583,1.18920,0.00264,0
1506536330,22403581,1.18910,6.77851,0
1506536330,22403580,1.18900,6.77909,0
1506536330,22403579,1.18890,6.77966,0
1506536330,22403578,1.18880,6.78024,0
1506536329,22403577,1.18870,6.78081,0
1506536329,22403576,1.18860,6.78139,0
1506536329,22403574,1.18850,6.78196,0
1506536329,22403573,1.18840,6.78253,0
1506536329,22403572,1.18830,6.78311,0
1506536329,22403571,1.18820,6.78369,0
1506536302,22403430,1.18819,4000.00000,0
1506536302,22403428,1.18799,1897.28287,0
1506536302,22403427,1.18798,1536.31150,0
1506536302,22403424,1.18790,817.72395,0
1506536301,22403420,1.18790,3182.27605,0
1506536292,22403372,1.18789,353.83399,0
1506536292,22403369,1.18750,0.00152,0
1506536291,22403363,1.18750,1498.80000,0
1506536289,22403347,1.18750,3501.19848,0
1506536284,22403330,1.18740,6.78829,0
1506536284,22403328,1.18720,6.78944,0
1506536284,22403326,1.18720,3.94151,0
1506536283,22403318,1.18720,0.52156,0
1506536282,22403317,1.18700,6.79060,0
1506536282,22403315,1.18700,741.13784,0
1506536277,22403287,1.18700,3543.01510,0
1506536249,22403124,1.18700,469.69958,0
1506536243,22403088,1.18700,246.14748,0
1506536243,22403087,1.18680,6.79175,0
1506536243,22403086,1.18650,0.00446,0
1506536242,22403079,1.18650,1246.69000,0
1506536238,22403065,1.18650,3753.30554,0
1506536238,22403063,1.18600,5000.00000,0
1506536238,22403060,1.18590,4000.00000,0
1506536237,22403057,1.18550,1685.96141,0
1506536232,22403035,1.18550,224.89214,0
1506536232,22403026,1.18550,458.11524,0
1506536226,22402986,1.18550,383.64243,0
1506536222,22402960,1.18550,349.96206,0
1506536221,22402949,1.18550,383.37306,0
1506536220,22402932,1.18550,1130.94000,0
1506536216,22402914,1.18550,383.11366,0
1506536213,22402896,1.18500,842.32696,0
1506536212,22402884,1.18500,49.46664,0
1506536211,22402882,1.18500,337.76080,0
1506536211,22402879,1.18499,45.08348,0
1506536210,22402868,1.18499,59.93652,0
1506536209,22402865,1.18500,68.61074,0
1506536207,22402852,1.18500,2163.60858,0
1506536206,22402846,1.18500,1039.65000,0
1506536205,22402834,1.18500,382.57490,0
1506536204,22402824,1.18500,51.72546,0
1506536200,22402791,1.18500,64.27592,0
1506536200,22402784,1.18499,318.02960,0
1506536199,22402779,1.18499,2193.92012,0
1506536198,22402763,1.18499,425.95389,0
1506536197,22402761,1.18499,1762.74217,0
1506536196,22402749,1.18499,3482.48347,0
1506536195,22402742,1.18499,382.25520,0
1506536193,22402729,1.18499,68.78018,0
1506536191,22402721,1.18499,560.71000,0
1506536189,22402716,1.18499,381.98567,0
1506536188,22402706,1.18499,1212.55000,0
1506536187,22402696,1.18499,4.87612,0
1506536184,22402667,1.18499,381.71615,0
1506536182,22402656,1.18499,208.17571,0
1506536182,22402655,1.18499,3244.24000,0
1506536181,22402638,1.18499,1801.49000,0
1506536180,22402631,1.18499,408.03635,0
1506536179,22402621,1.18499,380.96003,0
1506536174,22402599,1.18499,380.70083,0
1506536173,22402594,1.18499,125.81000,0
1506536169,22402575,1.18499,125.63000,0
1506536168,22402570,1.18499,380.43164,0
1506536157,22402509,1.18499,476.50562,0
1506536155,22402478,1.18499,1270.37487,0
1506536154,22402476,1.18499,4624.18000,0
1506536153,22402468,1.18499,906.75000,0
1506536145,22402412,1.18499,490.71238,0
1506536145,22402404,1.18495,1849.14000,0
1506536142,22402388,1.18495,1338.77000,0
1506536141,22402381,1.18495,906.18000,0
1506536138,22402361,1.18495,905.91000,0
1506536127,22402312,1.18493,33.14000,0
1506536116,22402264,1.18493,93.05000,0
1506536105,22402204,1.18490,676.77378,0
1506536105,22402203,1.18490,4007.40000,0
1506536105,22402198,1.18490,67.09232,0
1506536100,22402155,1.18490,248.73390,0
1506536100,22402152,1.18485,497.29610,0
1506536099,22402139,1.18485,1459.48120,0
1506536086,22402083,1.18485,2009.89270,0
1506536083,22402068,1.18485,976.99000,0
1506536072,22402013,1.18485,28.18000,0
1506536069,22401995,1.18485,28.16000,0
1506536058,22401935,1.18480,318.90710,0
1506536051,22401899,1.18480,1412.58470,0
1506536050,22401896,1.18480,346.38000,0
1506536048,22401875,1.18480,63.66019,0
1506536046,22401862,1.18480,411.18000,0
1506536043,22401844,1.18480,2447.28801,0
1506536043,22401843,1.18475,5000.00000,0
1506536043,22401842,1.18470,241.53754,0
1506536042,22401827,1.18470,1405.59000,0
1506536039,22401808,1.18470,36.80000,0
1506536036,22401781,1.18470,1186.35000,0
1506536031,22401748,1.18470,36.80000,0
1506536027,22401720,1.18470,69.49000,0
1506536023,22401683,1.18470,1573.17423,0
1506536020,22401669,1.18470,450.25823,0
1506536018,22401654,1.18465,755.81000,0
1506536017,22401651,1.18465,3486.90000,0
1506536015,22401629,1.18465,757.29000,0
1506536015,22401619,1.18460,0.60693,0
1506536014,22401611,1.18460,756.16169,0
1506536008,22401535,1.18460,247.01835,0
1506536006,22401526,1.18460,169.33000,0
1506536000,22401487,1.18460,2328.10010,0
1506535995,22401461,1.18419,0.01000,0
1506535995,22401454,1.18419,52.84000,0
1506535993,22401444,1.18419,346.20000,0
1506535973,22401338,1.18419,1553.32000,0
1506535972,22401335,1.18419,85.60000,0
1506535968,22401305,1.18419,1962.03000,0
1506535968,22401303,1.18393,555.97000,0
1506535964,22401275,1.18393,3158.04000,0
1506535962,22401259,1.18393,285.99000,0
1506535954,22401207,1.18390,678.35628,0
1506535954,22401205,1.18390,477.74000,0
1506535952,22401189,1.18390,60.58896,0
1506535948,22401156,1.18390,60.51046,0
1506535944,22401116,1.18390,103.90000,0
1506535938,22401072,1.18390,688.35501,0
1506535933,22401052,1.18390,50.53784,0
1506535927,22401036,1.18390,1880.01145,0
1506535907,22400959,1.18388,4633.78006,0
1506535900,22400927,1.18388,173.69198,0
1506535891,22400897,1.18387,701.90523,0
1506535879,22400837,1.18386,938.23932,0
1506535879,22400828,1.18386,128.80722,0
1506535878,22400826,1.18373,1.04278,0
1506535866,22400757,1.18373,998.95722,0
1506535838,22400668,1.18371,208.01000,0
1506535836,22400662,1.18372,791.48000,0
1506535294,22400120,1.17891,60.00000,1
1506535291,22400114,1.17891,100.00000,1
1506535193,22400056,1.17890,248.70272,1
1506534788,22399688,1.18371,1282.29052,0
1506534046,22399172,1.17893,30.38286,0
1506534043,22399165,1.17893,87.01000,0
1506534042,22399162,1.17893,60.55738,0
1506534040,22399155,1.17893,304.05215,0
1506534034,22399149,1.17892,274.91432,0
1506533943,22399031,1.17892,284.28964,0
1506533910,22398991,1.17892,42.24105,0
1506533910,22398990,1.17892,106.25918,0
1506533807,22398951,1.17889,25.29469,0
1506533455,22398711,1.17776,136.93695,1
1506533455,22398709,1.17790,6.79175,1
1506533455,22398708,1.17800,150.00000,1
1506533455,22398706,1.17810,6.79060,1
1506533454,22398705,1.17822,6.21276,1
1506533454,22398703,1.17830,6.78944,1
1506533454,22398702,1.17830,4.46307,1
1506533453,22398700,1.17834,59.82302,1
1506533453,22398699,1.17850,6.78829,1
1506533453,22398698,1.17891,293.51187,1
1506533452,22398694,1.17891,308.36823,1
1506533435,22398682,1.17891,153.10143,1
1506533381,22398650,1.17891,77.21540,1
1506533207,22398549,1.17891,54.07426,1
1506532918,22398347,1.17891,70.00000,1
1506532907,22398333,1.17891,211.88780,1
1506532823,22398273,1.17891,287.64000,1
1506532819,22398265,1.17891,310.98000,1
1506532755,22398218,1.17891,127.36300,1
1506532626,22398144,1.17891,49.83998,1
1506532625,22398141,1.17893,28.57903,0
1506532625,22398140,1.17892,116.52632,0
1506532625,22398139,1.17892,372.25214,0
1506532167,22397865,1.17891,82.92405,1
1506532164,22397860,1.17891,153.46380,1
1506532084,22397796,1.17891,663.26113,1
1506532080,22397788,1.17891,1156.36905,1
1506532076,22397780,1.17893,158.49110,1
1506532073,22397775,1.17893,1156.43417,1
1506532070,22397766,1.17893,1156.43417,1
1506532037,22397750,1.17893,114.64634,1
1506531942,22397705,1.17893,154.53708,1
1506531942,22397704,1.17919,0.00136,1
1506531926,22397687,1.17919,503.44729,1
1506531899,22397638,1.17919,737.64195,1
1506531875,22397627,1.17919,322.46069,1
1506531871,22397621,1.17919,322.46069,1
1506531852,22397598,1.17919,206.85386,1
1506531851,22397596,1.17919,179.26790,1
1506531846,22397590,1.17919,1095.82162,1
1506531845,22397585,1.17919,167.49763,1
1506531839,22397570,1.17919,449.85965,1
1506531821,22397562,1.17919,14.68736,1
1506531821,22397561,1.17920,2632.32737,1
1506531793,22397544,1.17920,1497.43757,1
1506531792,22397543,1.17921,0.00138,1
1506531792,22397541,1.17921,742.39534,1
1506531779,22397523,1.17921,252.54196,1
1506531751,22397498,1.17921,90.00000,1
1506531689,22397473,1.17921,202.45791,1
1506531685,22397469,1.17921,112.72395,1
1506531663,22397456,1.17921,38.24595,1
1506531656,22397452,1.17921,29.91834,1
1506531630,22397431,1.17921,252.55892,1
1506531601,22397402,1.17921,207.27437,1
1506531564,22397388,1.17921,1281.40874,1
1506531540,22397358,1.17921,207.18956,1
1506531536,22397351,1.17922,306.86180,1
1506531494,22397339,1.17922,68.60468,1
1506531479,22397328,1.17922,262.09698,1
1506531475,22397321,1.17922,252.63310,1
1506531469,22397318,1.17922,206.36523,1
1506531455,22397304,1.17922,1161.77386,0
1506531454,22397300,1.17922,610.47010,1
1506531454,22397297,1.17922,118.68009,1
1506531415,22397274,1.17923,79.99288,1
1506531411,22397273,1.17923,149.99619,1
1506531402,22397261,1.17923,65.03397,1
1506531387,22397256,1.17922,247.86980,1
1506531387,22397254,1.17923,1.11682,1
1506531386,22397253,1.17923,348.88318,1
1506531200,22397163,1.17925,37.85999,1
1506530944,22397074,1.17923,626.98537,1
1506530797,22397021,1.17923,619.14527,1
1506530640,22396843,1.18495,126.00863,1
1506530639,22396841,1.18495,417.71292,1
1506530639,22396838,1.18495,7347.45065,1
1506530639,22396837,1.18495,1890.00000,0
1506530471,22396650,1.17921,70.00000,1
1506530275,22396449,1.17921,1028.50342,1
1506530270,22396438,1.17921,201.59614,1
1506530003,22396264,1.17921,835.73999,1
1506529967,22396244,1.17921,96.95999,1
1506529632,22395921,1.17921,90.00000,1
1506529243,22395612,1.17921,75.41490,1
1506529117,22395484,1.17921,2679.16004,1
1506528942,22395353,1.17921,648.24000,1
1506528941,22395350,1.17921,1467.14428,1
1506528939,22395348,1.17921,821.06000,1
1506528937,22395340,1.17921,99.85550,1
1506528862,22395270,1.17921,66.42627,1
1506528838,22395231,1.17921,652.25957,1
1506528750,22395145,1.17921,304.95974,1
1506528722,22395127,1.17921,42.31647,1
1506528703,22395110,1.17921,165.75504,1
1506528686,22395069,1.17921,1226.73419,1
1506528686,22395068,1.17923,65.08605,1
1506528350,22394656,1.17921,3086.04142,1
1506528348,22394654,1.17923,329.87322,0
1506528348,22394653,1.17923,110.00000,1
1506528311,22394627,1.18457,189.21436,0
1506528307,22394622,1.18461,204.20153,0
1506528253,22394597,1.18468,69.51278,0
1506528252,22394595,1.18469,69.23485,0
1506528069,22394394,1.17921,100.00000,1
1506527365,22393637,1.18097,1000.00000,0
1506527364,22393635,1.18097,0.17579,0
1506527282,22393551,1.17921,462.07227,1
1506527103,22393363,1.17921,58.08000,1
1506527039,22393264,1.17921,33.72000,1
1506527033,22393257,1.17921,55.71000,1
1506527030,22393252,1.17921,149.12999,1
1506527015,22393236,1.17921,149.11999,1
1506527013,22393227,1.17921,149.10999,1
1506527010,22393221,1.18051,126.15000,1
1506527000,22393195,1.18097,102.34074,0
1506526997,22393191,1.18051,101.85048,1
1506526993,22393183,1.17921,70.29473,1
1506526993,22393179,1.17921,141.44916,1
1506526993,22393178,1.17921,230.59526,1
1506526990,22393170,1.18050,139.59002,0
1506526990,22393166,1.18050,276.53955,0
1506526989,22393165,1.18050,102.22921,0
1506526925,22393074,1.17921,44.43000,1
1506526909,22393036,1.17921,100.00000,1
1506526908,22393030,1.17921,3062.33208,1
1506526907,22393029,1.17922,1150.80211,1
1506526907,22393028,1.18000,909.58061,1
1506526906,22393023,1.18000,441.42999,1
1506526904,22393012,1.18000,440.62999,1
1506526898,22393000,1.18000,439.50999,1
1506526888,22392986,1.18000,292.92998,1
1506526885,22392983,1.18000,2475.91944,1
1506526885,22392982,1.18000,2637.87736,1
1506526885,22392981,1.18000,146.13000,1
1506526875,22392963,1.18000,226.43221,1
1506526874,22392962,1.18000,226.43999,1
1506526873,22392956,1.18000,211.82000,1
1506526862,22392930,1.18000,226.11865,1
1506526858,22392920,1.18000,1325.18179,1
1506526858,22392919,1.18000,3781.37281,1
1506526848,22392900,1.18000,571.89819,1
1506526847,22392898,1.18000,15.34703,1
1506526845,22392890,1.18000,235.39831,1
1506526845,22392889,1.18000,143.37000,1
1506526844,22392884,1.18000,127.48190,1
1506526844,22392880,1.18000,76.68296,1
1506526843,22392873,1.18000,26.11720,1
1506526841,22392867,1.18000,22.33160,1
1506526841,22392865,1.18000,238.55824,1
1506526841,22392864,1.18000,14.75230,1
1506526840,22392861,1.18000,102.22770,1
1506526840,22392855,1.18000,102.51000,1
1506526838,22392847,1.18000,260.17061,1
1506526838,22392846,1.18000,116.79000,1
1506526837,22392843,1.18000,102.22939,1
1506526835,22392838,1.18000,4062.76176,1
1506526835,22392837,1.18000,1029.87684,1
1506526824,22392827,1.18000,143.07918,1
1506526821,22392814,1.18000,611.13333,1
1506526820,22392812,1.18000,313.02986,1
1506526817,22392802,1.18000,2902.88079,1
1506526812,22392786,1.18001,194.66269,1
1506526812,22392785,1.18050,17.83731,1
1506526790,22392735,1.18050,180.93314,1
1506526787,22392727,1.18050,211.58000,1
1506526775,22392690,1.18050,177.82000,1
1506526770,22392680,1.18050,120.88390,1
1506526764,22392669,1.18050,725.41399,1
1506526762,22392661,1.18050,1146.80688,1
1506526756,22392651,1.18050,919.94185,1
1506526755,22392650,1.18050,226.86503,1
1506526753,22392643,1.18050,1146.80687,1
1506526743,22392630,1.18050,27.04938,1
1506526742,22392627,1.18050,35.38302,1
1506526742,22392626,1.18050,3096.87939,1
1506526741,22392624,1.18050,49.84078,1
1506526741,22392623,1.18050,163.90999,1
1506526740,22392622,1.18050,44.84061,1
1506526739,22392619,1.18050,188.99415,1
1506526738,22392617,1.18050,19.43078,1
1506526738,22392616,1.18050,70.96921,1
1506526738,22392615,1.18050,547.54137,1
1506526738,22392614,1.18050,329.16561,1
1506526719,22392583,1.18050,49.84078,1
1506526719,22392582,1.18050,115.41923,1
1506526691,22392566,1.18050,3095.23254,1
1506526675,22392536,1.18050,23.39998,1
1506526671,22392518,1.18051,23.39999,1
1506526658,22392505,1.18051,74.30998,1
1506526656,22392498,1.18051,152.13000,1
1506526655,22392496,1.18051,74.31000,1
1506526646,22392478,1.18051,226.22999,1
1506526635,22392468,1.18051,226.23000,1
1506526611,22392441,1.18051,35.38000,1
1506526559,22392343,1.18050,700.92641,1
1506526556,22392331,1.18050,67.50487,1
1506526555,22392327,1.18050,15.63513,1
1506526555,22392326,1.18050,88.80001,1
1506526553,22392317,1.18050,54.12000,1
1506526547,22392287,1.18050,394.81285,1
1506526542,22392264,1.18050,572.33000,1
1506526539,22392256,1.18050,1003.10000,1
1506526536,22392236,1.18050,25.42100,1
1506526535,22392232,1.18050,2845.78101,1
1506526535,22392231,1.18050,61.20096,1
1506526524,22392205,1.18051,294.06291,1
1506526502,22392192,1.18051,80.24000,0
1506526502,22392191,1.18051,31.67000,0
1506526447,22392136,1.18050,127.36456,1
1506526445,22392130,1.18051,955.51732,1
1506526429,22392106,1.18051,55.02999,1
1506526423,22392093,1.18051,54.99000,0
1506526418,22392091,1.18050,2362.49801,1
1506526418,22392090,1.18050,92.18000,1
1506526417,22392087,1.18050,55.06000,1
1506526415,22392084,1.18050,149.19227,1
1506526412,22392076,1.18050,1037.95563,1
1506526412,22392075,1.18051,222.85436,1
1506526411,22392073,1.18051,149.04821,1
1506526410,22392071,1.18051,360.58000,1
1506526409,22392069,1.18051,55.01114,0
1506526409,22392068,1.18051,277.70133,0
1506526407,22392035,1.18050,863.55898,1
1506526406,22392032,1.18050,148.96814,1
1506526402,22392023,1.18050,102.02145,1
1506526399,22392020,1.18051,160.16755,1
1506526399,22392019,1.18051,102.30998,1
1506526397,22392014,1.18051,809.47000,1
1506526397,22392011,1.18051,101.98053,1
1506526396,22392007,1.18051,55.00820,0
1506526395,22392002,1.18051,441.50708,1
1506526395,22391998,1.18051,51.37000,1
1506526392,22391988,1.18051,728.54000,1
1506526391,22391984,1.18099,184.63032,1
1506526390,22391981,1.18099,54.88641,1
1506526389,22391975,1.18099,76.84081,1
1506526388,22391971,1.18099,1582.11359,1
1506526388,22391969,1.18099,54.89640,1
1506526387,22391967,1.18099,744.88360,1
1506526386,22391964,1.18099,1170.05000,1
1506526386,22391960,1.18099,54.89639,1
1506526385,22391957,1.18099,76.80248,1
1506526383,22391949,1.18100,1580.35907,1
1506526382,22391945,1.18100,499.87999,1
1506526382,22391941,1.18100,54.94651,1
1506526381,22391940,1.18100,1170.05000,1
1506526380,22391937,1.18100,212.89349,1
1506526380,22391936,1.18100,51.11107,1
1506526379,22391932,1.18100,29.98000,1
1506526377,22391922,1.18100,25.46000,1
1506526373,22391907,1.18100,1200.02999,1
1506526372,22391904,1.18100,175.28988,1
1506526372,22391903,1.18100,2663.99012,1
1506526371,22391897,1.18100,1199.53650,1
1506526351,22391872,1.18100,474.55999,1
1506526351,22391871,1.18101,10.00000,1
1506526287,22391772,1.18100,661.91339,1
1506526287,22391770,1.18101,0.00025,1
1506526286,22391769,1.18101,29.99975,1
1506526280,22391760,1.18101,50.00000,1
1506526276,22391750,1.18101,69.26275,1
1506526270,22391737,1.18101,125.28108,1
1506526269,22391736,1.18101,171.78865,1
1506526269,22391735,1.18102,170.00000,1
1506526268,22391732,1.18101,148.15000,1
1506526267,22391723,1.18101,487.73000,1
1506526266,22391722,1.18102,330.00000,1
1506526264,22391712,1.18101,442.16200,0
1506526264,22391707,1.18101,1750.31713,1
1506526264,22391706,1.18102,256.13087,1
1506526263,22391704,1.18102,393.86913,1
1506526263,22391702,1.18101,311.47000,1
1506526260,22391691,1.18101,25.46087,1
1506526257,22391683,1.18101,18.91234,1
1506526256,22391678,1.18103,148.09001,1
1506526256,22391676,1.18103,381.83999,1
1506526255,22391670,1.18103,558.94001,1
1506526255,22391669,1.18103,181.12999,1
1506526254,22391664,1.18102,148.61862,1
1506526252,22391656,1.18102,1147.47992,1
1506526249,22391648,1.18101,167.44268,1
1506526244,22391635,1.18101,167.36262,1
1506526229,22391604,1.18101,308.55747,1
1506526202,22391533,1.18101,1238.71166,1
1506526202,22391531,1.18110,548.52439,1
1506526200,22391528,1.18102,1507.39192,1
1506526108,22391289,1.18105,915.60369,1
1506525736,22390541,1.18112,100.00000,1
1506525128,22389057,1.18552,60.81321,1
1506524964,22388658,1.18799,12.00985,0
1506524949,22388628,1.18799,326.17000,0
1506524948,22388622,1.18799,326.33962,0
1506524943,22388615,1.18799,90.48329,0
1506524939,22388609,1.18799,505.47583,0
1506524934,22388601,1.18799,159.29612,0
1506524934,22388599,1.18798,368.80505,0
1506524934,22388598,1.18798,21.52942,0
1506524908,22388579,1.18798,16.11209,0
1506524888,22388553,1.18798,31.78160,0
1506524886,22388546,1.18798,43.47000,0
1506524884,22388543,1.18799,31.74983,0
1506524879,22388538,1.18799,37.59000,0
1506524878,22388536,1.18799,37.65709,0
1506524874,22388527,1.18799,10.03718,0
1506524771,22388373,1.18799,565.90832,0
1506524771,22388372,1.18799,137.00530,0
1506524756,22388352,1.18799,660.98963,0
1506524745,22388329,1.18799,102.00507,0
1506524745,22388328,1.18700,0.00071,0
1506524687,22388251,1.18700,1178.84000,0
1506524663,22388215,1.18700,328.73000,0
1506524610,22388119,1.18700,1607.64000,0
1506524609,22388115,1.18700,769.94000,0
1506524597,22388102,1.18700,564.64194,0
1506524594,22388089,1.18700,550.20735,0
1506524594,22388088,1.18700,285.22265,0
1506524569,22388056,1.18700,835.31000,0
1506524542,22388011,1.18700,1975.49061,0
1506524539,22388008,1.18700,1213.03201,0
1506524512,22387977,1.18552,96.72000,1
1506524485,22387949,1.18552,100.00000,1
1506524478,22387926,1.18700,690.94473,0
1506524478,22387924,1.18650,0.00527,0
1506524437,22387840,1.18650,2675.83000,0
1506524432,22387826,1.18650,504.98000,0
1506524431,22387824,1.18650,831.24705,0
1506524429,22387815,1.18650,831.24705,0
1506524423,22387806,1.18650,156.69063,0
1506524423,22387804,1.18650,813.03418,0
1506524418,22387786,1.18650,241.04253,0
1506524411,22387777,1.18621,296.71925,1
1506524404,22387746,1.18650,848.21441,0
1506524401,22387735,1.18650,1113.51000,0
1506524400,22387732,1.18650,831.68110,0
1506524396,22387726,1.18650,846.17917,0
1506524393,22387701,1.18650,306.33861,0
1506524391,22387690,1.18619,297.03604,0
1506524384,22387666,1.18619,480.36161,0
1506524367,22387597,1.18552,155.51000,1
1506524214,22387388,1.18599,139.51214,1
1506524210,22387381,1.18599,304.82417,1
1506524208,22387377,1.18599,605.91997,1
1506524160,22387317,1.18599,64.84222,1
1506524160,22387316,1.18602,75.31778,1
1506524082,22387257,1.18619,2524.52437,0
1506524080,22387254,1.18619,698.07798,0
1506524077,22387252,1.18600,911.34974,0
1506524075,22387248,1.18600,1610.26000,0
1506524074,22387241,1.18600,2478.39026,0
1506524074,22387240,1.18600,1616.17974,0
1506524073,22387238,1.18600,1248.53000,0
1506524072,22387236,1.18600,758.63026,0
1506524071,22387230,1.18600,1376.66000,0
1506524069,22387219,1.18599,1246.98074,0
1506524067,22387213,1.18599,417.09000,0
1506524067,22387210,1.18599,599.64000,0
1506524066,22387206,1.18599,757.98095,0
1506524064,22387197,1.18599,417.09000,0
1506524051,22387168,1.18552,49.88529,1
1506524048,22387163,1.18599,109.32639,0
1506524046,22387159,1.18599,86.60192,0
1506524032,22387115,1.18599,182.66000,0
1506524030,22387110,1.18553,332.70000,1
1506524029,22387107,1.18599,182.63000,0
1506524011,22387080,1.18550,0.00803,0
1506524010,22387077,1.18550,463.61000,0
1506524009,22387068,1.18550,1066.48000,0
1506524007,22387064,1.18550,1073.21000,0
1506524006,22387060,1.18550,1072.92000,0
1506524000,22387049,1.18550,522.29570,0
1506523997,22387045,1.18550,426.91190,0
1506523976,22387003,1.18550,374.56437,0
1506523976,22387002,1.18550,971.64806,0
1506523973,22386992,1.18550,97.69000,0
1506523968,22386982,1.18550,1199.54309,0
1506523967,22386979,1.18550,100.22028,0
1506523961,22386961,1.18527,229.36988,1
1506523957,22386953,1.18550,37.52004,0
1506523901,22386880,1.18527,166.27248,1
1506523896,22386868,1.18527,166.27248,1
1506523895,22386867,1.18527,208.03000,1
1506523893,22386860,1.18527,40.93484,1
1506523892,22386857,1.18527,137.54672,1
1506523753,22386703,1.18550,572.24264,0
1506523751,22386699,1.18550,699.97142,0
1506523750,22386696,1.18550,597.69127,0
1506523750,22386693,1.18550,151.81320,0
1506523748,22386685,1.18550,571.66000,0
1506523736,22386653,1.18525,1165.19482,0
1506523734,22386645,1.18525,947.47422,0
1506523734,22386640,1.18525,1116.16252,0
1506523734,22386639,1.18525,28.20748,0
1506523732,22386630,1.18525,1176.40000,0
1506523730,22386624,1.18525,1142.61000,0
1506523728,22386612,1.18525,67.34000,0
1506523726,22386602,1.18525,1142.78000,0
1506523724,22386597,1.18525,1442.66252,0
1506523724,22386595,1.18500,11.43067,0
1506523707,22386573,1.18500,1536.36000,0
1506523706,22386566,1.18500,779.29000,0
1506523704,22386563,1.18500,1533.72000,0
1506523701,22386551,1.18500,946.73016,0
1506523700,22386549,1.18500,192.46917,0
1506523700,22386548,1.18500,1192.99083,0
1506523699,22386542,1.18500,2882.30000,0
1506523696,22386536,1.18500,924.70917,0
1506523695,22386535,1.18500,393.73317,0
1506523695,22386533,1.18500,284.47683,0
1506523695,22386531,1.18498,493.49317,0
1506523693,22386524,1.18499,1533.10000,0
1506523672,22386456,1.18499,1357.86724,0
1506523668,22386449,1.18499,530.41000,0
1506523668,22386448,1.18499,464.95513,0
1506523668,22386447,1.18498,120.01000,0
1506523667,22386443,1.18498,879.99000,0
1506523666,22386441,1.18497,120.00000,0
1506523663,22386428,1.18497,219.74315,0
1506523657,22386414,1.18497,439.19232,0
1506523645,22386378,1.18495,249.89000,0
1506523631,22386346,1.18495,101.89924,0
1506523520,22386142,1.18498,522.08709,0
1506523279,22385815,1.17946,80.00000,1
1506522896,22385218,1.17931,43.00000,1
1506522796,22385163,1.18100,1132.21330,0
1506522796,22385162,1.18100,162.71427,0
1506522794,22385155,1.18100,4854.00000,0
1506522792,22385150,1.18100,4851.99000,0
1506522603,22385007,1.18398,631.84982,0
1506522408,22384792,1.18337,144.35098,0
1506522407,22384789,1.18337,320.50257,0
1506522406,22384785,1.18338,24.09168,1
1506522400,22384779,1.18339,24.18741,1
1506522307,22384627,1.18336,0.00000,0
1506522305,22384623,1.18336,500.00000,0
1506522305,22384622,1.18336,123.97273,0
1506522305,22384620,1.18335,0.01000,0
1506522210,22384464,1.18335,271.67000,0
1506522192,22384436,1.18335,306.02000,0
1506522187,22384428,1.18335,422.30000,0
1506522129,22384324,1.17921,80.00000,1
1506521761,22383947,1.17921,189.53832,1
1506521104,22383178,1.17921,3444.92347,1
1506520889,22382942,1.17921,50.00000,1
1506520879,22382931,1.17921,100.00000,1
1506520495,22382655,1.17923,10.46793,0
1506520329,22382535,1.17921,127.30568,1
1506520322,22382496,1.17921,127.30568,1
1506520310,22382490,1.17925,2439.63504,1
1506520246,22382448,1.17925,320.57999,1
1506520214,22382427,1.17925,728.07925,1
1506520213,22382426,1.17925,1108.88074,1
1506520211,22382421,1.17925,400.06899,1
1506520211,22382420,1.17930,6.78369,1
1506520211,22382419,1.17940,6.78311,1
1506520132,22382364,1.17950,281.25347,1
1506520131,22382361,1.17950,1108.87395,1
1506520129,22382354,1.17950,252.59889,1
1506520112,22382324,1.17950,355.94105,1
1506520104,22382313,1.17950,296.84000,1
1506520102,22382305,1.17950,184.64604,1
1506520102,22382303,1.17950,256.02968,1
1506520095,22382289,1.17950,511.39089,1
1506520083,22382274,1.17950,106.89377,1
1506520079,22382264,1.17950,213.78761,1
1506520064,22382222,1.17950,316.37767,1
1506520042,22382199,1.17950,1112.82353,1
1506520042,22382198,1.17950,2222.38647,1
1506520027,22382161,1.17950,595.58078,1
1506519905,22381946,1.17950,931.73930,1
1506519686,22381804,1.17950,270.16999,1
1506519645,22381783,1.17950,23.69832,1
1506519643,22381782,1.17950,411.13999,1
1506519580,22381712,1.17950,500.00000,1
1506519015,22381431,1.17950,45.28515,1
1506519015,22381430,1.17950,10.03485,1
1506518886,22381231,1.18336,130.20956,0
1506518490,22380938,1.17951,90.00000,1
1506517761,22380234,1.17995,6.18554,0
1506517761,22380233,1.17948,10.04796,0
1506517655,22380088,1.17950,6.78253,1
1506517654,22380087,1.17950,2673.88227,1
1506517632,22380063,1.17950,143.30999,1
1506517614,22380045,1.17950,2000.00000,1
1506517537,22379913,1.17950,134.34697,1
1506517469,22379870,1.17950,48.46077,1
1506517469,22379869,1.17950,112.34921,1
1506517461,22379859,1.17950,18.28334,1
1506517416,22379813,1.17950,1149.19289,1
1506517366,22379728,1.17950,219.36343,1
1506517364,22379726,1.17950,219.92687,1
1506517364,22379720,1.17950,733.88964,1
1506517362,22379714,1.17950,602.49988,1
1506517361,22379705,1.17950,130.16550,1
1506517360,22379698,1.17950,601.48941,1
1506517340,22379672,1.17950,99.70062,1
1506517325,22379662,1.17950,130.07901,1
1506517324,22379659,1.17950,306.07310,1
1506517299,22379651,1.17950,80.00000,1
1506517143,22379535,1.17950,23.92012,1
1506516894,22379348,1.17950,573.06698,1
1506516894,22379347,1.17960,6.78196,1
1506516894,22379346,1.17970,6.78139,1
1506516893,22379345,1.17980,6.78081,1
1506516893,22379343,1.17990,6.78024,1
1506516890,22379337,1.17997,1651.92760,1
1506516886,22379332,1.17997,2455.87485,1
1506516763,22379203,1.17997,139.53833,1
1506516760,22379200,1.17997,387.07999,1
1506516759,22379193,1.17997,338.98320,1
1506516757,22379185,1.17997,26.59603,1
1506516756,22379183,1.17998,4980.91629,1
1506516754,22379181,1.17998,19.08371,1
1506516754,22379179,1.17999,4988.42861,1
1506516746,22379175,1.17999,11.57139,1
1506516746,22379174,1.18000,6.77966,1
1506516746,22379172,1.18000,3019.90170,1
1506516734,22379161,1.18000,1980.09830,1
1506516734,22379160,1.18000,4979.16053,1
1506516713,22379145,1.18000,20.83947,1
1506516712,22379143,1.18001,1352.97148,1
1506516712,22379141,1.18001,4854.43012,1
1506516703,22379125,1.18001,127.17586,1
1506516699,22379119,1.18001,16.40251,1
1506516698,22379118,1.18002,4980.82342,1
1506516686,22379100,1.18002,19.17658,1
1506516686,22379099,1.18003,1495.12894,1
1506516686,22379098,1.18003,4336.80130,1
1506516680,22379096,1.18003,598.08711,1
1506516506,22378913,1.18003,64.98447,1
1506516504,22378908,1.18005,135.01553,1
1506516112,22378399,1.18006,100.00000,0
1506515354,22377755,1.18004,416.34710,1
1506515354,22377754,1.18010,6.77909,1
1506515353,22377753,1.18020,6.77851,1
1506515353,22377752,1.18030,6.77530,1
1506514980,22377468,1.18030,0.00264,1
1506514980,22377466,1.18040,93.22000,0
1506514978,22377465,1.18040,6.77736,1
1506514963,22377442,1.18306,243.76000,1
1506514957,22377436,1.18058,98.42936,0
1506514956,22377434,1.18058,145.16081,0
1506514945,22377416,1.18058,219.07000,0
1506514917,22377369,1.18050,6.77679,1
1506514911,22377350,1.18060,100.00000,1
1506514898,22377325,1.18060,0.06205,1
1506514898,22377324,1.18062,20.25900,1
1506514611,22376964,1.18336,260.90960,0
1506514610,22376962,1.18336,201.90811,0
1506514609,22376957,1.18330,100.00000,0
1506514600,22376939,1.18060,581.39104,0
1506514599,22376938,1.18060,180.93000,0
1506514599,22376935,1.18060,266.76673,0
1506514596,22376925,1.18060,1148.06000,0
1506514594,22376922,1.18060,601.64735,0
1506514588,22376906,1.18060,601.64465,0
1506514550,22376877,1.18060,1666.03401,0
1506514548,22376876,1.18060,6.77622,1
1506514487,22376767,1.18329,146.28086,0
1506514487,22376766,1.18329,118.07853,0
1506514486,22376765,1.18329,203.57901,0
1506514486,22376764,1.18329,1057.69176,0
1506514470,22376747,1.18092,140.73818,0
1506514455,22376733,1.18070,6.77564,1
1506514393,22376663,1.18091,128.81000,0
1506514391,22376660,1.18092,299.86000,0
1506514389,22376657,1.18092,1094.25000,0
1506514320,22376603,1.18092,13.27597,1
1506513969,22376229,1.18092,250.49962,1
1506513899,22376177,1.18092,538.76639,1
1506513895,22376172,1.18092,1394.98552,1
1506513822,22376099,1.18101,190.11694,1
1506513820,22376097,1.18101,1006.68999,1
1506513773,22376050,1.18119,0.00430,1
1506513773,22376047,1.18119,741.56571,1
1506513773,22376044,1.18119,2103.98296,1
1506513772,22376042,1.18119,1154.44703,1
1506513758,22376031,1.18120,244.20928,1
1506513756,22376029,1.18200,1762.75771,1
1506513756,22376027,1.18200,1373.49192,1
1506513746,22376011,1.18201,60.00000,1
1506513731,22376002,1.18200,100.00000,1
1506513729,22375998,1.18203,1561.85280,1
1506513728,22375997,1.18201,27.50743,0
1506513727,22375993,1.18201,1695.62521,0
1506513726,22375989,1.18201,806.92148,1
1506513726,22375987,1.18202,0.00063,1
1506513726,22375981,1.18202,915.05220,1
1506513698,22375945,1.18202,163.82972,1
1506513697,22375941,1.18202,85.53155,1
1506513695,22375935,1.18202,308.56500,1
1506513665,22375904,1.18225,92.49313,1
1506513564,22375794,1.18319,2700.51440,1
1506513563,22375792,1.18319,672.39295,1
1506513562,22375789,1.18319,336.35342,1
1506513561,22375787,1.18319,290.73923,1
1506513551,22375774,1.18337,1236.19999,1
1506512530,22374837,1.18330,100.00000,1
1506512520,22374799,1.18324,100.00000,1
1506512309,22374442,1.18811,77.33725,1
1506512249,22374410,1.18811,0.20543,1
1506512248,22374409,1.18812,291.05000,1
1506512248,22374408,1.18819,13.73457,1
1506512190,22374358,1.18819,218.22000,1
1506512160,22374309,1.18817,969.97206,0
1506512160,22374306,1.18817,343.16000,0
1506512158,22374301,1.18817,200.77000,0
1506512156,22374291,1.18810,142.22266,0
1506512154,22374285,1.18809,142.53976,0
1506512151,22374275,1.18809,439.53069,0
1506512008,22374075,1.18809,47.38823,0
1506511738,22373755,1.18231,295.81000,1
1506511338,22373152,1.18245,775.26262,0
1506511333,22373116,1.18245,480.15639,0
1506511332,22373112,1.18245,231.71326,0
1506511326,22373091,1.18243,511.46563,0
1506511326,22373089,1.18243,334.28367,0
1506511300,22373010,1.18229,50.00000,1
1506511289,22372980,1.18223,7.59000,1
1506511289,22372979,1.18223,92.41000,1
1506511277,22372966,1.18217,100.00000,1
1506511239,22372823,1.18817,249.04073,0
1506511239,22372820,1.18814,80.94548,0
1506511238,22372818,1.18814,79.17080,0
1506511238,22372816,1.18812,142.67292,0
1506511233,22372781,1.18813,368.15000,0
1506511221,22372650,1.18816,80.72075,1
1506511220,22372638,1.18817,2237.05721,0
1506511220,22372633,1.18815,0.00001,0
1506511219,22372626,1.18815,719.99999,0
1506511037,22372151,1.18121,1320.00000,1
1506510996,22372066,1.18292,429.60287,1
1506510991,22372047,1.18292,3442.64529,1
1506510980,22372014,1.18292,127.75184,1
1506510963,22371974,1.18300,789.90139,0
1506510958,22371958,1.18300,16.03450,0
1506510954,22371947,1.18300,16.03450,0
1506510952,22371938,1.18300,69.65429,0
1506510951,22371933,1.18300,25.14982,0
1506510947,22371909,1.18300,69.65429,0
1506510946,22371906,1.18300,16.04480,0
1506510944,22371890,1.18300,4605.00551,0
1506510943,22371887,1.18317,4000.00000,1
1506510943,22371885,1.18328,69.62000,1
1506510943,22371884,1.18328,74.04101,1
1506510942,22371883,1.18328,180.43606,1
1506510942,22371882,1.18328,67.12591,1
1506510918,22371829,1.18652,49.92000,0
1506510914,22371812,1.18652,5129.21000,0
1506510889,22371709,1.18652,1024.24959,1
1506510889,22371708,1.18653,24.96000,1
1506510869,22371649,1.18652,2.53306,1
1506510869,22371647,1.18653,75.58017,1
1506510869,22371646,1.18653,26.59362,1
1506510869,22371645,1.18653,619.94409,1
1506510865,22371626,1.18702,64.84175,1
1506510861,22371614,1.18702,2.68427,1
1506510861,22371613,1.18703,479.86217,1
1506510861,22371610,1.18703,391.55000,1
1506510807,22371473,1.18979,459.71545,1
1506510801,22371462,1.18979,147.88844,0
1506510801,22371461,1.18960,6.77564,0
1506510800,22371459,1.18950,6.77622,0
1506510800,22371458,1.18940,6.77679,0
1506510800,22371457,1.18930,6.77736,0
1506510800,22371455,1.18920,6.77794,0
1506510800,22371453,1.18910,6.77851,0
1506510800,22371451,1.18900,6.77909,0
1506510800,22371450,1.18890,6.77966,0
1506510800,22371449,1.18880,6.78024,0
1506510800,22371446,1.18870,6.78081,0
1506510799,22371445,1.18860,6.78139,0
1506510799,22371441,1.18850,6.78196,0
1506510799,22371438,1.18840,6.78253,0
1506510799,22371436,1.18830,6.78311,0
1506510799,22371434,1.18820,6.78369,0
1506510799,22371432,1.18819,493.41670,0
1506510799,22371429,1.18793,4000.00000,0
1506510799,22371427,1.18792,476.56019,0
1506510794,22371400,1.18792,57.84000,0
1506510794,22371395,1.18792,276.88711,0
1506510792,22371385,1.18792,1313.99000,0
1506510790,22371369,1.18792,276.79381,0
1506510766,22371265,1.18792,100.91000,0
1506510761,22371248,1.18792,1079.78000,0
1506510759,22371244,1.18792,120.68000,0
1506510757,22371238,1.18792,296.55889,0
1506510757,22371236,1.18750,391.55111,0
1506510753,22371227,1.18750,441.59306,0
1506510749,22371206,1.18750,1166.36259,0
1506510743,22371190,1.18750,483.30946,0
1506510741,22371174,1.18750,339.33000,0
1506510732,22371120,1.18750,128.87766,0
1506510718,22371073,1.18750,895.97520,0
1506510715,22371059,1.18750,895.43938,0
1506510711,22371039,1.18750,257.56154,0
1506510667,22370866,1.18700,0.37983,0
1506510666,22370862,1.18700,75.58603,0
1506510663,22370837,1.18700,343.90534,0
1506510662,22370830,1.18700,408.82000,0
1506510646,22370790,1.18700,39.46440,0
1506510643,22370777,1.18700,237.00000,0
1506510641,22370773,1.18700,39.46440,0
1506510632,22370728,1.18700,1375.71000,0
1506510630,22370722,1.18700,2479.67000,0
1506510629,22370715,1.18675,207.93591,0
1506510629,22370713,1.18675,276.07000,0
1506510628,22370710,1.18675,343.87443,0
1506510625,22370686,1.18675,1103.36000,0
1506510620,22370663,1.18675,343.67304,0
1506510617,22370652,1.18675,343.50322,0
1506510615,22370644,1.18675,559.00000,0
1506510614,22370639,1.18675,376.73000,0
1506510614,22370637,1.18675,343.33340,0
1506510612,22370625,1.18675,1102.52000,0
1506510609,22370610,1.18650,1027.87899,0
1506510608,22370607,1.18650,1811.16856,0
1506510602,22370575,1.18650,679.10267,0
1506510601,22370570,1.18650,193.83000,0
1506510598,22370557,1.18650,737.47978,0
1506510596,22370544,1.18650,550.54000,0
1506510585,22370514,1.18649,148.02284,0
1506510585,22370512,1.18598,1.96716,0
1506510576,22370472,1.18598,1691.73433,0
1506510568,22370442,1.18598,378.39576,0
1506510559,22370409,1.18598,460.46306,0
1506510556,22370398,1.18597,0.36951,0
1506510555,22370395,1.18597,180.43733,0
1506510536,22370332,1.18598,390.39201,0
1506510337,22369769,1.18120,70.00000,1
1506510245,22369615,1.18104,100.00000,1
1506510234,22369597,1.18107,100.00000,1
1506510128,22369425,1.18598,902.58628,0
1506510126,22369423,1.18598,891.11837,0
1506510125,22369414,1.18598,1367.33607,0
1506510123,22369403,1.18598,765.30000,0
1506510122,22369400,1.18598,1366.64678,0
1506510105,22369361,1.18598,1365.96749,0
1506510104,22369359,1.18598,764.61000,0
1506510103,22369351,1.18598,763.93000,0
1506510074,22369275,1.18597,132.64885,0
1506510074,22369274,1.18575,0.00115,0
1506510071,22369267,1.18575,2067.31000,0
1506510041,22369192,1.18575,128.47000,0
1506510031,22369181,1.18575,583.57000,0
1506510025,22369170,1.18575,46.92000,0
1506510024,22369165,1.18575,466.45000,0
1506510020,22369152,1.18575,630.15000,0
1506510018,22369145,1.18575,143.32000,0
1506510016,22369138,1.18575,773.19000,0
1506510015,22369134,1.18575,160.61885,0
1506510014,22369133,1.18575,469.27115,0
1506510013,22369131,1.18575,302.96958,0
1506510013,22369129,1.18575,629.71000,0
1506510011,22369124,1.18575,309.59517,0
1506510011,22369122,1.18575,629.53000,0
1506509991,22369034,1.18575,115.83599,0
1506509986,22369030,1.18575,44.84000,0
1506509979,22369014,1.18575,98.01000,0
1506509959,22368984,1.18575,218.66000,0
1506509944,22368955,1.18575,181.39000,0
1506509939,22368935,1.18575,1482.52164,0
1506509939,22368934,1.18574,310.00000,0
1506509917,22368899,1.18550,500.00000,1
1506509909,22368885,1.18575,94.50899,0
1506509897,22368850,1.18575,113.53112,0
1506509890,22368833,1.18575,309.62636,0
1506509887,22368814,1.18550,1.31827,0
1506509886,22368813,1.18549,4493.98788,0
1506509884,22368805,1.18550,937.20723,0
1506509879,22368794,1.18550,4061.47450,0
1506509879,22368793,1.18550,1667.59291,0
1506509863,22368753,1.18550,148.18219,0
1506509818,22368682,1.18099,1199.53000,0
1506509816,22368679,1.18099,500.47000,1
1506509816,22368678,1.18550,1326.10000,0
1506509802,22368635,1.18550,632.99000,0
1506509802,22368634,1.18550,113.90025,0
1506509802,22368633,1.18549,60.00000,0
1506509801,22368630,1.18547,500.47975,0
1506509801,22368628,1.18546,0.01000,0
1506509800,22368625,1.18546,549.99000,0
1506509795,22368610,1.18547,499.52025,0
1506509793,22368607,1.18546,36.58000,0
1506509744,22368510,1.18546,1238.94143,0
1506509718,22368389,1.18532,50.46565,1
1506509642,22368167,1.18545,391.78876,0
1506509639,22368150,1.18093,203.57142,0
1506509628,22368112,1.18092,1308.64919,1
1506509453,22367845,1.18095,284.02783,1
1506509451,22367838,1.18095,2.47268,1
1506509451,22367837,1.18096,530.00000,1
1506509376,22367682,1.18095,0.07000,1
1506509376,22367681,1.18096,101.87000,1
1506509375,22367680,1.18096,418.13000,1
1506509297,22367598,1.18096,544.88482,1
1506509061,22367216,1.18097,62.76999,1
1506509060,22367215,1.18096,430.00000,1
1506508871,22367044,1.18096,100.00000,1
1506508462,22366462,1.18550,1079.05415,0
1506508094,22365718,1.18550,32.18050,0
1506508068,22365639,1.18096,216.39550,1
1506508054,22365586,1.18549,333.04000,0
1506508050,22365578,1.18549,735.06000,0
1506508035,22365562,1.18596,292.37000,0
1506507988,22365433,1.18094,32.46296,0
1506507988,22365430,1.18093,286.86687,0
1506507969,22365403,1.18093,273.82703,1
1506507966,22365389,1.18093,560.69391,1
1506507966,22365387,1.18093,37.50837,1
1506507960,22365370,1.18093,37.39000,1
1506507953,22365349,1.18120,173.60575,0
1506507953,22365347,1.18120,169.72917,0
1506507952,22365340,1.18093,20.71768,1
1506507949,22365328,1.18120,5.03625,0
1506507923,22365283,1.18093,220.37056,1
1506507916,22365265,1.18093,154.04772,1
1506507911,22365259,1.18095,20.71769,0
1506507908,22365250,1.18093,33.00991,1
1506507904,22365235,1.18094,174.54121,1
1506507902,22365231,1.18093,17.05769,1
1506507902,22365229,1.18093,164.75776,1
1506507898,22365219,1.18095,273.51710,1
1506507896,22365216,1.18094,436.23336,1
1506507882,22365156,1.18094,522.99140,1
1506507882,22365155,1.18122,24.92004,1
1506507880,22365151,1.18120,281.23569,0
1506507869,22365114,1.18093,428.38611,1
1506507867,22365105,1.18093,367.10041,1
1506507867,22365104,1.18094,16.93566,1
1506507867,22365103,1.18094,254.03492,1
1506507866,22365100,1.18100,209.61431,0
1506507864,22365092,1.18094,681.58998,0
1506507863,22365091,1.18093,430.60207,1
1506507860,22365082,1.18094,20.68857,0
1506507843,22365044,1.18093,1240.29314,1
1506507838,22365011,1.18092,493.82331,1
1506507818,22364959,1.18118,69.48095,0
1506507699,22364668,1.18120,115.44000,0
1506507691,22364647,1.18099,70.00000,1
1506507689,22364638,1.18116,100.00000,1
1506507549,22364273,1.18120,89.46888,1
1506507547,22364260,1.18598,489.10367,0
1506507541,22364226,1.18598,486.60201,0
1506507505,22364128,1.18595,22.76747,1
1506507501,22364113,1.18593,109.33074,0
1506507499,22364104,1.18593,132.09821,0
1506507309,22363324,1.18595,239.49813,1
1506507297,22363212,1.18598,240.97754,0
1506507293,22363160,1.18598,7396.27832,0
1506507293,22363155,1.18598,6276.59115,0
1506507292,22363154,1.18593,1024.42642,0
1506507239,22362830,1.18593,46.22000,0
1506507237,22362821,1.18593,399.72000,0
1506507234,22362809,1.18593,211.07000,0
1506507229,22362792,1.18593,445.36000,0
1506507195,22362662,1.18593,122.49636,0
1506507195,22362660,1.18593,185.76937,0
1506507192,22362654,1.18593,82.37212,0
1506507190,22362647,1.18593,471.01498,0
1506507188,22362622,1.18593,20.72180,0
1506507188,22362618,1.18592,1.19650,0
1506507185,22362605,1.18592,645.47041,0
1506507180,22362587,1.18592,256.65709,0
1506507177,22362575,1.18592,18.58300,0
1506507173,22362556,1.18592,18.58300,0
1506507145,22362403,1.18592,191.88000,0
1506507138,22362369,1.18592,1434.15000,0
1506507135,22362356,1.18592,1433.48000,0
1506507128,22362332,1.18593,990.82895,0
1506507128,22362331,1.18575,399.35105,0
1506507125,22362297,1.18575,1525.59000,0
1506507125,22362293,1.18575,957.40942,0
1506507125,22362291,1.18575,36.93201,0
1506507122,22362272,1.18575,993.84189,0
1506507118,22362256,1.18575,993.27449,0
1506507114,22362247,1.18575,992.78504,0
1506507111,22362224,1.18575,991.87875,0
1506507107,22362198,1.18575,991.28782,0
1506507105,22362179,1.18550,320.93376,0
1506507104,22362171,1.18550,960.78863,0
1506507104,22362167,1.18549,30.00000,0
1506507102,22362162,1.18550,3718.27761,0
1506507101,22362161,1.18550,3760.76363,0
1506507101,22362160,1.18549,0.09887,0
1506507100,22362154,1.18549,59.90113,0
1506507096,22362133,1.18550,990.49637,0
1506507096,22362131,1.18549,0.01000,0
1506507095,22362130,1.18549,109.99000,0
1506507092,22362109,1.18549,219.69754,0
1506507077,22362004,1.18549,419.52289,0
1506507068,22361935,1.18501,243.93885,1
1506507065,22361921,1.18550,248.74000,0
1506507064,22361907,1.18500,175.62709,0
1506507064,22361906,1.18500,89.99000,0
1506507063,22361905,1.18500,142.18000,0
1506507063,22361903,1.18499,0.01000,0
1506507062,22361892,1.18499,419.99000,0
1506507048,22361813,1.18062,730.41921,1
1506506933,22361517,1.18500,68.58000,0
1506506929,22361501,1.18499,235.89931,0
1506506929,22361500,1.18496,71.37999,0
1506506929,22361498,1.18496,98.62001,0
1506506928,22361496,1.18499,194.10069,0
1506506928,22361495,1.18496,260.00000,0
1506506925,22361485,1.18499,98.52999,1
1506506924,22361481,1.18500,54.13268,0
1506506921,22361470,1.18499,160.41000,0
1506506919,22361462,1.18500,1790.38000,0
1506506914,22361451,1.18499,81.31934,0
1506506894,22361336,1.18498,260.13596,0
1506506891,22361314,1.18499,223.46682,0
1506506779,22361138,1.18009,104.84399,0
1506506663,22361027,1.18499,104.09920,0
1506506637,22360964,1.18500,2679.11023,0
1506506637,22360962,1.18500,4415.88787,0
1506506637,22360958,1.18497,0.05102,0
1506506633,22360932,1.18496,982.66632,0
1506506632,22360920,1.18499,124.29318,1
1506506625,22360887,1.18500,269.69997,0
1506506624,22360880,1.18500,314.41216,0
1506506616,22360812,1.18498,907.68509,0
1506506614,22360796,1.18499,1647.69396,0
1506506576,22360719,1.18493,259.56813,1
1506506478,22360555,1.17901,66.47584,1
1506506478,22360554,1.18318,33.52416,1
1506506441,22360511,1.18498,60.63888,0
1506506438,22360507,1.18498,36.65713,0
1506506424,22360467,1.18498,630.24414,0
1506506422,22360460,1.18491,1547.63454,0
1506506420,22360453,1.18200,0.77584,0
1506506417,22360448,1.18200,749.86985,0
1506506406,22360421,1.18200,989.03672,0
1506506405,22360412,1.18200,726.21000,0
1506506388,22360364,1.18200,1589.39000,0
1506506363,22360325,1.18200,367.47918,0
1506506359,22360319,1.18200,393.21555,0
1506506358,22360318,1.18200,393.42897,0
1506506349,22360287,1.18200,12.30157,0
1506506343,22360278,1.18200,988.46933,0
1506506341,22360271,1.18200,300.75469,0
1506506290,22360198,1.18200,646.69579,0
1506506290,22360197,1.18200,454.17037,0
1506506285,22360176,1.18200,1690.16257,0
1506506284,22360172,1.18200,452.24337,0
1506506254,22360137,1.18200,245.79620,0
1506506221,22360075,1.18100,45.67087,1
1506506207,22360018,1.18498,1841.57673,0
1506506190,22359935,1.18498,183.09336,0
1506506183,22359879,1.18498,105.11182,0
1506506180,22359873,1.18498,34.14250,0
1506506180,22359870,1.18499,253.16669,0
1506506178,22359867,1.18498,82.39995,0
1506506070,22359484,1.18100,0.06845,0
1506506067,22359479,1.18100,45.73932,0
1506506011,22359438,1.18100,118.48000,0
1506505966,22359337,1.18100,407.04735,0
1506505878,22359255,1.17894,59.62050,1
1506505754,22359035,1.18100,70.88966,0
1506505589,22358807,1.18100,57.62969,0
1506505586,22358801,1.18100,180.19702,0
1506505568,22358764,1.18100,61.22879,0
1506505564,22358760,1.18100,58.71972,0
1506505564,22358759,1.18100,2.50908,0
1506504864,22357810,1.17893,795.78519,1
1506504828,22357766,1.17893,169.27538,1
1506504823,22357761,1.17893,169.27538,1
1506504737,22357703,1.17893,125.12119,1
1506504734,22357699,1.17894,53.36000,1
1506504734,22357698,1.17930,6.78369,1
1506504725,22357681,1.17940,6.78311,1
1506504725,22357680,1.17950,6.78253,1
1506504725,22357679,1.17960,6.78196,1
1506504681,22357616,1.17969,0.00756,0
1506504680,22357613,1.17969,726.58000,0
1506504654,22357570,1.17969,389.95411,1
1506504653,22357562,1.17969,256.77582,1
1506504652,22357557,1.17969,73.85753,1
1506504620,22357453,1.18099,65.12041,1
1506504572,22357379,1.18100,997.49092,0
1506504569,22357373,1.18099,86.72982,0
1506504568,22357370,1.17991,0.93016,0
1506504552,22357339,1.17991,639.16865,0
1506504425,22357161,1.17969,197.15234,1
1506504425,22357160,1.17969,82.26020,1
1506504425,22357159,1.17970,6.78139,1
1506504402,22357137,1.17976,0.00393,1
1506504401,22357136,1.17976,180.78839,1
1506504369,22357100,1.17976,354.09161,1
1506504369,22357096,1.17976,28.98920,1
1506504368,22357094,1.17976,160.71401,1
1506504082,22356787,1.17976,167.69794,1
1506504081,22356786,1.17976,22.30895,1
1506504081,22356783,1.17976,12.18678,1
1506504080,22356782,1.17976,36.70186,1
1506504079,22356781,1.17976,36.51733,1
1506504079,22356779,1.17980,6.78081,1
1506503810,22356552,1.17991,29.86285,0
1506503809,22356551,1.17990,54.87999,0
1506503748,22356517,1.17986,62.78224,1
1506503745,22356515,1.17986,83.71384,1
1506503718,22356492,1.17986,125.51825,1
1506503717,22356491,1.17986,33.35709,1
1506503717,22356489,1.17986,33.34003,1
1506503716,22356487,1.17986,53.37462,1
1506502842,22356188,1.17986,15.58000,1
1506502453,22355978,1.17986,99.94690,1
1506502452,22355976,1.17986,83.61726,1
1506502431,22355971,1.17986,76.83122,1
1506502430,22355970,1.17986,106.73294,1
1506502430,22355969,1.17986,225.20561,1
1506502429,22355968,1.17986,352.70955,1
1506502429,22355967,1.17986,51.58067,1
1506502257,22355918,1.17986,228.33933,1
1506502257,22355916,1.17986,324.13000,1
1506502256,22355915,1.17986,43.24045,1
1506502256,22355914,1.17988,10.00000,1
1506502256,22355913,1.17988,10.00000,1
1506502255,22355910,1.17988,288.05133,1
1506502255,22355909,1.17990,150.40000,1
1506502254,22355908,1.17990,32.95635,1
1506502253,22355905,1.17990,83.62000,1
1506502251,22355904,1.17990,33.37000,1
1506502240,22355896,1.17990,33.37000,1
1506502236,22355892,1.17990,33.40962,1
1506502236,22355890,1.17990,37.81038,1
1506502226,22355884,1.17990,82.41756,1
1506502198,22355869,1.17990,33.39337,1
1506502123,22355828,1.17991,165.01917,0
1506502121,22355825,1.17991,165.01917,0
1506502097,22355806,1.17990,89.01000,1
1506502094,22355803,1.17991,95.26856,0
1506502004,22355737,1.17990,76.63999,1
1506502003,22355735,1.17990,165.57438,1
1506501978,22355717,1.17990,148.02835,1
1506501977,22355715,1.17990,0.01000,1
1506501977,22355713,1.17990,851.96165,1
1506501952,22355700,1.17990,60.00000,1
1506501816,22355604,1.17990,59.73635,1
1506501793,22355575,1.17990,28.29200,1
1506501793,22355574,1.17990,6.78024,1
1506501762,22355544,1.17991,609.23370,1
1506501762,22355543,1.18000,114.16629,1
1506501762,22355542,1.18000,273.69001,1
1506501754,22355531,1.18000,29000.00000,1
1506501729,22355517,1.18000,115.82315,1
1506501728,22355516,1.18000,6.77966,1
1506501728,22355515,1.18010,6.77909,1
1506501728,22355514,1.18020,6.77851,1
1506501675,22355499,1.18030,6.77794,1
1506501675,22355498,1.18033,648.48227,1
1506501675,22355497,1.18034,9120.12398,1
1506501675,22355496,1.18040,6.77736,1
1506501674,22355495,1.18041,773.94551,1
1506501636,22355489,1.18041,24145.54800,1
1506501636,22355488,1.18050,6.77679,1
1506501636,22355487,1.18060,6.77622,1
1506501636,22355486,1.18070,6.77564,1
1506501635,22355485,1.18090,6.77449,1
1506501635,22355484,1.18093,827.34886,1
1506501605,22355462,1.18093,118.12738,1
1506501603,22355458,1.18093,3054.52376,1
1506501601,22355457,1.18094,6945.47624,1
1506501588,22355453,1.18094,242.67957,1
1506501588,22355452,1.18094,14.22329,1
1506501588,22355451,1.18094,56.55665,1
1506501586,22355450,1.18094,201.44740,1
1506501566,22355437,1.18094,242.65797,1
1506501559,22355431,1.18094,627.22454,1
1506501556,22355426,1.18094,1546.48346,1
1506501483,22355405,1.18094,115.62989,1
1506501483,22355403,1.18095,11.54575,1
1506501482,22355401,1.18095,198.74947,1
1506501436,22355385,1.18095,122.91999,1
1506501424,22355377,1.18095,98.39750,1
1506501423,22355375,1.18095,120.65431,1
1506501369,22355361,1.18095,270.17000,1
1506501347,22355351,1.18095,44.84000,1
1506501325,22355335,1.18095,240.28326,1
1506501323,22355332,1.18095,202.84111,1
1506501318,22355316,1.18095,84.37152,1
1506501318,22355315,1.18095,241.09465,1
1506501317,22355308,1.18095,142.13299,1
1506501314,22355284,1.18095,34.24876,1
1506501314,22355280,1.18095,83.73545,1
1506501313,22355273,1.18095,16.27920,1
1506501312,22355268,1.18095,3085.40742,1
1506501312,22355266,1.18095,4235.75100,1
1506501243,22355230,1.18095,83.63370,1
1506501022,22355128,1.18095,83.58012,1
1506501014,22355122,1.18095,83.53109,1
1506501009,22355116,1.18095,83.50118,1
1506501000,22355105,1.18095,83.46959,1
1506500994,22355101,1.18095,173.72999,1
1506500994,22355099,1.18095,83.45344,1
1506500988,22355090,1.18095,83.40915,1
1506500934,22355077,1.18095,3.61210,1
1506500934,22355076,1.18095,79.75353,1
1506500930,22355073,1.18095,83.42764,1
1506500926,22355070,1.18095,83.20451,1
1506500920,22355067,1.18095,83.26559,1
1506500909,22355059,1.18095,405.64027,1
1506500907,22355058,1.18095,1297.47000,1
1506500906,22355054,1.18095,489.39971,1
1506500902,22355051,1.18095,83.22642,1
1506500898,22355047,1.18095,83.19249,1
1506500892,22355040,1.18095,83.15232,1
1506500878,22355030,1.18095,83.12658,1
1506500874,22355026,1.18095,363.07999,1
1506500860,22355014,1.18095,309.78999,1
1506500858,22355011,1.18095,252.89999,1
1506500856,22355008,1.18095,82.99007,1
1506500851,22355003,1.18095,83.03099,1
1506500840,22354996,1.18095,252.42999,1
1506500838,22354994,1.18095,82.89350,1
1506500834,22354989,1.18095,82.86341,1
1506500830,22354983,1.18095,82.83305,1
1506500826,22354979,1.18095,82.82422,1
1506500819,22354973,1.18095,82.76304,1
1506500816,22354969,1.18095,82.75373,1
1506500812,22354965,1.18095,82.72382,1
1506500808,22354962,1.18095,82.68347,1
1506500803,22354957,1.18095,82.65332,1
1506500797,22354951,1.18095,53.38803,1
1506500797,22354950,1.18095,29.23518,1
1506500786,22354945,1.18095,82.58331,1
1506500782,22354933,1.18095,82.55320,1
1506500777,22354928,1.18095,82.52303,1
1506500771,22354924,1.18095,82.48291,1
1506500766,22354918,1.18095,82.45353,1
1506500761,22354915,1.18095,82.42268,1
1506500753,22354911,1.18095,82.36158,1
1506500749,22354905,1.18095,82.33122,1
1506500743,22354897,1.18095,82.30110,1
1506500739,22354894,1.18095,82.28061,1
1506500733,22354889,1.18095,82.24047,1
1506500727,22354886,1.18095,82.19519,1
1506500716,22354882,1.18095,82.14635,1
1506500703,22354878,1.18095,173.81337,1
1506500697,22354872,1.18095,20.16526,1
1506500692,22354869,1.18095,20.16526,1
1506500690,22354868,1.18095,174.05479,1
1506500675,22354860,1.18095,82.12194,1
1506500668,22354852,1.18095,82.08888,1
1506500655,22354844,1.18095,869.55419,1
1506500653,22354842,1.18095,301.56154,1
1506500637,22354836,1.18095,82.04775,1
1506500632,22354833,1.18095,82.01484,1
1506500627,22354827,1.18095,81.98537,1
1506500626,22354826,1.18095,786.96184,1
1506500622,22354823,1.18095,71.53000,1
1506500622,22354822,1.18095,665.19244,1
1506500618,22354820,1.18095,404.17646,1
1506500618,22354818,1.18095,1335.17924,1
1506500616,22354815,1.18095,82.05422,1
1506500615,22354814,1.18095,60.00000,1
1506500615,22354813,1.18095,95.62641,1
1506500614,22354810,1.18095,245.94607,1
1506500561,22354795,1.18095,75.36306,1
1506500558,22354788,1.18095,58.64623,1
1506500546,22354774,1.18095,81.93986,1
1506500543,22354771,1.18095,81.90974,1
1506500538,22354768,1.18095,81.86957,1
1506500533,22354765,1.18095,81.83945,1
1506500529,22354762,1.18095,81.80910,1
1506500526,22354759,1.18095,247.09524,1
1506500526,22354757,1.18095,248.21172,1
1506500525,22354753,1.18095,1052.72875,1
1506500524,22354751,1.18095,244.85821,1
1506500523,22354745,1.18095,81.75903,1
1506500516,22354739,1.18095,81.71680,1
1506500512,22354737,1.18095,81.68688,1
1506500505,22354733,1.18095,81.65616,1
1506500500,22354728,1.18095,81.62604,1
1506500499,22354722,1.18095,261.59999,1
1506500494,22354707,1.18095,4344.59547,1
1506500486,22354698,1.18095,81.58588,1
1506500482,22354695,1.18095,81.56032,1
1506500478,22354693,1.18095,81.52523,1
1506500472,22354686,1.18095,81.49511,1
1506500468,22354682,1.18095,81.45495,1
1506500462,22354675,1.18095,81.42483,1
1506500457,22354672,1.18095,81.39474,1
1506500440,22354658,1.18095,81.35438,1
1506500434,22354655,1.18095,81.32426,1
1506500430,22354651,1.18095,81.28602,1
1506500430,22354650,1.18100,0.00812,1
1506500407,22354612,1.18100,565.25826,1
1506500403,22354610,1.18100,223.09037,1
1506500374,22354597,1.18100,81.26061,1
1506500369,22354592,1.18100,81.19009,1
1506500362,22354588,1.18100,81.16000,1
1506500304,22354562,1.18100,134.24435,1
1506500297,22354552,1.18100,81.12020,1
1506500285,22354526,1.18100,119.30568,1
1506500279,22354521,1.18100,99.69518,1
1506500278,22354519,1.18100,99.69518,1
1506500274,22354514,1.18100,81.08832,1
1506500268,22354504,1.18100,81.05818,1
1506500264,22354499,1.18100,81.02808,1
1506500261,22354493,1.18100,80.98791,1
1506500255,22354489,1.18100,80.95781,1
1506500249,22354481,1.18100,80.92770,1
1506500248,22354478,1.18100,245.61389,1
1506500245,22354473,1.18100,80.89757,1
1506500241,22354467,1.18100,80.85743,1
1506500237,22354465,1.18100,80.82733,1
1506500234,22354462,1.18100,80.79719,1
1506500228,22354451,1.18100,80.76709,1
1506500217,22354443,1.18100,80.67707,1
1506500183,22354403,1.18100,189.85341,1
1506500147,22354381,1.18100,33.41999,1
1506500142,22354378,1.18100,80.71799,1
1506500099,22354362,1.18100,138.08478,1
1506500094,22354355,1.18100,131.84201,1
1506500090,22354340,1.18100,84.09063,1
1506500081,22354333,1.18100,80.57650,1
1506500031,22354300,1.18100,235.48218,1
1506500029,22354296,1.18100,235.48218,1
1506500025,22354290,1.18100,143.03612,1
1506500022,22354287,1.18100,43.98195,1
1506500022,22354285,1.18100,144.54912,1
1506500019,22354280,1.18100,73.85096,1
1506500017,22354277,1.18100,174.46981,1
1506500017,22354275,1.18100,73.85096,1
1506500016,22354271,1.18100,174.46981,1
1506499991,22354256,1.18100,108.91618,1
1506499858,22354214,1.18100,71.43529,1
1506499793,22354184,1.18100,80.53307,1
1506499709,22354135,1.18100,146.76422,1
1506499516,22354074,1.18100,1588.65319,1
1506499514,22354070,1.18100,699.35681,1
1506499513,22354067,1.18100,1588.65317,1
1506499513,22354064,1.18100,210.23192,1
1506499357,22354027,1.18096,80.50649,1
1506499292,22354004,1.18095,60.00000,1
1506499244,22353989,1.18095,1000.23126,1
1506499226,22353984,1.18095,80.49789,1
1506499020,22353878,1.18095,80.45205,1
1506498957,22353851,1.18095,163.12291,1
1506498876,22353816,1.18095,143.77408,1
1506498857,22353797,1.18095,96.08367,1
1506498840,22353781,1.18095,146.86482,1
1506498648,22353620,1.18095,1021.62547,1
1506498510,22353556,1.18095,643.21323,1
1506498158,22353378,1.18095,397.74758,1
1506498083,22353345,1.18095,65.74809,1
1506498083,22353344,1.18095,50.00000,1
1506498082,22353343,1.18095,373.68190,1
1506498022,22353325,1.18098,61.28835,0
1506498016,22353316,1.18095,25.00198,1
1506498014,22353312,1.18095,25.02223,1
1506497976,22353300,1.18095,79.88582,1
1506497973,22353297,1.18095,79.83552,1
1506497967,22353291,1.18095,79.82935,1
1506497965,22353285,1.18095,79.74541,1
1506497960,22353281,1.18095,79.71538,1
1506497955,22353276,1.18095,79.70918,1
1506497951,22353269,1.18095,79.66891,1
1506497947,22353261,1.18095,79.57899,1
1506497947,22353259,1.18095,302.97207,1
1506497945,22353256,1.18095,305.59003,1
1506497943,22353251,1.18095,79.54968,1
1506497939,22353249,1.18095,79.51894,1
1506497934,22353243,1.18095,79.48892,1
1506497927,22353239,1.18095,79.44886,1
1506497921,22353229,1.18095,79.41884,1
1506497917,22353226,1.18095,79.35242,1
1506497910,22353219,1.18095,79.32109,1
1506497909,22353217,1.18095,983.68000,1
1506497907,22353216,1.18095,982.69705,1
1506497905,22353213,1.18095,299.20722,1
1506497905,22353210,1.18095,79.29127,1
1506497900,22353206,1.18095,79.25411,1
1506497870,22353176,1.18100,5000.00000,1
1506497870,22353174,1.18100,0.02462,1
1506497867,22353156,1.18100,934.12363,1
1506497865,22353147,1.18100,1257.38900,1
1506497865,22353142,1.18100,2808.46275,1
1506497865,22353140,1.18101,1242.07070,1
1506497848,22353037,1.18102,54.95921,1
1506497832,22353019,1.18146,56.11053,0
1506497801,22352988,1.18101,56.43999,1
1506497799,22352984,1.18101,146.93032,1
1506497796,22352981,1.18101,67.72170,1
1506497777,22352970,1.18148,147.88844,1
1506497517,22352823,1.18488,66.90792,0
1506497493,22352777,1.18101,96.05621,1
1506497492,22352774,1.18101,96.10229,1
1506497453,22352742,1.18291,798.34348,1
1506497449,22352727,1.18291,2668.25879,1
1506497448,22352717,1.18291,533.39773,1
1506497448,22352713,1.18293,2064.18707,1
1506497448,22352707,1.18293,522.24611,1
1506496723,22352306,1.18293,576.41000,1
1506496723,22352305,1.18294,67.45000,1
1506496630,22352277,1.18293,837.15682,1
1506496630,22352276,1.18294,1420.92612,1
1506496429,22352157,1.18295,45.00000,1
1506496198,22352000,1.18489,890.75420,0
1506496197,22351998,1.18489,56.16670,0
1506496197,22351995,1.18489,7.38330,0
1506495683,22351705,1.18294,60.00000,1
1506495608,22351664,1.18294,119.62594,1
1506495473,22351583,1.18295,47.75446,0
1506495472,22351582,1.18295,469.85285,1
1506495471,22351579,1.18294,469.36732,1
1506495449,22351565,1.18294,69.32999,1
1506495403,22351539,1.18294,419.52938,1
1506495400,22351535,1.18295,41.79759,0
1506495399,22351528,1.18294,368.66745,1
1506495319,22351469,1.18295,41.58909,1
1506495251,22351386,1.18344,818.41222,1
1506494764,22351161,1.18345,481.74412,1
1506494747,22351149,1.18344,166.11705,1
1506494743,22351146,1.18344,166.11705,1
1506494613,22351089,1.18491,1696.26743,1
1506494602,22351073,1.18491,344.80999,1
1506494536,22351041,1.18492,1857.03473,1
1506494522,22351027,1.18491,1856.38295,1
1506494511,22351022,1.18491,0.23414,1
1506494511,22351021,1.18492,53.48786,1
1506494459,22350990,1.18491,2.22583,1
1506494459,22350989,1.18492,460.00000,1
1506494453,22350984,1.18491,4.55782,1
1506494453,22350983,1.18492,1000.00000,1
1506494263,22350926,1.18493,842.84999,1
1506494214,22350913,1.18495,126.69312,1
1506494100,22350840,1.18492,100.62914,1
1506494095,22350832,1.18492,100.62914,1
1506493663,22350633,1.18493,107.54222,1
1506493346,22350515,1.18498,800.00000,1
1506493327,22350508,1.18494,98.31024,0
1506492787,22350171,1.18997,62.53000,0
1506492648,22350092,1.18997,69.19000,0
1506492543,22349985,1.18497,588.14090,1
1506492534,22349944,1.18998,567.53950,0
1506492532,22349940,1.18998,218.69000,0
1506492532,22349939,1.18990,150.40000,0
1506492530,22349936,1.18990,849.60000,0
1506492529,22349934,1.18989,0.01000,0
1506492529,22349932,1.18989,179.99000,0
1506492525,22349926,1.18989,349.99000,0
1506492520,22349920,1.18980,40.56035,0
1506492070,22349775,1.18499,50.00000,1
1506489647,22348858,1.18502,71.75407,1
1506489639,22348851,1.18497,46.18683,1
1506489594,22348818,1.18493,67.24448,1
1506489590,22348814,1.18491,95.52184,1
1506489585,22348810,1.18496,95.52183,1
1506489576,22348804,1.18496,66.35668,1
1506489145,22348530,1.18494,120.96999,1
1506489137,22348524,1.18498,119.59999,0
1506489102,22348503,1.18494,60.00000,1
1506488427,22348223,1.18494,121.02999,1
1506487385,22347958,1.18502,192.51635,1
1506487384,22347955,1.18501,106.90992,0
1506487229,22347842,1.18998,14.34759,0
1506486738,22347499,1.18998,890.79908,0
1506486004,22347243,1.18998,16.26982,0
1506485945,22347215,1.18998,194.65118,0
1506485715,22347119,1.18998,582.64000,0
1506485517,22346999,1.18998,65.55301,0
1506485082,22346688,1.18998,65.55301,0
1506485076,22346680,1.18998,52.36530,0
1506485071,22346675,1.18998,127.39648,0
1506484920,22346579,1.18500,50.00000,1
1506484779,22346436,1.18999,1148.10630,0
1506484779,22346434,1.18998,852.28300,0
1506484778,22346433,1.18991,283.54209,0
1506484595,22346275,1.18991,107.27000,0
1506484265,22346010,1.18991,236.25000,0
1506484263,22346008,1.18991,1042.01000,0
1506484262,22346002,1.18991,1585.48000,0
1506484260,22345997,1.18991,626.96000,0
1506484260,22345996,1.18990,0.01000,0
1506484259,22345993,1.18990,999.99000,0
1506483340,22345552,1.18982,134.99748,1
1506483334,22345540,1.18991,118.48791,0
1506483333,22345538,1.18989,0.00209,0
1506483322,22345532,1.18989,600.69000,0
1506483322,22345529,1.18989,429.30000,0
1506483318,22345524,1.18989,5130.71000,0
1506483317,22345521,1.18989,726.96000,0
1506483315,22345518,1.18989,381.83931,0
1506483315,22345517,1.18986,1376.76069,0
1506483314,22345516,1.18986,445.06048,0
1506483311,22345509,1.18986,47.76847,0
1506483306,22345476,1.18986,266.51000,0
1506483305,22345475,1.18980,807.89000,0
1506483304,22345462,1.18980,64.38000,0
1506483301,22345456,1.18980,245.60000,0
1506483296,22345444,1.18980,47.04000,0
1506483293,22345443,1.18980,135.09000,0
1506483220,22345400,1.18986,429.24000,0
1506483195,22345389,1.18986,101.71000,0
1506482966,22345271,1.18986,734.27000,0
1506482962,22345263,1.18986,191.57000,0
1506482950,22345235,1.18986,680.04343,0
1506482950,22345234,1.18986,53.95047,0
1506482903,22345157,1.18986,1037.97046,0
1506482896,22345146,1.18986,1037.55817,0
1506482893,22345133,1.18986,10.59078,0
1506482866,22345073,1.18986,80.72000,0
1506482848,22345047,1.18986,279.21012,0
1506482847,22345046,1.18986,2500.00000,0
1506482847,22345045,1.18986,20.59988,0
1506480410,22343879,1.18342,0.00005,0
1506480409,22343874,1.18342,999.99995,0
1506480408,22343871,1.18342,151.57005,0
1506479693,22343638,1.18597,0.13000,1
1506476711,22342863,1.18986,203.77000,0
1506476707,22342860,1.18986,995.47000,0
1506475831,22342633,1.18986,590.66005,0
1506475830,22342629,1.18986,99.46000,0
1506475823,22342624,1.18988,590.04007,1
1506475821,22342620,1.18986,2500.00000,0
1506475821,22342619,1.18986,606.15795,0
1506475815,22342615,1.18986,589.48465,0
1506475811,22342612,1.18986,343.42886,0
1506475809,22342607,1.18986,99.31000,0
1506475803,22342600,1.18988,861.61854,1
1506475801,22342596,1.18989,274.42560,0
1506475798,22342590,1.18989,70.65000,0
1506475798,22342589,1.18989,212.44000,0
1506475796,22342585,1.18989,494.14817,0
1506475794,22342580,1.18986,90.00000,1
1506475792,22342577,1.18989,752.75957,0
1506475792,22342576,1.18986,2500.00000,0
1506475792,22342575,1.18986,2500.00000,0
1506475792,22342574,1.18986,208.89980,0
1506475167,22342310,1.18986,1148.67128,0
1506475124,22342291,1.18986,1526.87000,0
1506475095,22342275,1.18986,51.85277,0
1506475004,22342256,1.18986,274.46994,0
1506475001,22342253,1.18986,432.97924,0
1506474969,22342237,1.18986,997.08000,0
1506474807,22342183,1.18986,107.17354,0
1506474805,22342181,1.18986,176.61343,0
1506474736,22342142,1.18986,75.39000,0
1506474546,22341941,1.18989,2255.41000,0
1506474544,22341939,1.18989,529.77757,0
1506474542,22341929,1.18989,529.77757,0
1506474541,22341927,1.18989,139.40000,0
1506474539,22341918,1.18989,2262.80000,0
1506474537,22341910,1.18989,503.39000,0
1506474534,22341894,1.18989,255.77000,0
1506474531,22341891,1.18989,1148.99767,0
1506474531,22341890,1.18986,1.51084,0
1506474523,22341875,1.18986,998.48916,0
1506474523,22341874,1.18986,745.12433,0
1506474514,22341864,1.18986,254.87567,0
1506474514,22341862,1.18986,272.01433,0
1506474505,22341857,1.18986,33.35709,0
1506474500,22341853,1.18986,33.34003,0
1506474463,22341832,1.18986,329.35000,0
1506474452,22341814,1.18986,331.93855,0
1506474451,22341811,1.18986,9.17921,0
1506474449,22341805,1.18986,415.76000,0
1506474435,22341792,1.18986,76.21000,0
1506474413,22341761,1.18986,225.22927,0
1506474413,22341760,1.18986,30.59181,0
1506474409,22341756,1.18986,925.07000,0
1506474389,22341730,1.18986,149.01827,0
1506474240,22341627,1.18986,61.59000,0
1506474189,22341611,1.18986,75.48497,0
1506474165,22341554,1.18986,12.16741,0
1506474162,22341552,1.18986,12.16741,0
1506474159,22341545,1.18986,12.16741,0
1506474096,22341511,1.18986,64.01000,0
1506474085,22341504,1.18986,466.76173,0
1506474064,22341488,1.18986,12.16741,0
1506473866,22341436,1.18986,62.67000,0
1506473216,22341293,1.18986,310.46908,0
1506472696,22341161,1.18986,1079.28602,0
1506472696,22341160,1.18986,194.97398,0
