date,tid,price,amount,type
1506556826,22426739,47.90,8.71123803,0
1506556555,22426663,47.81,23.96635069,1
1506556555,22426662,47.86,16.54000000,1
1506556555,22426661,47.93,7.49364931,1
1506556545,22426656,48.01,0.15000000,0
1506556543,22426654,48.01,14.07738700,0
1506556543,22426653,48.01,5.58403900,0
1506556538,22426646,48.01,14.07953900,0
1506556442,22426587,48.01,152.83787200,0
1506556442,22426586,48.00,12.28000000,0
1506556398,22426577,48.00,2.00458333,0
1506556078,22426464,48.08,45.30000000,0
1506556078,22426463,48.05,14.70000000,0
1506555790,22426320,48.01,5.00023000,1
1506555776,22426308,48.05,1.77325735,1
1506555363,22426127,48.29,3.18508803,0
1506555363,22426126,48.29,3.15000000,0
1506555332,22426107,47.91,10.13075800,1
1506555332,22426105,48.03,6.57471000,1
1506555331,22426100,47.34,172.76855317,1
1506555331,22426098,47.55,10.00000000,1
1506555331,22426096,47.59,14.08377295,1
1506555330,22426095,47.60,11.16996113,1
1506555330,22426094,47.72,6.92815171,1
1506555329,22426093,47.82,2.38000000,1
1506555329,22426092,47.82,57.28231440,0
1506555329,22426091,47.90,108.00000000,1
1506555329,22426090,47.98,25.00000000,1
1506555328,22426089,48.03,3.18000000,1
1506555328,22426088,48.03,15.89000000,1
1506555328,22426087,48.08,1.71458043,0
1506555326,22426086,48.15,16.86000000,1
1506555060,22425918,48.37,22.17333600,1
1506555049,22425908,48.55,15.00023000,1
1506554994,22425872,48.37,99.64906100,1
1506554880,22425802,48.54,0.38318912,0
1506554852,22425767,48.52,5.00000000,0
1506554845,22425752,48.42,0.00377854,0
1506554844,22425747,48.46,5.39234146,1
1506554834,22425725,48.46,20.64200000,1
1506554834,22425722,48.46,9.18324200,1
1506554831,22425718,48.46,11.50000000,1
1506554828,22425708,48.46,5.03434100,1
1506554808,22425664,48.46,4.00000000,1
1506554807,22425662,48.46,1.00000000,1
1506554804,22425659,48.46,9.50000000,1
1506554804,22425658,48.46,7.81478911,1
1506554802,22425655,48.46,28.93328643,1
1506554798,22425649,48.41,6.48653800,1
1506554797,22425643,48.40,0.40000000,1
1506554788,22425627,48.39,7.21770400,1
1506554716,22425488,48.51,1.70151572,0
1506554714,22425483,48.40,0.00987444,0
1506554537,22425340,48.26,0.21669202,1
1506554525,22425333,48.25,10.67490000,1
1506554521,22425327,48.28,10.66600000,0
1506554503,22425314,48.37,4.21604301,0
1506554474,22425290,48.37,1.71483365,0
1506554465,22425285,48.34,1.71715897,0
1506554465,22425284,48.34,1.71734363,0
1506554451,22425273,48.30,1.68682000,1
1506554445,22425268,48.31,6.55641000,1
1506554420,22425238,48.29,6.01054000,1
1506554420,22425237,48.29,4.58446000,1
1506554418,22425232,48.29,1.67914000,1
1506554416,22425230,48.29,10.59640000,1
1506554415,22425226,48.29,7.99675000,1
1506554410,22425220,48.29,8.85885000,1
1506554383,22425203,48.26,1.89999500,1
1506554238,22425121,48.31,0.10559000,0
1506553566,22424723,48.13,1.71501832,0
1506553558,22424720,48.24,10.08913764,0
1506553558,22424719,48.21,1.72173197,0
1506553558,22424718,48.20,3.06000000,0
1506553557,22424717,48.18,15.28000000,0
1506553557,22424716,48.18,42.82600000,1
1506553557,22424715,48.17,33.89000000,1
1506553555,22424712,48.00,5.00000000,0
1506553096,22424376,48.07,1.71715897,0
1506553094,22424372,48.08,0.38997504,0
1506553092,22424371,48.00,5.00000000,0
1506553092,22424370,48.00,5.00000000,0
1506552990,22424323,47.91,14.01435805,1
1506552864,22424254,47.95,4.71779000,0
1506552862,22424253,47.95,42.49635700,0
1506552836,22424233,48.02,23.92458102,0
1506552836,22424232,48.02,2.74000000,0
1506552835,22424231,47.96,13.70000000,0
1506552835,22424230,47.95,2.37565368,0
1506552835,22424229,47.95,1.72173197,0
1506552833,22424225,47.80,5.00000000,0
1506552802,22424219,47.70,0.00044335,0
1506552791,22424210,47.70,4.99955665,0
1506552739,22424190,47.61,5.00000000,1
1506552698,22424177,47.60,37.52854828,1
1506552698,22424176,47.60,10.00000000,1
1506552698,22424175,47.73,0.19662305,1
1506552538,22424084,47.73,2.00000000,0
1506552533,22424083,47.81,11.96805155,0
1506552342,22423969,48.07,1.03744539,0
1506552270,22423894,47.90,43.72671900,0
1506552265,22423886,47.89,18.09971468,0
1506552210,22423824,47.90,1.98991343,0
1506552208,22423819,47.90,1.29626776,1
1506552134,22423764,47.90,6.26800000,1
1506552132,22423762,47.91,41.73200000,1
1506551984,22423680,47.94,25.73000000,1
1506551918,22423621,48.13,18.09971446,1
1506551916,22423619,48.13,0.00000022,0
1506551906,22423616,48.13,16.85999978,0
1506551906,22423615,48.12,0.00000022,0
1506551905,22423613,48.12,12.16854500,0
1506551872,22423581,48.01,16.86000000,0
1506551851,22423562,48.01,1.71734363,0
1506551849,22423561,48.03,0.00000004,1
1506551849,22423560,48.03,1.72313496,0
1506551848,22423559,48.01,16.86000000,0
1506551750,22423506,47.91,5.95722800,0
1506551742,22423505,47.90,2.15000000,0
1506551610,22423400,47.90,2.00000000,1
1506551482,22423332,47.90,0.50000000,0
1506551428,22423316,47.77,10.00000000,1
1506551409,22423297,47.84,0.50000000,0
1506551328,22423261,47.85,2.38000000,0
1506551328,22423260,47.84,17.62000000,0
1506551265,22423188,47.91,1.00000000,0
1506551253,22423178,47.91,0.50000000,0
1506551210,22423156,47.84,0.25000000,0
1506551201,22423151,47.86,1.75000000,0
1506551181,22423125,47.77,2.25453154,1
1506551181,22423124,47.77,1.72313496,1
1506551181,22423123,47.81,0.02233350,1
1506551178,22423117,47.91,7.00000000,0
1506551176,22423115,47.81,18.00000000,1
1506551171,22423101,47.91,4.42585186,1
1506551168,22423097,47.75,31.80000000,0
1506551158,22423084,47.95,31.35000000,1
1506551142,22423056,48.01,13.95860973,1
1506551128,22423049,48.24,0.50000000,0
1506551103,22423025,48.14,0.25000000,0
1506551095,22423017,48.13,1.00000000,0
1506551084,22423009,48.10,16.86000000,1
1506551084,22423008,48.10,0.00019747,1
1506551065,22422999,48.10,16.85980253,1
1506551065,22422997,48.10,1.71483365,1
1506551041,22422977,48.15,0.50000000,0
1506551024,22422964,48.19,0.50000000,0
1506551011,22422952,48.19,0.99927691,0
1506550995,22422941,48.21,7.00000000,0
1506550982,22422929,48.28,6.75000000,0
1506550955,22422908,48.32,5.25000000,0
1506550940,22422895,48.30,0.50000000,0
1506550936,22422892,48.30,48.38969565,1
1506550934,22422891,48.35,3.72616104,0
1506550932,22422890,48.31,0.29335456,0
1506550930,22422886,48.31,1.70664544,1
1506550918,22422869,48.37,64.53133479,1
1506550894,22422859,48.50,0.75000000,0
1506550842,22422804,48.43,0.50000000,0
1506550815,22422782,48.50,6.75000000,0
1506550806,22422761,48.50,1.78491362,0
1506550774,22422706,48.52,0.50000000,1
1506550771,22422694,48.50,37.68884100,0
1506550770,22422692,48.50,73.31115900,0
1506550463,22422315,48.62,0.00711440,0
1506550463,22422314,48.61,1.70242660,0
1506550462,22422310,48.60,0.15000000,0
1506550462,22422309,48.59,0.11000000,0
1506550462,22422308,48.56,1.70954118,0
1506550460,22422292,48.55,1.70960960,0
1506550460,22422291,48.52,0.00913527,0
1506550408,22422181,48.52,2.05585326,0
1506550345,22422126,48.52,2.93501147,0
1506550345,22422125,48.51,1.68204545,0
1506550345,22422124,48.50,0.44792908,0
1506550326,22422114,48.50,0.55207092,0
1506550326,22422113,48.50,1.00000000,0
1506550325,22422112,48.50,0.15000000,0
1506550322,22422108,48.49,0.11000000,0
1506550322,22422107,48.49,1.71187942,0
1506550322,22422106,48.48,1.71227845,0
1506550321,22422105,48.48,1.71228771,0
1506550321,22422104,48.41,1.71468811,0
1506550321,22422103,48.40,1.13987973,0
1506550318,22422099,48.40,0.86012027,0
1506550317,22422098,48.40,0.85456773,0
1506550304,22422092,48.40,9.14543227,0
1506550304,22422091,48.40,0.15000000,0
1506550304,22422090,48.40,29.65246800,0
1506550303,22422089,48.40,8.59700000,0
1506550303,22422088,48.40,4.63316573,0
1506550291,22422084,48.40,1.70538280,0
1506550291,22422082,48.40,2.41198347,0
1506550289,22422078,48.39,0.51788093,0
1506550289,22422077,48.39,0.46000000,0
1506550289,22422076,48.39,0.73741198,0
1506550282,22422073,48.39,1.71553053,0
1506550281,22422072,48.39,0.11000000,0
1506550281,22422071,48.37,16.56460426,0
1506550272,22422069,48.38,0.29539574,1
1506550168,22421987,48.30,3.76637370,1
1506550165,22421983,48.30,18.21362630,1
1506550161,22421980,48.38,5.63985427,1
1506550120,22421923,48.30,1.02000000,1
1506550106,22421890,48.30,12.00000000,1
1506549808,22421463,48.35,2.00000000,0
1506549808,22421462,48.36,0.39291150,1
1506549807,22421460,48.36,6.83000000,0
1506549759,22421377,48.35,19.48500517,0
1506549736,22421356,48.35,2.47693899,0
1506549695,22421313,48.37,1.91854455,1
1506549695,22421311,48.36,4.90911300,1
1506549693,22421309,48.36,20.00000000,0
1506549636,22421210,48.17,10.00000000,1
1506549636,22421206,48.21,5.00000016,1
1506549636,22421202,48.21,1.99999984,1
1506549636,22421201,48.23,23.10434616,1
1506549623,22421189,48.23,5.00000000,1
1506549617,22421185,48.23,0.52185400,1
1506549593,22421143,48.23,1.47877400,1
1506549580,22421124,48.23,28.62620000,1
1506549450,22420983,48.21,11.38145500,1
1506549377,22420809,48.28,1.70954118,0
1506549372,22420807,48.18,23.16410000,0
1506549369,22420801,48.36,27.25293964,1
1506549368,22420799,48.35,8.11000000,0
1506549368,22420798,48.35,0.92695778,0
1506549368,22420797,48.35,0.79000000,0
1506549368,22420796,48.30,1.09843763,0
1506549368,22420795,48.30,0.62000000,0
1506549366,22420794,48.29,0.11000000,0
1506549366,22420793,48.29,1.11384995,0
1506549366,22420792,48.28,59.97781500,0
1506549360,22420782,48.26,1.70960960,0
1506549350,22420767,48.21,1.72198773,0
1506549349,22420766,48.21,1.72195327,0
1506549327,22420728,48.15,9.86326000,1
1506549325,22420726,48.16,33.97360000,1
1506549319,22420712,48.11,9.88013000,1
1506549303,22420685,48.10,150.00000000,0
1506549288,22420657,48.07,2.45553000,1
1506549055,22420480,48.17,1.71227845,0
1506549052,22420476,48.20,76.93029045,0
1506549052,22420475,48.20,2.00000000,0
1506549052,22420474,48.19,103.00000000,0
1506549052,22420473,48.19,0.11000000,0
1506549051,22420472,48.18,10.02000000,0
1506549051,22420471,48.09,0.11000000,0
1506549051,22420470,48.04,1.72808122,0
1506549049,22420468,48.03,1.72785784,0
1506549032,22420452,48.00,0.50000000,0
1506549032,22420451,48.00,1.27056690,0
1506549032,22420450,47.99,37.39000000,0
1506548989,22420411,47.99,16.49979262,0
1506548930,22420358,48.00,0.49500200,0
1506548893,22420327,48.00,0.23443110,0
1506548893,22420326,48.00,0.45556890,0
1506548893,22420325,47.99,0.11000000,0
1506548800,22420234,47.98,8.00094547,0
1506548799,22420230,47.98,10.13000000,0
1506548731,22420170,47.89,1.00583155,1
1506548728,22420166,47.98,2.61363300,0
1506548571,22420030,47.92,45.00000000,0
1506548553,22420006,47.89,16.69978922,0
1506548238,22419545,47.95,2.04650677,0
1506548233,22419538,47.95,4.00000000,0
1506548121,22419450,47.95,10.25484880,0
1506547928,22419362,47.90,36.49725469,1
1506547928,22419361,47.91,52.56000000,1
1506547928,22419360,47.91,24.40000000,1
1506547928,22419359,47.94,1.72198773,1
1506547928,22419358,47.94,21.72479841,1
1506547855,22419314,47.94,10.13000000,0
1506547848,22419311,47.95,12.00000000,0
1506547755,22419239,47.94,6.06810740,0
1506547755,22419238,47.94,1.72198773,0
1506547753,22419233,47.94,1.72195327,0
1506547751,22419232,47.94,2.52795160,0
1506547751,22419229,47.89,0.11000000,0
1506547749,22419226,47.88,1.52539973,0
1506547553,22419105,47.88,0.20822891,0
1506547342,22418960,47.87,18.76785297,0
1506547340,22418957,47.79,0.11000000,0
1506547271,22418888,47.78,3.20000000,0
1506546750,22418518,47.80,9.89023000,0
1506546749,22418517,47.79,0.11000000,0
1506546641,22418445,47.79,1.39282486,0
1506546641,22418444,47.79,0.11000000,0
1506546468,22418168,47.61,10.10000000,1
1506546424,22418144,47.62,1.73362864,0
1506546419,22418134,47.73,1.89740369,0
1506546398,22418110,47.62,2.97020716,0
1506546397,22418109,47.62,19.11321800,1
1506546395,22418107,47.62,1.10678200,1
1506546373,22418097,47.63,2.26758000,1
1506546328,22418071,47.73,0.21412110,0
1506546280,22417976,47.75,1.10678391,0
1506546203,22417893,47.76,1.01621345,0
1506546103,22417847,47.78,28.33278440,0
1506546071,22417834,47.70,6.00000000,1
1506545917,22417727,47.78,0.17083559,0
1506545917,22417726,47.77,0.83000000,0
1506545831,22417639,47.91,11.02037993,0
1506545831,22417638,47.90,18.13094547,0
1506545780,22417615,47.94,0.14023000,0
1506545779,22417613,47.89,0.11000000,0
1506545756,22417598,47.86,0.24000000,0
1506545756,22417597,47.84,1.22000000,0
1506545756,22417596,47.82,60.15822156,0
1506545725,22417582,47.86,0.36620013,0
1506545715,22417517,47.80,2.29770000,1
1506545714,22417515,47.80,0.80332500,1
1506545712,22417513,47.85,0.49833346,0
1506545706,22417507,47.85,0.95166654,0
1506545706,22417506,47.80,0.15894500,1
1506545704,22417504,47.80,0.77955300,1
1506545700,22417503,47.80,1.00000000,1
1506545699,22417502,47.80,0.11273700,1
1506545695,22417501,47.83,0.16124379,0
1506545695,22417500,47.83,1.53756210,0
1506545687,22417499,47.83,0.21243790,0
1506545681,22417497,47.86,0.17000000,0
1506545676,22417493,47.82,0.76534692,1
1506545675,22417492,47.83,2.42100000,0
1506545664,22417482,47.89,0.36000000,0
1506545660,22417480,47.82,2.29770000,1
1506545658,22417479,47.89,1.49400000,0
1506545640,22417452,47.91,0.34033855,0
1506545627,22417449,47.84,1.89900000,0
1506545592,22417392,47.93,20.55030000,0
1506545469,22417300,47.85,42.19921198,1
1506545469,22417299,47.85,39.11300000,1
1506545461,22417284,47.96,3.09000000,0
1506545459,22417279,47.84,4.38197784,1
1506545352,22417139,47.97,2.50000000,1
1506545298,22417097,47.58,0.68000000,0
1506545296,22417095,47.90,3.32000000,1
1506545289,22417090,48.00,0.57318110,0
1506545289,22417089,47.99,0.11000000,0
1506545288,22417087,47.94,53.81000000,0
1506545264,22417062,47.90,0.76000000,1
1506545264,22417061,47.90,3.81000000,1
1506545263,22417058,47.89,0.11000000,0
1506545253,22417050,47.79,8.00000000,0
1506545217,22416983,47.46,0.00883678,1
1506545216,22416980,47.47,1.52851183,0
1506545216,22416979,47.47,0.94000000,1
1506545206,22416968,47.99,0.92695778,1
1506545204,22416967,47.99,0.79000000,0
1506545193,22416959,47.77,1.72808122,0
1506545192,22416957,47.45,0.30000000,0
1506545191,22416956,47.44,2.10000000,1
1506545185,22416952,47.33,279.92370999,1
1506545185,22416951,47.40,6.00000000,1
1506545184,22416950,47.42,29.91559380,0
1506545184,22416949,47.43,25.26000000,0
1506545184,22416948,47.50,5.20000000,1
1506545184,22416946,47.50,4.38251938,0
1506545183,22416945,47.58,18.13094521,0
1506545183,22416944,47.70,20.00000000,0
1506545183,22416943,47.76,12.68000000,1
1506545183,22416941,47.77,1.72785784,1
1506545181,22416940,47.78,66.89533380,1
1506545181,22416939,47.78,2.53000000,1
1506545154,22416920,48.00,8.00000000,0
1506545100,22416893,48.00,8.00000000,0
1506545009,22416798,48.09,0.00000323,1
1506545008,22416797,48.09,5.61694000,1
1506545007,22416792,48.09,0.45000000,0
1506545007,22416791,48.09,2.23000000,0
1506544975,22416772,48.13,0.51788093,1
1506544974,22416770,48.13,0.46000000,1
1506544974,22416769,48.13,0.73741198,1
1506544974,22416768,48.29,1.99254504,1
1506544974,22416767,48.13,2.50000000,0
1506544973,22416765,48.12,1.71468811,0
1506544972,22416764,47.92,1.72894341,0
1506544958,22416761,47.68,0.25166667,1
1506544942,22416757,47.65,30.27105659,0
1506544942,22416756,47.66,1.72894341,0
1506544939,22416753,47.68,1.68518169,0
1506544916,22416739,48.04,1.09843763,1
1506544914,22416736,48.04,0.62000000,0
1506544909,22416678,48.30,1.70734028,1
1506544909,22416676,48.35,4.01944285,0
1506544909,22416675,48.35,1.77076649,1
1506544909,22416674,48.35,5.32292406,1
1506544908,22416670,48.34,0.00003323,0
1506544908,22416668,48.34,1.71704347,0
1506544908,22416666,48.33,35.63196256,0
1506544907,22416665,48.33,50.54247700,1
1506544907,22416658,48.31,1.14071674,0
1506544907,22416656,48.31,0.57734948,0
1506544907,22416655,48.30,0.20000000,0
1506544907,22416654,48.30,3.36459300,1
1506544906,22416653,48.29,1.71886420,0
1506544906,22416652,48.29,0.11000000,0
1506544906,22416651,48.19,0.11000000,0
1506544906,22416650,48.18,1.61281971,0
1506544905,22416649,48.18,0.11000000,0
1506544905,22416648,48.15,1.71466257,0
1506544905,22416647,48.15,0.00941403,0
1506544905,22416646,48.15,9.99400000,0
1506544904,22416645,48.14,3.83000000,0
1506544904,22416644,48.14,1.72424912,0
1506544904,22416643,48.14,0.00000022,0
1506544904,22416642,48.14,0.07405670,0
1506544904,22416641,48.14,1.63297605,0
1506544904,22416640,48.14,0.01718186,0
1506544904,22416639,48.14,1.69570200,0
1506544903,22416637,48.14,0.02856199,0
1506544903,22416636,48.14,0.37320943,0
1506544903,22416635,48.14,1.33216860,0
1506544903,22416634,48.14,0.00000001,0
1506544903,22416633,48.14,0.01898970,0
1506544903,22416632,48.14,1.72436774,0
1506544902,22416631,48.12,0.17985357,0
1506544902,22416630,48.09,0.95896742,0
1506544902,22416628,48.09,0.11000000,0
1506544902,22416627,48.09,0.22151461,0
1506544902,22416626,48.09,0.22135954,0
1506544901,22416625,48.07,2.31000000,0
1506544901,22416624,48.07,6.49162138,1
1506544901,22416622,48.06,0.00001303,0
1506544901,22416621,48.06,1.36147616,0
1506544901,22416619,48.06,0.36564570,0
1506544900,22416618,48.04,0.77000000,0
1506544900,22416617,48.04,17.20956500,1
1506544900,22416615,48.00,8.71180023,0
1506544900,22416614,48.00,5.59471690,0
1506544899,22416610,47.99,6.47994166,1
1506544898,22416609,47.99,16.69700000,0
1506544861,22416595,48.00,3.11708333,0
1506544851,22416575,48.00,29.74004714,1
1506544849,22416573,48.00,2.51161953,0
1506544840,22416563,48.00,1.76270833,0
1506544839,22416562,47.99,0.11000000,0
1506544839,22416561,47.97,2.29000000,0
1506544839,22416560,47.89,0.00000018,0
1506544836,22416557,47.89,0.10999982,0
1506544836,22416556,47.89,8.51196718,0
1506544835,22416551,47.88,1.72424912,1
1506544832,22416548,47.89,0.19983295,0
1506544832,22416547,47.81,1.73605948,0
1506544830,22416545,47.80,1.19347155,0
1506544819,22416538,47.80,0.29142259,0
1506544818,22416537,47.79,0.11000000,0
1506544817,22416536,47.79,3.15077290,0
1506544817,22416535,47.79,1.66575999,0
1506544815,22416533,47.79,1.48489400,0
1506544789,22416506,47.78,5.92375466,0
1506544737,22416463,47.59,4.00000000,1
1506544725,22416444,47.61,2.08769360,1
1506544662,22416150,47.78,2.08769360,0
1506544501,22416027,47.78,0.88447657,0
1506544501,22416026,47.75,1.11552343,0
1506544461,22415997,47.75,2.00000000,0
1506544449,22415991,47.75,2.00000000,0
1506544367,22415939,47.75,2.00000000,0
1506544257,22415879,47.76,38.20800000,1
1506544257,22415877,47.74,11.82000000,0
1506544257,22415876,47.73,21.52200000,0
1506544257,22415875,47.69,0.11000000,0
1506544102,22415676,47.52,4.22035270,0
1506544102,22415674,47.55,7.54058054,1
1506543962,22415559,47.55,18.71812532,1
1506543962,22415557,47.78,3.04269568,1
1506543961,22415556,47.76,14.04000000,0
1506543961,22415555,47.69,0.11000000,0
1506543959,22415554,47.57,10.00000000,0
1506543939,22415545,47.55,22.12657300,1
1506543900,22415503,47.55,1.61472114,1
1506543837,22415461,47.60,10.00000000,1
1506543799,22415428,47.54,0.55609109,0
1506543769,22415400,47.67,7.23348017,0
1506543769,22415398,47.66,3.12000000,0
1506543767,22415394,47.59,0.11000000,0
1506543641,22415325,47.56,2.00000000,0
1506543516,22415143,47.58,8.81321800,1
1506543418,22415108,47.48,0.50000000,0
1506543409,22415086,47.68,5.78104026,1
1506543409,22415085,47.61,0.63531460,0
1506543408,22415084,47.59,0.11000000,0
1506543408,22415083,47.50,3.95010527,0
1506543406,22415081,47.42,0.00000039,0
1506543383,22415060,47.41,2.63148800,1
1506543379,22415058,47.42,3.95010500,0
1506543374,22415057,47.42,6.93796200,0
1506543372,22415056,47.42,0.61017978,1
1506543344,22415048,47.50,1.04989473,0
1506543334,22415043,47.42,11.00000000,1
1506543322,22415038,47.49,4.63401600,0
1506543287,22415007,47.42,1.00000000,1
1506543273,22415000,47.50,2.00000000,1
1506543188,22414885,47.51,3.36911185,1
1506543188,22414884,47.51,6.23900000,1
1506543186,22414874,47.62,11.63352897,1
1506543185,22414869,47.62,23.01453100,1
1506543093,22414768,47.62,2.25880800,1
1506543092,22414765,47.62,13.96400000,1
1506543091,22414762,47.62,28.68400000,1
1506543072,22414749,47.77,2.01175000,0
1506543067,22414736,47.62,0.74583300,1
1506543066,22414734,47.62,3.45000000,1
1506543061,22414726,47.62,4.00000000,1
1506543041,22414715,47.62,33.99464209,1
1506542964,22414573,47.78,0.39607517,0
1506542878,22414458,47.62,53.72000000,1
1506542878,22414456,47.62,19.00000000,0
1506542803,22414345,47.43,114.68758702,1
1506542803,22414344,47.44,6.46000000,1
1506542802,22414343,47.50,1.00000000,1
1506542802,22414342,47.50,9.74736000,1
1506542802,22414341,47.53,17.42000000,1
1506542802,22414340,47.53,32.26000000,1
1506542802,22414339,47.53,1.73605948,0
1506542800,22414337,47.54,70.88177640,1
1506542671,22414111,47.79,0.00011891,1
1506542664,22414095,47.79,3.15284657,1
1506542664,22414094,47.80,0.00001303,1
1506542663,22414092,47.80,1.36147616,1
1506542661,22414086,47.80,0.36564570,0
1506542659,22414079,47.80,1.12028798,1
1506542657,22414070,47.80,0.36544000,1
1506542651,22414050,47.80,7.42352858,1
1506542649,22414040,47.80,1.76295301,1
1506542649,22414038,47.82,0.95896742,1
1506542648,22414037,47.83,0.17985357,1
1506542643,22414020,47.89,5.52578537,1
1506542643,22414019,47.89,40.92205500,1
1506542642,22414015,47.89,13.99483400,1
1506542638,22414000,47.89,16.58419357,1
1506542636,22413995,47.89,16.61340500,1
1506542635,22413992,47.89,4.45534476,1
1506542634,22413984,47.89,16.56770746,1
1506542634,22413983,47.89,4.46620178,1
1506542632,22413974,47.89,4.46439454,1
1506542630,22413968,47.89,4.40064300,1
1506542628,22413959,47.90,7.03122964,1
1506542627,22413957,47.95,0.00000008,1
1506542625,22413954,47.96,5.10000000,1
1506542610,22413939,47.96,1.72094300,0
1506542603,22413922,47.96,4.50000000,1
1506542593,22413908,47.95,3.99999992,1
1506542592,22413907,47.96,1.09905708,1
1506542587,22413895,47.97,7.64961956,0
1506542569,22413870,47.96,4.79875853,1
1506542568,22413868,47.96,10.86923880,1
1506542555,22413843,47.96,1.99940000,1
1506542553,22413830,47.96,0.55000000,1
1506542552,22413823,47.96,1.55387400,1
1506542552,22413822,47.96,14.49556400,1
1506542550,22413814,47.96,4.00000000,1
1506542526,22413753,47.99,1.19000000,1
1506542510,22413686,48.00,11.55782200,0
1506542510,22413684,48.00,9.30205400,0
1506542506,22413661,47.99,2.00000000,1
1506542499,22413600,48.00,3.35010900,0
1506542472,22413522,48.00,46.01762533,0
1506542472,22413520,48.00,2.19173700,0
1506542458,22413466,47.99,0.11000000,0
1506542427,22413452,48.00,1.01000000,0
1506542427,22413450,47.99,0.11000000,0
1506542414,22413393,47.95,4.00000000,1
1506542414,22413391,47.95,1.00000000,1
1506542244,22413104,47.94,0.19900000,1
1506542244,22413103,48.00,0.80000000,1
1506542222,22413079,48.09,0.00015512,1
1506542217,22413074,48.09,0.22151466,1
1506542202,22413061,48.09,0.00644417,0
1506542195,22413055,48.09,0.10355583,0
1506542114,22412878,47.94,2.99861444,1
1506542101,22412858,48.13,0.70800000,0
1506542101,22412857,48.12,0.29200000,0
1506542093,22412838,48.12,16.89000000,0
1506542093,22412837,48.09,0.11000000,0
1506542087,22412832,47.98,2.00000000,1
1506542028,22412729,47.91,31.31567800,1
1506541981,22412653,47.91,2.37281606,1
1506541981,22412652,47.97,8.31853242,1
1506541968,22412645,48.13,0.89000000,0
1506541968,22412644,48.09,0.11000000,0
1506541888,22412609,47.97,3.42652436,1
1506541888,22412608,48.00,7.05066249,1
1506541887,22412607,48.10,0.95125415,1
1506541859,22412563,48.13,12.43631830,0
1506541846,22412543,48.10,12.40536383,0
1506541846,22412541,48.10,41.52000000,0
1506541813,22412508,48.09,10.37117904,0
1506541811,22412503,48.10,12.00000000,0
1506541791,22412480,48.08,0.00003323,1
1506541790,22412474,48.08,1.71704347,1
1506541786,22412460,48.08,1.71553053,0
1506541785,22412454,48.14,1.42417947,1
1506541784,22412452,48.13,1.71500281,0
1506541784,22412451,48.13,0.00960650,0
1506541784,22412449,48.12,1.54505824,0
1506541783,22412445,48.10,1.00070355,0
1506541783,22412443,48.09,1.72594798,0
1506541783,22412442,48.09,0.76720330,0
1506541783,22412440,48.09,0.11000000,0
1506541783,22412438,48.09,1.72512300,0
1506541782,22412437,48.08,1.72663543,0
1506541782,22412436,48.07,17.84000000,0
1506541782,22412435,48.07,37.65000000,0
1506541780,22412431,47.99,0.11000000,0
1506541734,22412309,47.89,10.22249700,1
1506541734,22412307,47.89,0.60000000,1
1506541733,22412305,48.03,6.78000000,0
1506541732,22412303,47.90,16.29747400,1
1506541732,22412301,47.91,5.61000000,1
1506541730,22412298,48.03,1.71886420,0
1506541728,22412291,48.04,23.88326746,1
1506541728,22412286,48.04,1.52402402,0
1506541727,22412284,48.04,1.71558988,0
1506541727,22412282,48.04,0.01221468,0
1506541727,22412280,48.03,0.84490396,0
1506541724,22412263,48.03,0.15409604,1
1506541721,22412247,48.03,9.34728295,1
1506541719,22412236,48.03,34.20610000,1
1506541719,22412234,48.03,18.45439248,1
1506541717,22412227,48.03,1.61256200,1
1506541717,22412226,48.03,4.40000000,0
1506541715,22412224,47.90,12.08800000,1
1506541703,22412184,47.90,18.34630800,1
1506541703,22412183,47.91,31.01000000,1
1506541699,22412179,48.00,2.07832851,1
1506541697,22412175,48.00,0.00000482,0
1506541677,22412118,48.00,1.12675518,1
1506541676,22412115,48.00,0.95157815,0
1506541672,22412108,47.95,7.50000000,1
1506541664,22412101,48.00,14.00000000,0
1506541635,22412062,47.99,4.02391000,0
1506541606,22412031,47.96,1.14071674,1
1506541604,22412029,47.96,0.57734948,0
1506541596,22412000,48.00,6.88049910,0
1506541596,22411999,48.00,7.00000000,0
1506541596,22411998,48.00,2.36186583,0
1506541596,22411997,48.00,1.00000000,0
1506541596,22411996,48.00,1.00000000,0
1506541596,22411994,48.00,5.60000000,0
1506541595,22411993,48.00,1.00000000,0
1506541595,22411992,48.00,35.03618409,0
1506541595,22411991,48.00,1.00000000,0
1506541595,22411990,48.00,3.50000000,0
1506541595,22411989,47.99,0.11000000,0
1506541595,22411988,47.98,25.00000000,0
1506541595,22411987,47.97,1.73059735,0
1506541595,22411986,47.94,1.73165371,0
1506541594,22411985,47.94,1.73137235,0
1506541594,22411984,47.92,1.73220830,0
1506541594,22411983,47.91,0.36025996,0
1506541594,22411982,47.91,1.26217046,0
1506541594,22411981,47.91,0.11000000,0
1506541594,22411980,47.90,1.73279680,0
1506541594,22411979,47.89,0.12039205,0
1506541536,22411845,47.87,0.38827521,1
1506541536,22411844,47.87,0.00000022,1
1506541536,22411843,47.88,1.71466257,1
1506541533,22411839,47.89,0.11000000,0
1506541522,22411832,47.87,1.69570200,1
1506541498,22411805,47.85,1.73470424,0
1506541497,22411804,47.85,0.77668107,0
1506541497,22411802,47.85,0.95512920,0
1506541474,22411749,47.83,0.19042731,0
1506541474,22411748,47.83,2.00000000,0
1506541474,22411747,47.83,0.00957269,0
1506541456,22411702,47.82,0.96847348,0
1506541456,22411701,47.82,1.73541610,0
1506541456,22411699,47.81,0.00944298,0
1506541454,22411697,47.80,1.00000000,0
1506541443,22411663,47.79,0.11000000,0
1506541443,22411662,47.79,1.73703452,0
1506541428,22411603,47.70,0.19632478,1
1506541426,22411600,47.76,2.00000000,1
1506541416,22411589,47.76,1.00000000,0
1506541397,22411561,47.70,3.00000000,0
1506541388,22411551,47.69,0.11000000,0
1506541310,22411438,47.66,0.11000000,1
1506541309,22411435,47.66,9.74336756,0
1506541276,22411394,47.65,2.87547899,0
1506541275,22411388,47.65,8.37355718,0
1506541271,22411380,47.65,2.09359916,0
1506541258,22411372,47.65,66.65736467,0
1506541212,22411327,47.66,1.73220830,0
1506541205,22411317,47.66,1.73165371,0
1506541205,22411316,47.66,0.35123793,0
1506541203,22411312,47.65,1.74207314,0
1506541203,22411311,47.65,0.00000426,0
1506541199,22411303,47.62,1.74321943,0
1506541192,22411296,47.60,9.91873401,0
1506541179,22411283,47.60,1.17259041,0
1506541177,22411276,47.59,0.11000000,0
1506541135,22411201,47.60,1.98579832,0
1506541135,22411200,47.59,0.11000000,0
1506541118,22411169,47.60,1.73321176,0
1506541115,22411165,47.60,1.73137235,0
1506541114,22411162,47.60,0.03029015,0
1506541114,22411159,47.60,3.42800300,0
1506541113,22411155,47.59,0.12171578,0
1506541113,22411152,47.58,16.57199700,0
1506541112,22411148,47.56,0.96993985,0
1506541111,22411140,47.56,0.40177142,1
1506541110,22411139,47.56,1.33216860,1
1506541109,22411129,47.59,0.11000000,0
1506541106,22411112,47.57,0.00948747,0
1506541078,22411071,47.56,1.52534200,0
1506541078,22411070,47.56,0.11000000,0
1506541078,22411069,47.56,0.11000000,0
1506541038,22411026,47.55,4.01618400,0
1506541013,22410950,47.54,1.73470424,0
1506541013,22410946,47.53,0.00000015,1
1506541012,22410941,47.53,0.23303285,0
1506541012,22410939,47.53,1.51346700,0
1506541011,22410937,47.52,1.50000000,0
1506541010,22410925,47.50,1.00000000,0
1506541009,22410923,47.50,1.00000000,0
1506541009,22410922,47.50,10.00000000,0
1506541009,22410921,47.49,0.11000000,0
1506541008,22410918,47.47,1.74856499,0
1506541007,22410916,47.41,6.09594296,0
1506541007,22410914,47.41,1.74856500,0
1506540965,22410859,47.41,40.06326000,1
1506540963,22410848,47.39,0.17000000,1
1506540962,22410843,47.43,7.00177790,0
1506540948,22410820,47.39,0.11000000,0
1506540933,22410796,47.38,12.37461800,0
1506540933,22410792,47.35,0.26636700,0
1506540930,22410773,47.38,20.05759200,0
1506540930,22410772,47.38,1.00000000,0
1506540929,22410770,47.38,9.78186700,0
1506540912,22410758,47.38,0.29598100,0
1506540866,22410673,47.39,9.96396825,1
1506540865,22410672,47.39,0.03603175,0
1506540865,22410671,47.39,0.07396825,0
1506540865,22410670,47.32,1.42603175,0
1506540793,22410602,47.32,0.42960900,0
1506540772,22410589,47.32,0.56652200,0
1506540750,22410535,47.34,1.74321943,1
1506540747,22410518,47.29,0.11000000,0
1506540747,22410517,47.29,1.74669462,0
1506540747,22410516,47.24,10.63000000,0
1506540743,22410509,47.24,0.25000000,0
1506540728,22410485,47.19,0.11000000,0
1506540650,22410436,47.19,0.11000000,0
1506540635,22410406,47.19,0.11000000,0
1506540508,22410230,46.94,0.83228282,0
1506540508,22410227,46.95,3.32000000,1
1506540507,22410222,47.00,16.57000000,1
1506540507,22410219,47.03,1.74669462,1
1506540507,22410218,47.03,0.20000000,0
1506540505,22410217,47.04,37.96985356,1
1506540495,22410206,47.30,5.11000000,1
1506540495,22410205,47.28,9.89000000,0
1506540456,22410175,47.30,6.96807610,0
1506540454,22410174,47.29,1.00023000,0
1506540406,22410147,47.29,1.52534201,1
1506540401,22410126,47.29,0.11000000,1
1506540396,22410118,47.30,0.75000000,0
1506540384,22410064,47.29,0.11000000,0
1506540382,22410060,47.27,1.74037955,1
1506540382,22410056,47.27,0.00962045,0
1506540357,22410026,47.22,4.02000000,0
1506540357,22410025,47.19,0.11000000,0
1506540357,22410024,47.09,0.11000000,0
1506540339,22409996,46.99,4.25000000,1
1506540251,22409915,47.09,2.06197089,0
1506540195,22409860,47.09,0.20759165,0
1506540006,22409652,46.99,0.11000000,1
1506539992,22409647,47.09,0.10603175,0
1506539968,22409625,47.25,10.28444444,1
1506539968,22409624,47.19,0.11000000,0
1506539968,22409623,47.09,0.11000000,0
1506539966,22409622,47.01,4.00000000,0
1506539866,22409538,46.99,0.11000000,1
1506539840,22409528,46.99,0.40000000,1
1506539827,22409518,47.01,1.00000000,0
1506539780,22409473,46.99,4.01700000,1
1506539779,22409472,46.99,0.42084500,1
1506539778,22409469,46.99,5.70703100,1
1506539762,22409449,46.99,3.49962500,1
1506539731,22409434,47.00,4.01837000,1
1506539727,22409432,46.99,2.06050200,0
1506539727,22409431,46.99,0.11000000,0
1506539614,22409362,46.89,0.11000000,0
1506539549,22409318,46.96,18.88691095,0
1506539540,22409310,46.93,16.03000000,0
1506539522,22409281,46.90,8.52257000,1
1506539522,22409280,46.90,60.47743000,1
1506539502,22409265,46.89,0.11000000,0
1506539417,22409172,46.83,25.68100000,1
1506539410,22409166,47.01,3.18272708,0
1506539356,22409091,47.01,9.89023000,0
1506539355,22409090,46.99,0.11000000,0
1506539336,22409070,46.83,10.08590883,1
1506539336,22409069,46.90,0.63534117,1
1506539296,22409001,47.07,4.10000000,1
1506539296,22409000,47.12,19.89023000,0
1506539294,22408998,47.09,0.11000000,0
1506539273,22408973,47.07,1.90000000,1
1506539259,22408959,47.07,1.10000000,1
1506539249,22408951,47.15,94.72755885,0
1506539249,22408949,47.13,14.00000000,0
1506539249,22408948,47.09,0.11000000,0
1506539246,22408945,47.07,1.40000000,1
1506539244,22408936,47.07,1.50000000,1
1506539197,22408895,46.99,0.11000000,0
1506539197,22408894,46.99,13.99723346,0
1506539197,22408893,46.99,13.99723300,0
1506539192,22408892,46.98,40.57000000,0
1506539136,22408829,46.98,14.00000000,0
1506539132,22408819,46.99,13.99723400,1
1506539132,22408816,46.99,17.18046400,1
1506539131,22408811,46.99,1.95285200,1
1506539130,22408810,46.99,16.86923768,1
1506539116,22408791,46.92,13.07864451,1
1506539114,22408784,46.92,52.92120700,1
1506539114,22408783,46.93,6.34000000,1
1506539114,22408781,46.99,0.14057200,1
1506539111,22408769,46.99,50.85942800,0
1506539108,22408757,46.92,39.00000000,1
1506539106,22408751,46.95,4.00000000,1
1506539103,22408746,46.95,47.89400570,0
1506539102,22408744,46.95,19.64677630,1
1506539102,22408743,46.95,7.13665900,1
1506539102,22408741,47.02,9.20000000,1
1506539100,22408735,46.95,23.21656470,1
1506539100,22408734,46.98,0.24265330,1
1506539100,22408733,46.98,1.51346700,1
1506539099,22408728,47.01,29.60964901,1
1506539098,22408727,47.01,11.35035099,0
1506539096,22408721,47.00,11.31388000,1
1506539096,22408719,47.00,1.75612000,1
1506539093,22408704,47.01,0.98855885,1
1506539042,22408615,46.98,3.70000000,0
1506538938,22408474,47.07,3.68813000,1
1506538867,22408380,47.18,0.00059347,1
1506538864,22408371,47.18,1.09940653,1
1506538855,22408351,47.05,20.85000000,1
1506538818,22408308,47.20,0.20814196,0
1506538810,22408288,47.19,5.24143501,0
1506538809,22408286,47.20,1.74856499,1
1506538804,22408280,47.39,1.74207314,0
1506538804,22408279,47.33,0.00000426,0
1506538803,22408278,47.33,0.48197574,1
1506538802,22408266,47.33,1.26217046,0
1506538800,22408263,47.42,22.06874736,1
1506538800,22408260,47.39,0.11000000,0
1506538799,22408259,47.38,100.00000000,0
1506538799,22408255,47.36,1.75267094,0
1506538799,22408253,47.36,5.18866867,1
1506538798,22408252,47.34,0.56354817,0
1506538798,22408251,47.34,1.19000000,0
1506538798,22408250,47.34,23.29718350,1
1506538798,22408249,47.33,12.00000000,0
1506538798,22408248,47.32,0.00000046,0
1506538797,22408247,47.32,1.36891900,0
1506538797,22408246,47.32,0.38537395,0
1506538797,22408245,47.32,1.81000000,1
1506538797,22408244,47.31,113.00000000,0
1506538796,22408242,47.29,0.11000000,0
1506538796,22408241,47.29,9.05000000,1
1506538796,22408240,47.28,2.36000000,1
1506538795,22408238,47.25,1.75696424,0
1506538795,22408236,47.25,1.64666065,0
1506538795,22408235,47.25,0.11000000,0
1506538795,22408234,47.24,97.00000000,0
1506538794,22408233,47.23,2.15000000,0
1506538794,22408232,47.23,23.26658191,1
1506538794,22408231,47.22,1.75781805,0
1506538794,22408230,47.21,0.04985319,0
1506538793,22408229,47.21,1.59479000,0
1506538793,22408228,47.21,0.11374307,0
1506538793,22408227,47.20,4.00000000,0
1506538793,22408226,47.20,0.00000025,0
1506538793,22408225,47.20,2.56664926,0
1506538793,22408224,47.20,1.75867260,0
1506538792,22408223,47.20,1.75883613,0
1506538792,22408222,47.19,10.75000000,0
1506538792,22408221,47.19,0.00013964,0
1506538792,22408219,47.19,1.64875240,0
1506538792,22408218,47.19,0.11000000,0
1506538791,22408217,47.19,0.11000000,0
1506538791,22408216,47.18,2.48000000,0
1506538791,22408215,47.11,3.00000000,0
1506538789,22408212,47.09,19.03352874,0
1506538723,22408077,46.99,0.11000000,0
1506538673,22407968,46.99,0.11000000,0
1506538611,22407814,47.09,2.99029317,0
1506538611,22407812,47.09,0.11000000,0
1506538579,22407754,47.02,3.00000000,1
1506538552,22407723,47.02,15.33736955,1
1506538537,22407707,46.99,0.11000000,0
1506538497,22407655,47.03,135.52826526,0
1506538497,22407654,46.99,0.11000000,0
1506538477,22407609,47.07,1.82000000,0
1506538476,22407608,47.06,4.18000000,0
1506538469,22407579,46.96,7.96460200,1
1506538469,22407578,46.96,9.59323600,1
1506538469,22407576,46.96,2.10216200,1
1506538455,22407550,46.96,0.00000046,1
1506538454,22407548,46.96,21.57999954,1
1506538454,22407547,47.06,0.00000046,1
1506538445,22407527,47.06,1.36891900,1
1506538429,22407506,47.06,8.63108054,1
1506538429,22407505,47.06,0.00000046,1
1506538428,22407500,47.08,1.75267094,0
1506538426,22407494,47.06,1.36891900,1
1506538421,22407476,47.06,1.37866553,0
1506538420,22407474,47.04,0.50298476,0
1506538420,22407473,47.04,1.26159859,0
1506538420,22407469,47.03,0.11000000,0
1506538418,22407459,47.00,0.98807761,0
1506538418,22407457,47.00,1.24526315,0
1506538418,22407456,47.00,2.99941770,0
1506538417,22407451,47.00,2.16821847,0
1506538417,22407449,47.00,0.95129108,0
1506538417,22407447,47.00,11.09892876,0
1506538411,22407443,47.00,8.90107124,0
1506538411,22407442,47.00,12.00000000,0
1506538411,22407440,47.00,2.09892876,0
1506538411,22407439,47.00,1.00000000,0
1506538411,22407437,47.00,1.00000000,0
1506538393,22407392,46.99,0.50000000,1
1506538389,22407384,46.99,6.13201200,1
1506538387,22407379,46.99,12.91315700,1
1506538387,22407377,46.99,23.58302500,1
1506538385,22407374,46.99,7.38625700,1
1506538383,22407368,46.99,9.66430400,1
1506538382,22407362,46.99,0.11000000,0
1506538375,22407348,46.90,3.80368400,1
1506538344,22407263,46.89,17.15200000,1
1506538344,22407262,46.90,19.10000000,1
1506538299,22407223,46.98,5.30800340,0
1506538298,22407221,46.89,0.00000001,0
1506538297,22407220,46.89,3.01710599,1
1506538295,22407214,46.89,0.11000000,0
1506538211,22407055,46.85,3.78939500,1
1506538210,22407050,46.85,5.44610500,1
1506538164,22406971,46.82,0.11000000,1
1506538164,22406969,46.96,1.75781805,0
1506538158,22406958,46.96,1.78310949,0
1506538158,22406956,46.96,0.22896051,0
1506538155,22406948,46.79,0.06000717,0
1506538153,22406938,46.88,0.04985319,1
1506538153,22406937,46.89,0.00013964,1
1506538107,22406825,46.90,4.06545843,0
1506538098,22406804,46.89,1.64875240,1
1506538096,22406791,46.96,1.53869364,0
1506538095,22406789,46.96,3.70234542,1
1506538095,22406787,46.94,0.11000000,0
1506538095,22406784,46.92,0.66000000,0
1506538093,22406783,46.90,0.50000000,0
1506538073,22406755,46.89,0.11000000,0
1506538069,22406751,46.88,1.59479000,1
1506538066,22406749,46.88,1.05800415,0
1506538066,22406748,46.88,0.59896148,0
1506538066,22406747,46.88,2.00000000,0
1506538066,22406745,46.86,0.11374307,0
1506538006,22406661,46.79,0.11000000,0
1506537992,22406649,46.86,0.88625693,0
1506537990,22406646,46.83,0.11000000,0
1506537988,22406644,46.80,8.18473650,0
1506537983,22406638,46.80,0.51667000,0
1506537981,22406637,46.79,0.11000000,0
1506537964,22406625,46.80,0.80000000,0
1506537943,22406600,46.80,13.33311965,0
1506537942,22406598,46.80,5.00000000,0
1506537934,22406590,46.80,2.13141026,0
1506537846,22406452,46.80,0.15677624,0
1506537781,22406381,46.63,3.33862299,1
1506537736,22406347,46.80,6.79096257,0
1506537735,22406346,46.79,13.93391960,0
1506537725,22406330,46.79,3.34008040,0
1506537725,22406329,46.79,0.11000000,0
1506537519,22406123,46.75,0.50298476,1
1506537518,22406122,46.80,1.08632478,0
1506537518,22406121,46.80,1.00000000,0
1506537516,22406120,46.79,0.11000000,0
1506537497,22406089,46.75,1.26159859,0
1506537496,22406088,46.75,2.23840141,0
1506537495,22406087,46.74,1.24000000,0
1506537495,22406086,46.72,0.11000000,0
1506537495,22406085,46.71,1.77726036,0
1506537493,22406083,46.70,5.03861089,0
1506537488,22406080,46.70,2.13854389,0
1506537483,22406073,46.52,2.27497625,1
1506537479,22406072,46.70,29.68547994,0
1506537479,22406071,46.70,2.60000000,0
1506537479,22406070,46.69,0.11000000,0
1506537479,22406069,46.68,8.90002236,0
1506537479,22406068,46.66,15.70449770,0
1506537461,22406059,46.66,1.14430000,0
1506537358,22405903,46.66,33.99464209,0
1506537341,22405895,46.59,0.11000000,0
1506537275,22405789,46.66,9.89000000,0
1506537275,22405786,46.59,0.11000000,0
1506537261,22405758,46.66,8.49023000,0
1506537259,22405755,46.59,0.11000000,0
1506537243,22405735,46.66,0.58032317,0
1506537243,22405734,46.65,1.57372955,0
1506537237,22405713,46.65,0.15689445,0
1506537219,22405651,46.59,4.00000000,1
1506537198,22405578,46.53,0.88011000,0
1506537196,22405574,46.63,9.00000000,1
1506537185,22405542,46.59,9.89000000,1
1506537159,22405476,46.66,10.68902700,0
1506537145,22405446,46.59,0.11000000,1
1506537139,22405438,46.59,0.11000000,0
1506537115,22405420,46.59,0.11000000,0
1506537063,22405378,46.43,0.15767119,1
1506537062,22405374,46.59,0.11000000,0
1506537039,22405334,46.59,0.11000000,0
1506536997,22405247,46.59,0.11000000,0
1506536994,22405242,46.58,15.63419500,1
1506536994,22405241,46.58,4.06786300,1
1506536994,22405240,46.58,3.17055700,1
1506536963,22405181,46.59,15.04154410,0
1506536963,22405180,46.59,0.11000000,0
1506536942,22405118,46.49,0.11000000,0
1506536773,22404825,46.56,0.15767119,0
1506536746,22404766,46.36,0.43191167,1
1506536743,22404762,46.65,85.76261712,0
1506536743,22404761,46.65,9.33000000,0
1506536743,22404760,46.64,0.27000000,0
1506536742,22404759,46.61,101.00000000,0
1506536742,22404758,46.60,1.36000000,0
1506536742,22404757,46.59,0.11000000,0
1506536742,22404756,46.49,2.16738288,0
1506536720,22404708,46.54,2.16497625,0
1506536719,22404702,46.49,0.11000000,0
1506536674,22404592,46.53,4.70133462,1
1506536672,22404590,46.46,1.62000000,0
1506536672,22404589,46.39,0.11000000,0
1506536602,22404485,46.53,6.43197937,0
1506536579,22404438,46.39,5.67333800,0
1506536556,22404403,46.39,5.66939427,1
1506536553,22404393,46.38,5.66697435,1
1506536547,22404371,46.35,3.65900000,1
1506536486,22404153,46.66,0.15000000,0
1506536475,22404130,46.59,1.76765415,0
1506536474,22404126,46.62,1.17174722,1
1506536473,22404124,46.62,0.59896148,1
1506536472,22404122,46.68,1.28463727,0
1506536472,22404120,46.65,1.00000000,0
1506536472,22404119,46.65,1.80000000,0
1506536472,22404118,46.64,0.11000000,0
1506536471,22404115,46.64,24.31346939,1
1506536471,22404114,46.62,2.60000000,0
1506536471,22404112,46.60,20.00000000,0
1506536471,22404111,46.60,3.85000000,0
1506536471,22404109,46.60,5.66419648,1
1506536470,22404105,46.59,0.11000000,0
1506536470,22404103,46.58,0.21000000,0
1506536469,22404101,46.57,0.00010226,0
1506536469,22404100,46.57,1.77566437,0
1506536469,22404099,46.55,1.78328902,0
1506536469,22404096,46.54,1.78343910,0
1506536468,22404094,46.54,1.78347478,0
1506536468,22404092,46.53,0.11000000,0
1506536468,22404091,46.50,3.00000000,0
1506536468,22404090,46.50,2.97439000,0
1506536467,22404088,46.50,17.11063572,0
1506536467,22404087,46.50,1.00000000,0
1506536467,22404086,46.50,13.72494625,0
1506536467,22404085,46.49,1.07000000,0
1506536416,22403925,46.49,1.48021505,0
1506536307,22403452,46.50,0.83655913,1
1506536307,22403450,46.49,0.11000000,0
1506536307,22403447,46.48,0.22000000,0
1506536305,22403441,46.34,1.12000000,0
1506536293,22403377,46.36,1.05534507,0
1506536290,22403356,46.15,0.37076810,1
1506536289,22403355,46.15,8.30713040,1
1506536289,22403352,46.22,13.55846750,1
1506536273,22403255,46.20,24.92101000,1
1506536268,22403222,46.39,24.89000000,1
1506536266,22403199,46.39,0.11000000,0
1506536239,22403069,46.29,1.78343910,0
1506536237,22403054,46.29,43.00000000,0
1506536235,22403049,46.29,1.78347478,0
1506536234,22403047,46.29,16.16979909,0
1506536233,22403040,46.50,2.14774193,0
1506536233,22403038,46.50,4.12731182,0
1506536232,22403032,46.49,0.11000000,0
1506536232,22403031,46.49,4.35301380,1
1506536232,22403029,46.48,0.24608417,0
1506536232,22403027,46.48,1.43000000,0
1506536231,22403024,46.48,0.11000000,0
1506536231,22403021,46.48,1.78575375,0
1506536231,22403018,46.42,0.11000000,0
1506536231,22403016,46.40,0.50000000,0
1506536231,22403014,46.40,1.00000000,0
1506536230,22403013,46.39,0.11000000,0
1506536230,22403012,46.39,0.11000000,0
1506536230,22403009,46.38,1.67978016,0
1506536229,22403008,46.38,0.11000000,0
1506536229,22403006,46.37,26.22965488,0
1506536229,22403005,46.37,17.13410000,0
1506536229,22403001,46.36,1.38000000,0
1506536228,22403000,46.36,1.79035365,0
1506536228,22402997,46.32,0.28000000,0
1506536228,22402993,46.30,10.63120538,0
1506536227,22402991,46.29,0.11000000,0
1506536227,22402988,46.28,0.11000000,0
1506536226,22402985,46.19,0.11000000,0
1506536226,22402983,46.18,10.59522508,0
1506536226,22402981,46.18,0.52413044,0
1506536224,22402974,46.15,0.65504170,0
1506536222,22402957,46.15,8.30129765,0
1506536221,22402948,46.15,1.80606717,0
1506536221,22402944,46.15,0.15000000,0
1506536221,22402943,46.15,1.08759348,0
1506536220,22402942,46.15,0.22248235,0
1506536217,22402923,46.15,1.34062838,0
1506536216,22402918,46.15,8.29568078,0
1506536215,22402912,46.15,177.70000000,0
1506536215,22402911,46.15,1.50000000,0
1506536211,22402881,46.15,8.28984781,0
1506536208,22402854,46.15,19.00433369,0
1506536207,22402851,46.15,3.52671335,0
1506536207,22402849,46.15,2.64549800,0
1506536205,22402835,46.15,8.28401484,0
1506536200,22402786,46.15,8.27818187,0
1506536199,22402778,46.12,0.11000000,1
1506536197,22402760,46.15,2.64550379,0
1506536195,22402743,46.15,8.27709227,0
1506536190,22402718,46.15,8.27125605,0
1506536189,22402714,46.15,26.27432286,0
1506536184,22402668,46.15,8.26542005,0
1506536182,22402654,46.15,4.51032863,0
1506536182,22402651,46.15,6.58894907,0
1506536182,22402646,46.15,16.92177682,0
1506536181,22402643,46.15,2.72611050,0
1506536180,22402627,46.15,8.88836202,0
1506536179,22402622,46.15,8.24904755,0
1506536174,22402603,46.15,2.72611050,0
1506536174,22402601,46.15,8.24343501,0
1506536174,22402596,46.15,177.70000000,0
1506536172,22402588,46.15,143.26220300,0
1506536170,22402577,46.15,2.72221018,0
1506536169,22402574,46.15,8.23760615,0
1506536162,22402532,46.11,42.90142879,1
1506536161,22402530,46.13,18.13094521,1
1506536161,22402527,46.14,2.71889900,1
1506536145,22402413,46.15,2.71939328,0
1506536145,22402410,46.15,15.30221018,0
1506536145,22402407,46.14,1.62000000,0
1506536141,22402385,46.15,16.91614301,0
1506536138,22402365,46.15,19.62968580,0
1506536135,22402348,46.15,68.34476100,0
1506536134,22402346,46.14,1.93000000,0
1506536117,22402274,46.14,2.01676000,0
1506536108,22402216,46.14,0.27324000,0
1506536100,22402153,46.15,18.78721560,0
1506536100,22402151,46.14,2.72000000,0
1506536098,22402138,46.09,0.11000000,0
1506536064,22401953,46.14,3.23000000,1
1506536054,22401921,46.15,5.00023000,0
1506536048,22401873,46.15,8.90964247,0
1506536042,22401837,46.15,15.27440953,0
1506536042,22401836,46.14,3.84000000,0
1506535867,22400771,46.13,14.00000000,0
1506535863,22400741,46.09,0.11000000,0
1506535826,22400634,46.14,0.37000000,1
1506535826,22400632,46.14,4.63000000,0
1506535797,22400560,46.15,221.00000000,0
1506535792,22400557,46.14,5.50000000,0
1506535769,22400545,46.09,0.11000000,0
1506535769,22400544,46.09,1.22700000,0
1506535724,22400517,45.99,0.11000000,0
1506535718,22400516,45.98,39.33000000,0
1506535496,22400310,46.10,4.82128900,0
1506535494,22400307,46.10,18.13052700,1
1506535494,22400306,46.10,16.37909200,1
1506535493,22400304,46.15,9.93001083,0
1506535493,22400301,46.14,6.54000000,0
1506535493,22400300,46.14,18.00000000,0
1506535491,22400292,46.09,12.19964587,0
1506535103,22399967,45.90,1.00000000,1
1506535033,22399918,46.08,21.03068647,0
1506534892,22399775,46.10,0.28112798,0
1506534774,22399677,46.13,43.24756124,0
1506534658,22399616,46.13,11.45089963,1
1506534658,22399615,46.09,0.11000000,0
1506534656,22399612,46.07,31.72808464,0
1506534654,22399611,46.01,2.65548100,1
1506534562,22399535,46.00,7.96600751,1
1506534562,22399534,46.00,0.15000000,1
1506534562,22399533,46.00,2.72874135,1
1506534549,22399518,46.07,1.00000000,0
1506534548,22399513,46.00,0.98999900,1
1506534313,22399309,46.00,0.59975610,1
1506533949,22399036,46.14,0.15000000,0
1506533923,22398996,46.14,0.15847097,0
1506533792,22398941,46.14,0.15000000,0
1506533441,22398684,46.14,4.21268614,0
1506533255,22398575,46.14,0.50000000,0
1506533226,22398563,46.14,8.74000000,1
1506533225,22398562,46.13,0.11000000,0
1506533225,22398561,46.13,0.11000000,0
1506533225,22398560,46.13,7.47932101,0
1506533209,22398551,46.05,0.99250000,1
1506533158,22398522,46.13,1.10773900,0
1506533115,22398490,46.13,21.59526600,0
1506533055,22398433,46.13,4.00023000,0
1506533055,22398432,46.13,0.15852188,0
1506533008,22398399,46.13,2.42185129,0
1506532860,22398297,45.94,0.11863009,1
1506532858,22398295,45.95,0.20000000,1
1506532737,22398203,45.96,11.83202185,1
1506532735,22398202,46.00,1.25000000,1
1506532712,22398190,46.14,0.10663198,1
1506532710,22398188,46.06,0.00140000,0
1506532488,22398013,45.95,1.92801951,0
1506532487,22398012,45.97,8.07198049,1
1506532371,22397958,46.10,2.00000000,1
1506532359,22397954,46.14,0.59490937,1
1506532357,22397953,46.14,10.41000000,0
1506532357,22397952,46.13,3.34435800,0
1506532357,22397951,46.12,11.65073263,0
1506532201,22397880,46.10,2.00000000,1
1506532161,22397856,46.10,10.15741304,1
1506532161,22397854,46.10,3.33128457,0
1506532071,22397772,46.09,16.63520629,1
1506532070,22397768,46.09,12.37000000,0
1506532070,22397767,46.09,1.66608900,0
1506531871,22397620,46.14,12.15784568,1
1506531871,22397618,46.14,3.05000000,0
1506531871,22397615,46.10,4.00000000,0
1506531871,22397614,46.09,0.11000000,0
1506531870,22397613,46.09,105.00000000,0
1506531870,22397612,46.06,15.26000000,0
1506531870,22397610,46.00,33.56259726,0
1506531869,22397609,45.99,0.11000000,0
1506531715,22397490,46.00,8.67391304,0
1506531687,22397471,46.00,9.19734347,0
1506531685,22397470,45.99,1.78000000,0
1506531531,22397347,45.98,0.20000000,1
1506531425,22397280,45.98,0.20000000,1
1506531409,22397269,45.99,10.73474886,0
1506531409,22397268,45.99,0.11000000,0
1506530864,22397047,46.00,0.31000000,0
1506530771,22396992,46.03,10.00023000,0
1506530721,22396934,46.00,0.83508097,1
1506530318,22396530,46.02,0.75808903,0
1506530279,22396456,46.05,1.01802389,0
1506530008,22396274,45.79,24.05991268,0
1506530006,22396269,45.92,0.00008732,1
1506530003,22396266,45.92,18.19991268,1
1506529967,22396245,45.90,2.11241809,1
1506529937,22396221,46.02,1.44796500,1
1506529936,22396218,46.02,5.05464243,0
1506529853,22396128,46.02,0.43350717,0
1506529444,22395750,45.83,1.37000000,1
1506529432,22395742,45.85,0.00000016,1
1506529319,22395676,46.10,78.68552000,0
1506529319,22395675,46.07,20.31448000,0
1506529232,22395595,46.12,515.09242690,0
1506529232,22395594,46.11,9.87000000,0
1506529232,22395593,46.07,21.07031200,0
1506529232,22395591,45.86,19.95726110,0
1506529222,22395579,46.07,0.75459500,0
1506529162,22395545,46.12,38.97000000,0
1506529161,22395544,46.09,49.24000000,0
1506529161,22395543,46.04,11.90000000,0
1506529116,22395482,45.86,32.73100700,0
1506529111,22395477,46.09,50.76000000,0
1506529111,22395476,46.09,0.11000000,0
1506529110,22395475,46.08,35.00000000,0
1506529110,22395474,46.05,14.13000000,0
1506529110,22395473,45.99,0.11000000,0
1506528681,22395063,45.85,4.41053800,1
1506528623,22395035,45.85,8.70777000,0
1506528555,22394908,45.89,0.89023000,1
1506528554,22394900,45.89,0.11000000,0
1506527232,22393508,46.09,1.67978016,0
1506527232,22393507,46.09,0.11000000,0
1506527227,22393504,46.06,1.64431611,1
1506527226,22393503,46.06,3.38000000,0
1506527202,22393463,45.74,0.02956959,0
1506527200,22393459,45.81,8.17000000,1
1506527167,22393410,45.81,2.00000000,1
1506527112,22393377,46.08,0.52696274,0
1506526992,22393176,46.07,5.24110755,0
1506526907,22393027,45.72,11.11709600,0
1506526906,22393021,46.00,0.27000000,1
1506526906,22393020,46.00,11.74500000,1
1506526904,22393011,46.00,8.25500000,1
1506526716,22392581,46.10,7.14034707,0
1506526656,22392501,46.12,5.00000000,0
1506526632,22392463,46.13,1.09512128,0
1506526464,22392153,45.71,0.26766614,0
1506526415,22392086,46.09,2.00000000,0
1506526397,22392015,46.13,5.18064664,0
1506526397,22392012,46.10,10.00000000,0
1506526397,22392010,46.10,2.00000000,0
1506526396,22392005,46.09,0.11000000,0
1506526340,22391850,45.99,0.11000000,0
1506526280,22391756,45.89,0.11000000,0
1506526070,22391195,45.87,0.20000000,0
1506525933,22390837,45.82,0.63000000,1
1506525464,22389838,45.69,2.90000000,1
1506525386,22389675,45.80,0.00000035,1
1506525354,22389569,45.84,0.20000000,0
1506525347,22389559,45.80,6.03661700,1
1506525346,22389557,45.87,0.30000000,0
1506525275,22389402,45.84,2.06719023,0
1506525246,22389344,45.90,0.53241406,0
1506525239,22389317,45.91,4.79172654,0
1506525212,22389230,45.66,2.39902000,1
1506525207,22389220,46.05,1.20000000,0
1506525206,22389214,46.03,2.04997000,0
1506525202,22389204,45.67,1.00000000,1
1506525196,22389174,46.13,2.04853876,1
1506525196,22389171,46.09,0.11000000,0
1506525196,22389170,46.09,21.43311162,1
1506525195,22389167,46.07,1.80175998,0
1506525195,22389166,46.00,0.17500000,0
1506525195,22389165,45.99,0.11000000,0
1506525194,22389164,45.98,0.03807237,0
1506525194,22389162,45.94,3.62187369,0
1506525194,22389161,45.94,3.34187358,0
1506525193,22389157,45.89,0.11000000,0
1506525193,22389155,45.84,2.87000000,0
1506525191,22389151,45.72,14.34000000,0
1506525145,22389083,45.85,0.22743131,0
1506525140,22389078,45.88,2.04417084,0
1506525132,22389066,45.77,9.00000000,0
1506525105,22388992,45.71,46.33559396,1
1506525092,22388933,45.79,0.39000000,0
1506525092,22388932,45.79,0.11000000,0
1506525032,22388766,45.71,0.39000000,0
1506525030,22388764,45.69,0.11000000,0
1506524843,22388485,45.83,0.39000000,0
1506524841,22388484,45.79,0.11000000,0
1506524801,22388441,45.69,0.11000000,0
1506524738,22388321,45.94,0.28000000,0
1506524738,22388320,45.89,0.11000000,0
1506524738,22388319,45.79,0.11000000,0
1506524677,22388232,45.77,0.50000000,0
1506524648,22388189,45.74,0.55247049,0
1506524626,22388154,45.77,0.50000000,0
1506524609,22388118,45.72,16.83664990,0
1506524566,22388052,45.68,55.75000000,1
1506524470,22387905,45.89,3.62567225,1
1506524470,22387904,45.89,0.11000000,0
1506524469,22387903,45.88,3.01000000,0
1506524469,22387902,45.78,15.03000000,0
1506524452,22387860,45.79,0.87437000,0
1506524451,22387859,45.78,1.82000000,0
1506524425,22387812,45.80,1.55075996,1
1506524423,22387807,45.80,1.51674000,1
1506524423,22387805,45.81,0.50000000,0
1506524421,22387794,45.80,3.55149600,1
1506524421,22387793,45.80,13.41915600,1
1506524421,22387791,45.80,23.52080000,1
1506524402,22387737,45.69,3.06750000,1
1506524384,22387672,45.82,0.28000000,1
1506524384,22387665,45.79,0.11000000,0
1506524382,22387656,45.69,0.11000000,0
1506524351,22387589,45.64,3.64226972,1
1506524181,22387338,45.76,10.06023000,0
1506524126,22387286,45.76,1.74388111,0
1506524050,22387166,45.81,1.08906352,0
1506524038,22387143,45.52,0.60767368,1
1506524038,22387142,45.52,10.00000000,1
1506524011,22387079,45.55,13.40621899,1
1506524006,22387058,45.73,1.87000000,0
1506524006,22387056,45.72,1.13000000,0
1506523992,22387035,45.72,2.00023000,0
1506523984,22387019,45.54,0.24000000,1
1506523979,22387006,45.73,0.50000000,0
1506523979,22387005,45.73,1.10146512,0
1506523973,22386994,45.73,3.00000000,0
1506523898,22386874,45.89,20.17367919,0
1506523893,22386864,45.94,3.62440906,1
1506523893,22386861,45.94,0.89585094,1
1506523892,22386859,45.89,0.11000000,0
1506523892,22386858,45.85,0.00007153,1
1506523891,22386855,45.85,2.99992847,1
1506523885,22386852,45.72,0.50000000,0
1506523866,22386837,45.85,2.89000000,0
1506523866,22386834,45.79,0.11000000,0
1506523850,22386800,45.72,3.00000000,0
1506523845,22386793,45.72,0.50000000,0
1506523825,22386775,45.72,3.00000000,0
1506523808,22386761,45.72,3.00000000,0
1506523805,22386756,45.72,0.50000000,0
1506523795,22386750,45.72,5.00000000,0
1506523792,22386745,45.72,3.00000000,0
1506523781,22386732,45.72,1.14145987,0
1506523781,22386730,45.71,1.74854013,0
1506523781,22386729,45.69,0.11000000,0
1506523764,22386713,45.71,0.50000000,0
1506523757,22386705,45.72,0.97999971,1
1506523724,22386598,45.75,0.50000000,0
1506523695,22386532,45.72,11.78025400,1
1506523692,22386520,45.72,0.20000000,1
1506523674,22386457,45.76,0.50000000,0
1506523671,22386452,45.72,0.78000000,1
1506523665,22386437,45.72,0.46000000,1
1506523653,22386407,45.79,0.61082987,0
1506523645,22386376,45.72,2.02000000,1
1506523634,22386353,45.72,3.77974629,1
1506523620,22386322,45.80,13.95209600,1
1506523618,22386320,45.80,9.18000000,0
1506523616,22386316,45.81,0.39000000,1
1506523615,22386312,45.79,0.11000000,0
1506523589,22386250,45.80,2.17860262,0
1506523570,22386232,45.58,0.48700635,0
1506523570,22386231,45.58,0.14579651,1
1506523569,22386230,45.59,0.10989252,1
1506523569,22386229,45.66,0.10972405,1
1506523569,22386228,45.71,0.03807237,1
1506523567,22386227,45.75,0.10950820,1
1506523538,22386192,45.76,31.16953300,0
1506523524,22386163,45.77,28.97000000,0
1506523522,22386151,45.78,4.31461200,1
1506523386,22385966,45.82,0.97839371,0
1506523385,22385963,45.79,0.11000000,0
1506523212,22385687,45.87,6.00023000,0
1506523144,22385566,45.80,1.80175998,1
1506523095,22385498,45.83,7.01059800,0
1506522915,22385242,45.95,0.89023000,0
1506522913,22385239,45.89,0.11000000,0
1506522716,22385107,45.87,0.42026804,1
1506522716,22385106,45.89,0.65973196,1
1506522645,22385028,46.03,23.12144253,0
1506522643,22385027,46.02,2.76332959,0
1506522638,22385024,46.03,3.13716279,1
1506522637,22385022,45.99,0.11000000,0
1506522582,22384971,45.89,0.60000000,1
1506522568,22384955,45.89,2.36000000,1
1506522489,22384888,45.90,0.45666667,0
1506522487,22384884,45.90,0.54333333,0
1506522465,22384854,45.89,0.29000000,1
1506522459,22384848,45.89,0.91000000,1
1506522457,22384845,45.89,0.14000000,1
1506522398,22384777,46.20,2.71987805,0
1506522397,22384776,46.19,0.11000000,0
1506522397,22384775,46.18,7.73000000,0
1506522397,22384774,46.18,0.04109516,0
1506522397,22384773,46.13,0.11000000,0
1506522396,22384772,46.09,0.11000000,0
1506522396,22384770,46.07,0.36966779,0
1506522396,22384769,46.06,3.06000000,0
1506522395,22384768,46.06,5.02111000,1
1506522395,22384767,46.06,3.24093100,1
1506522395,22384766,46.06,6.44429800,1
1506522395,22384765,46.06,2.04709200,1
1506522395,22384764,46.03,1.55000000,0
1506522394,22384761,46.00,0.11000000,0
1506522394,22384757,45.99,0.11000000,0
1506522393,22384751,45.98,16.39341317,1
1506522392,22384750,45.98,1.76722818,0
1506522336,22384651,45.89,0.11000000,0
1506522297,22384603,45.82,12.30271216,0
1506522255,22384531,45.88,1.04303891,0
1506522246,22384509,45.88,0.66695727,0
1506522087,22384275,45.76,3.20672431,0
1506522086,22384274,45.84,2.60070758,0
1506522085,22384272,45.84,0.10929319,1
1506522034,22384169,45.90,3.70556300,1
1506521965,22384098,45.91,1.00000000,0
1506521962,22384095,45.89,0.11000000,0
1506521916,22384059,45.75,0.13969100,0
1506521825,22383987,45.71,1.76722818,1
1506521779,22383959,45.83,6.79988487,0
1506521760,22383946,45.83,7.95579023,0
1506521716,22383904,45.88,5.43526591,0
1506521564,22383754,45.84,10.50000000,1
1506521533,22383705,45.88,10.50000000,1
1506521342,22383436,45.82,3.84256609,0
1506521335,22383421,45.82,1.49400000,0
1506521291,22383352,45.82,9.00000000,0
1506520960,22382990,45.91,0.26939640,0
1506520956,22382989,45.92,2.42456760,1
1506520822,22382907,45.96,7.22715405,0
1506520796,22382875,45.96,0.15951576,0
1506520747,22382842,45.80,3.00000000,0
1506520619,22382728,46.01,0.21669202,0
1506520572,22382704,46.00,0.21147321,0
1506520283,22382481,45.99,0.15911433,0
1506520263,22382461,45.94,0.39811256,1
1506520259,22382458,45.95,6.97529556,1
1506520253,22382454,45.95,6.97529556,0
1506520250,22382453,45.96,0.00009995,1
1506520246,22382449,45.96,6.97519561,1
1506520234,22382444,45.95,9.00000000,0
1506520212,22382423,45.96,0.00009160,1
1506520210,22382418,45.96,8.99990840,1
1506520193,22382402,45.99,17.34578627,0
1506520149,22382374,45.94,0.15892505,1
1506520106,22382319,45.88,7.75042000,1
1506520106,22382318,45.94,5.01333846,0
1506520103,22382311,46.00,0.33511111,1
1506520103,22382310,46.00,0.54405282,1
1506520101,22382302,46.00,5.56586271,1
1506519869,22381895,46.18,0.15890484,0
1506519867,22381894,46.09,0.00002021,0
1506519811,22381854,46.00,0.94008079,1
1506519777,22381842,46.00,0.95000368,1
1506519686,22381805,46.09,5.86177172,1
1506519681,22381801,46.09,2.20000000,1
1506519648,22381787,46.09,20.00000000,1
1506519648,22381786,46.09,40.00000000,1
1506519645,22381785,46.09,2.00000000,1
1506519643,22381781,46.09,8.92037297,1
1506519596,22381724,46.09,3.14569690,1
1506519595,22381721,46.09,0.11000000,0
1506519595,22381720,46.07,11.63937029,0
1506519471,22381633,46.00,5.00000000,1
1506519328,22381581,46.15,0.15832458,0
1506519325,22381580,46.16,0.15833119,0
1506519322,22381579,46.16,0.15834111,0
1506519320,22381578,46.16,0.15834442,0
1506519318,22381576,46.16,0.15833284,0
1506519315,22381575,46.16,0.15832954,0
1506519187,22381523,46.16,0.90576256,0
1506519185,22381521,46.09,0.11000000,0
1506519100,22381476,46.00,7.00000000,1
1506518721,22381096,46.15,4.32286024,0
1506518655,22381059,46.19,15.11444768,0
1506518655,22381058,46.19,0.11000000,0
1506518654,22381057,46.18,4.21000000,1
1506518654,22381056,46.18,1.20000000,0
1506518654,22381054,46.18,0.19689000,0
1506518654,22381052,46.09,0.11000000,0
1506518653,22381051,45.99,0.11000000,0
1506517974,22380439,45.86,10.86406820,1
1506517937,22380405,46.18,27.82979644,1
1506517937,22380404,46.17,1.04000000,0
1506517936,22380403,46.13,5.20000000,0
1506517936,22380402,46.09,0.11000000,0
1506517936,22380401,46.09,60.00000000,1
1506517936,22380400,46.07,19.85800000,0
1506517936,22380399,46.07,21.51300000,0
1506517935,22380398,46.06,60.00000000,0
1506517935,22380397,46.05,20.84400000,0
1506517934,22380396,45.99,0.11000000,0
1506517831,22380294,45.81,7.65390000,1
1506517802,22380281,45.98,0.85120899,0
1506517796,22380275,45.98,8.51208993,0
1506517760,22380232,46.04,7.18451161,0
1506517738,22380177,46.01,3.39735300,0
1506517737,22380176,46.00,0.00000026,1
1506517734,22380172,46.01,18.69637036,1
1506517725,22380162,46.00,4.99999974,1
1506517725,22380161,46.00,38.94423426,1
1506517689,22380123,46.00,0.32420535,1
1506517633,22380064,46.00,3.11543457,1
1506517629,22380054,46.00,85.60073782,1
1506517564,22379938,46.00,14.76216200,1
1506517548,22379921,46.00,7.25322600,1
1506517155,22379542,46.01,0.40000000,1
1506517114,22379518,46.18,1.00311000,0
1506516836,22379263,46.22,0.90631761,0
1506516759,22379196,46.19,35.42868789,1
1506516759,22379194,46.19,1.10429900,1
1506516759,22379192,46.19,1.18149000,1
1506516759,22379190,46.19,15.31054800,1
1506516758,22379188,46.19,7.33888721,1
1506516757,22379186,46.19,0.11000000,0
1506516654,22379070,46.23,0.60000000,0
1506516555,22378958,46.23,0.64226972,0
1506516536,22378939,46.24,2.53416955,0
1506516534,22378935,46.19,0.40006835,0
1506516524,22378928,46.19,0.24608417,1
1506516448,22378868,46.19,1.43000000,1
1506516437,22378859,46.29,0.34905226,0
1506516428,22378855,46.29,1.07733852,0
1506516425,22378849,46.30,9.36879462,0
1506516425,22378848,46.30,7.13258895,0
1506516425,22378847,46.29,0.11000000,0
1506516424,22378846,46.28,9.17000000,1
1506516424,22378845,46.28,17.86000000,0
1506516424,22378844,46.28,0.11000000,0
1506516424,22378843,46.27,1.83000000,1
1506516422,22378838,46.21,0.11000000,0
1506516349,22378775,46.19,0.11000000,0
1506516342,22378758,46.18,8.09266719,0
1506516342,22378757,46.18,1.79733281,0
1506516340,22378754,46.12,0.11000000,0
1506516333,22378749,46.11,2.07586000,1
1506516220,22378627,46.10,1.00000000,0
1506516220,22378626,46.10,3.00000000,0
1506516219,22378625,46.10,0.91000000,0
1506516219,22378624,46.09,0.11000000,0
1506516189,22378597,46.08,6.97771881,1
1506516174,22378529,46.08,9.00000000,0
1506516167,22378518,46.09,1.77300000,0
1506516160,22378508,46.09,8.89000000,0
1506516160,22378507,46.09,0.11000000,0
1506516154,22378498,46.08,5.95814362,0
1506516154,22378497,46.08,3.04185638,0
1506516150,22378489,46.07,9.00000000,1
1506516145,22378480,46.04,0.11000000,0
1506516145,22378479,46.00,1.00000000,0
1506516144,22378478,45.99,0.11000000,0
1506516144,22378477,45.99,0.11000000,0
1506516144,22378476,45.98,0.61647228,0
1506516143,22378473,45.98,5.54825045,0
1506516136,22378453,45.98,1.47600000,0
1506516131,22378443,45.98,1.47600000,0
1506516126,22378437,45.98,7.08611730,0
1506516125,22378434,45.97,15.47877523,0
1506516125,22378433,45.97,6.65018022,0
1506516124,22378430,45.97,2.34686138,0
1506516124,22378429,45.93,0.11000000,0
1506516092,22378383,45.90,0.51587320,0
1506516085,22378374,45.90,4.79621871,0
1506516085,22378373,45.90,0.08366400,0
1506516084,22378371,45.90,0.02633600,0
1506516084,22378370,45.89,0.11000000,0
1506516071,22378359,45.83,9.81000000,1
1506516070,22378358,45.83,7.00000000,1
1506515804,22378151,45.90,2.09124026,0
1506515804,22378150,45.89,0.11000000,0
1506515722,22378106,45.90,0.82657952,0
1506515720,22378104,45.89,0.10779712,0
1506515500,22377921,45.89,0.00220288,0
1506515500,22377920,45.88,3.14076712,0
1506515351,22377748,45.88,0.00137000,0
1506515351,22377747,45.85,1.95987000,0
1506515330,22377727,45.85,0.54013000,0
1506515330,22377726,45.85,2.50000000,0
1506515058,22377526,45.88,9.14973844,0
1506514992,22377482,45.88,25.47701200,0
1506514945,22377418,45.84,4.77892731,0
1506514945,22377414,45.84,0.00000551,0
1506514935,22377392,45.84,14.11918800,0
1506514913,22377354,45.84,18.72987300,0
1506514907,22377344,45.84,1.99000000,0
1506514902,22377334,45.84,13.99411400,0
1506514887,22377297,45.84,5.48764400,0
1506514882,22377285,45.84,4.48100000,0
1506514881,22377283,45.84,14.91700000,0
1506514849,22377237,45.83,5.48764400,0
1506514829,22377203,45.83,5.48764400,0
1506514809,22377159,45.83,5.48764400,0
1506514760,22377131,45.80,0.74000000,1
1506514675,22377046,45.87,5.00023000,0
1506514609,22376958,45.88,37.39575196,0
1506514602,22376947,45.88,10.05340016,0
1506514601,22376945,45.88,6.11115954,0
1506514601,22376944,45.87,12.71000000,1
1506514600,22376942,45.88,13.10438490,0
1506514599,22376937,45.88,3.94354838,0
1506514594,22376923,45.87,13.10432631,0
1506514589,22376911,45.88,13.10426750,0
1506514589,22376909,45.88,28.51860000,0
1506514589,22376908,45.87,11.64000000,0
1506514394,22376665,45.96,0.82702349,0
1506514392,22376661,45.95,2.08152174,0
1506514332,22376617,45.77,22.71116452,1
1506514332,22376616,45.77,12.28883548,1
1506514165,22376388,45.95,7.94684270,1
1506514141,22376371,45.95,19.04068300,1
1506514140,22376370,45.95,7.57247430,1
1506514139,22376368,45.93,15.44000000,0
1506513906,22376179,45.98,1.49673771,0
1506513892,22376158,45.88,3.57913689,0
1506513863,22376140,45.85,2.17557252,0
1506513843,22376127,45.90,6.52457063,0
1506513812,22376086,45.69,14.15070000,1
1506513788,22376063,45.92,0.62513506,1
1506513737,22376004,45.95,1.08531012,0
1506513731,22376003,45.92,1.55190000,1
1506513703,22375946,45.95,0.99847661,0
1506513560,22375784,45.97,2.96845768,0
1506513560,22375783,45.90,2.24580445,0
1506513560,22375782,45.89,0.11000000,0
1506513559,22375781,45.85,6.42108136,1
1506513558,22375779,45.85,10.00000000,0
1506513236,22375453,45.53,3.00000000,0
1506513159,22375397,45.90,1.79733281,0
1506513156,22375391,45.90,0.95686274,0
1506513155,22375390,45.89,0.11000000,0
1506513155,22375388,45.87,3.14000000,0
1506513155,22375387,45.79,0.11000000,0
1506513154,22375386,45.60,9.83200000,0
1506513129,22375372,45.60,0.16800000,0
1506513122,22375366,45.52,17.25512200,1
1506513104,22375351,45.78,3.37723897,0
1506512888,22375127,45.69,0.20000000,0
1506512844,22375112,45.72,9.89023000,1
1506512843,22375109,45.69,0.11000000,0
1506512800,22375084,45.57,1.00000000,0
1506512799,22375079,45.57,3.26520000,0
1506512792,22375072,45.58,9.00000000,0
1506512781,22375055,45.57,9.00000000,0
1506512779,22375051,45.59,8.89000000,1
1506512765,22375036,45.59,0.11000000,0
1506512732,22374981,45.58,0.39000000,0
1506512726,22374978,45.58,3.51000000,0
1506512720,22374977,45.58,9.00000000,0
1506512712,22374975,45.58,1.53000000,0
1506512707,22374972,45.58,0.20000000,0
1506512700,22374945,45.58,0.20000000,0
1506512639,22374915,45.69,0.17000000,0
1506512611,22374888,45.47,14.59950000,1
1506512590,22374879,45.52,5.46232946,1
1506512590,22374878,45.54,0.36940054,1
1506512590,22374877,45.55,34.89000000,1
1506512575,22374865,45.73,11.05231600,1
1506512575,22374864,45.73,9.53831685,1
1506512575,22374863,45.99,1.90389215,1
1506512575,22374862,45.89,0.11000000,0
1506512574,22374860,45.75,15.75000000,0
1506512574,22374858,45.74,22.88900000,0
1506512573,22374857,45.74,0.50000000,0
1506512572,22374856,45.73,2.95000000,0
1506512570,22374853,45.73,0.20000000,0
1506512452,22374678,45.82,0.50000000,0
1506512403,22374523,45.87,0.50000000,0
1506512372,22374489,45.58,2.00000000,1
1506512346,22374473,45.79,0.20000000,0
1506512339,22374464,45.79,1.77300000,0
1506512338,22374463,45.79,0.96795800,0
1506512333,22374461,45.79,2.48392000,0
1506512333,22374460,45.79,0.20000000,0
1506512331,22374457,45.79,17.86000000,1
1506512195,22374371,45.96,0.25000000,0
1506512190,22374352,45.96,0.50000000,0
1506512145,22374262,45.97,0.50000000,0
1506512123,22374238,46.00,0.25000000,0
1506512067,22374145,46.00,2.16847826,0
1506512052,22374126,45.98,0.50000000,0
1506512027,22374099,45.98,0.20000000,1
1506512010,22374082,46.06,0.50000000,1
1506512007,22374073,46.00,1.00000000,1
1506511974,22374044,46.06,3.00000000,0
1506511946,22374020,46.00,2.10899148,0
1506511939,22374014,45.99,0.06000000,0
1506511939,22374013,45.99,0.11000000,0
1506511925,22373991,46.00,0.50000000,0
1506511923,22373985,45.99,1.52100000,0
1506511917,22373980,45.81,16.67000000,1
1506511916,22373979,46.00,0.44000000,1
1506511887,22373949,46.07,3.00000000,0
1506511883,22373943,46.10,0.39000000,0
1506511883,22373942,46.09,0.11000000,0
1506511873,22373935,45.83,8.95500000,1
1506511870,22373926,45.73,48.29423950,0
1506511870,22373925,45.73,7.04576050,0
1506511870,22373924,45.69,14.01423950,0
1506511869,22373922,45.69,1.48576050,0
1506511869,22373920,45.44,9.01423950,0
1506511869,22373919,45.45,26.34000000,1
1506511868,22373918,45.46,0.11000000,1
1506511868,22373917,45.46,45.28700000,0
1506511868,22373916,45.53,0.69300000,1
1506511867,22373915,45.54,1.00000000,1
1506511867,22373914,45.58,0.11000000,1
1506511867,22373913,45.74,0.55028517,1
1506511866,22373912,45.76,2.76931593,1
1506511866,22373910,45.77,4.22000000,1
1506511866,22373908,45.77,21.06000000,1
1506511866,22373907,45.77,3.98700000,0
1506511865,22373906,45.79,35.44000000,0
1506511865,22373905,45.85,1.81145040,1
1506511864,22373903,45.86,2.60770900,0
1506511864,22373902,46.00,1.00000000,1
1506511862,22373899,46.06,6.65945500,1
1506511862,22373897,46.05,8.51070800,1
1506511862,22373896,46.05,15.74779900,1
1506511862,22373895,46.05,40.36520200,1
1506511862,22373894,46.05,25.91683600,1
1506511860,22373892,46.05,2.00000000,0
1506511860,22373891,46.05,0.80000000,0
1506511745,22373766,46.05,0.50000000,0
1506511696,22373704,46.04,0.00000027,1
1506511682,22373685,46.04,2.42204100,1
1506511679,22373680,46.04,71.60083557,1
1506511679,22373679,46.01,6.47000000,0
1506511641,22373632,46.04,0.39000000,1
1506511639,22373630,45.99,0.11000000,0
1506511613,22373623,46.03,1.99694683,1
1506511613,22373622,46.03,0.11000000,1
1506511612,22373621,46.03,2.10694683,0
1506511584,22373604,45.99,0.11000000,1
1506511582,22373603,46.14,0.39000000,1
1506511580,22373601,46.09,0.11000000,0
1506511576,22373592,45.77,7.29000000,1
1506511567,22373585,45.89,22.39965350,0
1506511567,22373584,45.90,5.62000000,1
1506511567,22373583,45.99,27.13034700,1
1506511567,22373582,46.00,73.78258950,1
1506511565,22373568,45.99,0.92965300,0
1506511537,22373531,45.99,0.39000000,0
1506511537,22373530,45.99,0.11000000,0
1506511408,22373310,46.08,0.50000000,0
1506511380,22373242,46.09,21.64243871,0
1506511364,22373203,46.09,0.50000000,0
1506511287,22372976,46.19,10.00000000,0
1506511245,22372851,46.27,12.44737410,1
1506511243,22372846,46.16,1.42000000,0
1506511222,22372666,46.17,0.03876976,1
1506511221,22372655,46.16,1.69000000,1
1506511194,22372525,46.27,1.78328902,0
1506511191,22372516,46.02,12.65256700,1
1506511188,22372506,46.29,1.73962725,0
1506511188,22372505,46.29,9.64000000,0
1506511188,22372503,46.29,0.11000000,0
1506511187,22372502,46.29,0.12000000,0
1506511187,22372500,46.28,0.79353330,0
1506511187,22372498,46.28,1.00000000,0
1506511186,22372495,46.24,1.79503201,0
1506511186,22372491,46.23,2.60000000,0
1506511186,22372488,46.19,0.12000000,0
1506511185,22372487,46.18,0.11000000,0
1506511185,22372486,46.17,1.79794885,0
1506511185,22372485,46.16,1.79823259,0
1506511183,22372481,46.11,5.37562600,1
1506511183,22372478,46.11,1.00000000,0
1506511179,22372463,46.10,4.62437437,0
1506511175,22372448,46.10,3.24555315,0
1506511142,22372354,46.10,4.45307338,0
1506511142,22372348,46.10,0.89671073,0
1506511129,22372325,46.10,14.66919476,0
1506511129,22372323,46.10,5.32732924,0
1506511121,22372315,46.10,14.67267076,0
1506511119,22372313,46.09,6.41780541,0
1506511119,22372312,46.09,22.02382191,0
1506511062,22372226,46.09,1.92709915,0
1506511054,22372208,46.09,15.00023000,0
1506511038,22372152,46.09,1.79035365,0
1506511034,22372146,46.09,4.46168800,0
1506511033,22372145,46.09,0.12000000,0
1506511033,22372144,46.07,0.11000000,0
1506511033,22372143,46.07,1.80195521,0
1506511032,22372141,46.04,1.80294929,0
1506511031,22372139,46.04,0.68294929,0
1506511031,22372138,46.04,1.00000000,0
1506511031,22372137,46.04,0.12000000,0
1506511031,22372136,45.99,0.11000000,0
1506511001,22372074,45.98,1.00000000,1
1506511000,22372072,45.99,22.02150080,1
1506510972,22371997,45.99,0.44000000,1
1506510966,22371989,45.99,3.77679900,1
1506510965,22371984,46.00,3.39410089,1
1506510965,22371982,46.01,1.66000000,1
1506510952,22371936,46.03,1.48782173,0
1506510947,22371911,46.03,1.51217827,0
1506510926,22371847,46.00,0.11000000,0
1506510926,22371845,46.00,6.49589911,0
1506510923,22371841,46.00,43.50410089,0
1506510923,22371840,46.00,25.00000000,0
1506510922,22371839,46.00,5.22000000,0
1506510922,22371837,46.00,13.99470411,0
1506510922,22371834,46.00,10.38501500,0
1506510922,22371833,46.00,1.44410100,0
1506510918,22371827,46.00,0.55589900,0
1506510918,22371825,46.00,0.55000000,0
1506510917,22371823,46.00,5.50000000,0
1506510911,22371811,45.99,2.34000000,0
1506510899,22371737,46.00,10.00000000,0
1506510899,22371736,46.00,0.26500000,0
1506510899,22371735,46.00,0.35764892,0
1506510899,22371734,46.00,1.20646670,0
1506510898,22371732,46.00,0.79353330,0
1506510898,22371731,46.00,1.00000000,0
1506510896,22371726,45.99,0.11000000,0
1506510896,22371724,45.99,1.80477568,0
1506510896,22371723,45.99,95.26844894,0
1506510896,22371722,45.98,2.78000000,0
1506510872,22371658,45.95,0.33000000,1
1506510867,22371639,45.99,0.59246200,0
1506510867,22371637,45.98,3.30000000,0
1506510865,22371629,45.95,84.15478904,0
1506510865,22371624,45.95,3.12000000,0
1506510854,22371596,45.95,1.56000000,0
1506510839,22371549,45.95,1.40000000,0
1506510838,22371544,45.95,70.73600000,0
1506510836,22371538,45.95,24.99700000,0
1506510706,22371018,45.96,9.18182768,0
1506510706,22371017,45.96,1.67000000,0
1506510680,22370902,45.97,28.87671128,0
1506510679,22370898,45.96,2.81000000,0
1506510666,22370863,45.96,1.58866737,0
1506510649,22370797,45.96,0.85806775,1
1506510649,22370796,45.96,0.99586597,1
1506510649,22370795,45.96,0.85806775,1
1506510644,22370779,45.97,5.15549968,0
1506510636,22370738,45.96,15.02937337,0
1506510567,22370436,45.96,0.18338555,1
1506510566,22370433,45.96,5.46000000,0
1506510564,22370428,45.88,0.56000000,1
1506510560,22370411,45.88,0.81000000,1
1506510510,22370218,45.96,4.12228024,0
1506510508,22370205,45.89,0.11000000,0
1506510497,22370147,45.88,4.34829991,0
1506510490,22370114,45.76,0.57000000,1
1506510470,22370035,45.75,0.80000000,1
1506510456,22369985,45.75,0.96000000,1
1506510449,22369947,45.75,0.22000000,1
1506510441,22369932,45.75,0.96000000,1
1506510438,22369925,45.75,0.95000000,1
1506510429,22369910,45.75,0.16000000,1
1506510349,22369784,45.79,0.78000000,1
1506510345,22369779,45.79,0.21000000,1
1506510338,22369771,45.80,0.20000000,1
1506510336,22369767,45.80,2.00000000,1
1506510334,22369762,45.79,0.54000000,1
1506510330,22369749,45.79,0.10941254,1
1506510310,22369707,45.81,13.04870000,0
1506510245,22369614,45.81,6.13000000,1
1506510244,22369611,45.80,1.00000000,0
1506510200,22369564,45.82,0.10934090,1
1506510190,22369548,45.83,55.14000000,0
1506510093,22369335,45.98,1.79503201,0
1506510090,22369333,45.99,4.13908906,0
1506510090,22369331,45.99,0.11000000,0
1506510090,22369329,45.98,7.57000000,1
1506510089,22369328,45.97,0.11000000,0
1506510089,22369326,45.93,1.00000000,0
1506510089,22369324,45.91,0.11000000,0
1506510089,22369323,45.91,1.00000000,0
1506510088,22369321,45.89,0.11000000,0
1506510088,22369319,45.88,1.51000000,1
1506510088,22369318,45.88,0.05925088,0
1506510088,22369317,45.88,1.75000000,0
1506510087,22369316,45.86,1.80999061,0
1506510087,22369315,45.85,0.10209015,0
1506510086,22369314,45.85,0.89790985,0
1506510086,22369312,45.83,0.77225396,0
1506510086,22369310,45.83,0.00000045,0
1506510085,22369307,45.83,1.03885526,0
1506510085,22369304,45.82,1.10868617,0
1506510052,22369202,45.82,0.89131383,0
1506510050,22369201,45.79,0.11000000,0
1506510003,22369045,45.79,6.04840000,0
1506510003,22369044,45.79,0.11000000,0
1506509962,22368998,45.78,0.50000000,0
1506509961,22368995,45.78,3.50000000,0
1506509960,22368989,45.78,3.00000000,0
1506509943,22368950,45.78,4.79758897,0
1506509943,22368949,45.78,43.15000000,0
1506509943,22368948,45.78,5.00000000,0
1506509902,22368876,45.77,0.50000000,0
1506509895,22368847,45.77,3.00000000,0
1506509891,22368839,45.77,5.00000000,0
1506509891,22368834,45.70,0.11000000,1
1506509889,22368821,45.76,24.10000000,1
1506509888,22368817,45.76,74.58034700,1
1506509884,22368803,45.77,1.95000000,0
1506509883,22368800,45.76,1.31965300,0
1506509829,22368709,45.77,1.02211527,0
1506509829,22368708,45.70,8.97788473,0
1506509788,22368598,45.77,3.00000000,0
1506509764,22368549,45.77,2.89000000,0
1506509764,22368548,45.69,0.11000000,0
1506509764,22368547,45.62,0.50000000,0
1506509731,22368444,45.62,0.50000000,0
1506509627,22368111,45.79,1.80294929,0
1506509624,22368105,45.83,25.16168448,1
1506509624,22368102,45.81,1.00000000,0
1506509624,22368099,45.80,0.11000000,0
1506509623,22368094,45.79,12.31000000,0
1506509623,22368093,45.79,0.11000000,0
1506509623,22368092,45.79,0.11000000,0
1506509622,22368091,45.76,1.38165680,0
1506509622,22368090,45.76,0.43238234,0
1506509622,22368088,45.75,1.28114167,0
1506509622,22368087,45.75,0.53327056,0
1506509622,22368086,45.75,1.81441223,0
1506509622,22368084,45.75,1.69429474,0
1506509621,22368083,45.75,0.12000000,0
1506509621,22368082,45.75,1.72190767,0
1506509621,22368078,45.71,2.08000000,0
1506509621,22368076,45.71,15.39780574,0
1506509619,22368071,45.69,0.11000000,0
1506509611,22368046,45.71,0.39000000,0
1506509610,22368042,45.69,0.11000000,0
1506509604,22368029,45.71,2.07219426,0
1506509602,22368025,45.69,0.11000000,0
1506509531,22367936,45.75,0.28000000,0
1506509531,22367935,45.74,0.11000000,0
1506509529,22367933,45.69,0.11000000,0
1506509501,22367907,45.48,1.12000000,1
1506509491,22367899,45.72,0.39000000,0
1506509489,22367896,45.69,0.11000000,0
1506509474,22367878,45.71,2.89000000,0
1506509474,22367877,45.59,0.11000000,0
1506509409,22367755,45.63,0.50000000,0
1506509392,22367705,45.68,0.93892294,1
1506509392,22367703,45.75,11.71825136,1
1506509391,22367701,45.71,0.00008930,0
1506509391,22367698,45.69,63.06300000,0
1506509391,22367697,45.69,0.11000000,0
1506509390,22367696,45.68,3.00000000,0
1506509390,22367695,45.68,14.98000000,0
1506509390,22367694,45.66,16.17859006,1
1506509389,22367693,45.59,0.11000000,0
1506509356,22367660,45.65,0.39000000,0
1506509354,22367659,45.59,0.11000000,0
1506509272,22367558,45.46,13.67756000,1
1506509260,22367536,45.66,0.50000000,0
1506509219,22367488,45.66,0.39000000,0
1506509217,22367481,45.59,0.11000000,0
1506509178,22367430,45.63,0.39000000,1
1506509176,22367422,45.59,0.11000000,0
1506509167,22367396,45.66,2.89000000,0
1506509167,22367394,45.59,0.11000000,0
1506509133,22367366,45.67,0.39000000,0
1506509131,22367362,45.59,0.11000000,0
1506509120,22367355,45.67,0.35000000,0
1506509120,22367354,45.66,2.65000000,0
1506509117,22367351,45.65,17.37037502,0
1506509115,22367350,45.59,0.11000000,0
1506509061,22367217,45.71,1.37313298,1
1506509059,22367214,45.71,9.40713192,1
1506509057,22367212,45.71,12.01868700,1
1506509054,22367211,45.71,12.61699700,1
1506509033,22367177,45.71,30.80153900,1
1506509032,22367176,45.71,3.64147600,1
1506509032,22367175,45.72,5.04000000,1
1506509031,22367174,45.72,10.00000000,1
1506509025,22367168,45.71,4.01596500,1
1506509025,22367165,45.72,3.76399200,1
1506509023,22367162,45.72,12.69600800,1
1506509001,22367139,45.71,2.23269400,1
1506509000,22367138,45.72,15.71629800,1
1506509000,22367137,45.72,24.93998400,1
1506508999,22367136,45.71,23.89237710,1
1506508975,22367108,45.72,0.39000000,0
1506508973,22367107,45.69,0.11000000,0
1506508887,22367064,45.73,1.25944438,0
1506508887,22367063,45.73,0.85552830,0
1506508848,22367020,45.75,12.97202185,1
1506508846,22367017,45.69,0.11000000,0
1506508770,22366911,45.65,0.50000000,0
1506508717,22366804,45.47,23.89237710,1
1506508503,22366513,45.64,11.69829097,0
1506508503,22366512,45.63,10.05000000,1
1506508501,22366509,45.59,0.11000000,0
1506508450,22366436,45.37,5.88843294,0
1506508450,22366435,45.37,0.11042539,1
1506508449,22366434,45.48,1.28114167,1
1506508449,22366433,45.50,2.00000000,1
1506508448,22366432,45.56,17.86000000,0
1506508447,22366430,45.56,17.86000000,1
1506508397,22366316,45.70,2.00023000,0
1506508321,22366109,45.72,9.77012248,0
1506508321,22366108,45.71,11.94000000,0
1506508319,22366107,45.69,0.11000000,0
1506508239,22366015,45.72,5.34426946,0
1506508237,22366011,45.69,0.11000000,0
1506508177,22365859,45.74,1.80477568,0
1506508173,22365856,45.75,6.40159562,0
1506508173,22365855,45.75,2.50558798,0
1506508173,22365854,45.75,11.38364616,0
1506508173,22365852,45.75,14.75000000,1
1506508172,22365850,45.73,10.20000000,0
1506508172,22365848,45.71,0.11000000,0
1506508172,22365846,45.69,0.11000000,0
1506508171,22365844,45.68,2.95000000,0
1506508171,22365843,45.66,9.97488888,0
1506508171,22365841,45.65,1.81840079,0
1506508170,22365840,45.65,1.00000000,0
1506508170,22365838,45.61,0.11000000,0
1506508170,22365836,45.60,6.18430764,0
1506508169,22365833,45.59,14.61406852,1
1506508168,22365832,45.59,0.12000000,0
1506508134,22365774,45.58,4.00000000,0
1506507942,22365312,45.48,0.53327056,1
1506507837,22365006,45.60,1.80999061,0
1506507832,22364985,45.56,1.58179598,0
1506507832,22364984,45.55,0.29977133,0
1506507818,22364960,45.55,1.52263919,0
1506507812,22364948,45.09,8.22838152,0
1506507812,22364946,45.17,0.11091432,1
1506507812,22364944,45.18,2.70939956,1
1506507812,22364942,45.18,10.41800563,1
1506507811,22364940,45.20,8.36180194,1
1506507811,22364938,45.22,5.79880100,1
1506507811,22364936,45.22,8.18654300,1
1506507811,22364934,45.22,7.36789320,1
1506507810,22364933,45.24,16.31958569,1
1506507810,22364932,45.24,0.11074271,1
1506507810,22364930,45.28,1.82241052,1
1506507809,22364928,45.29,1.58179598,1
1506507809,22364926,45.32,0.11054722,1
1506507809,22364925,45.35,30.00000000,1
1506507808,22364923,45.38,0.68037270,1
1506507808,22364920,45.40,30.00000000,1
1506507808,22364918,45.41,4.37000000,1
1506507808,22364917,45.41,35.63196256,1
1506507807,22364915,45.44,0.11025528,1
1506507807,22364913,45.47,21.84000000,1
1506507807,22364911,45.47,1.38165680,1
1506507806,22364910,45.48,1.81441223,1
1506507806,22364909,45.49,1.69429474,1
1506507804,22364904,45.57,0.77225396,1
1506507753,22364826,45.60,3.60570175,0
1506507753,22364824,45.60,2.00000000,0
1506507752,22364822,45.59,0.01015693,0
1506507752,22364820,45.59,1.81064830,0
1506507752,22364819,45.59,0.11000000,0
1506507751,22364815,45.58,0.12000000,0
1506507673,22364601,45.56,0.12000000,0
1506507673,22364599,45.56,0.12000000,0
1506507673,22364597,45.55,1.00000000,0
1506507672,22364596,45.50,0.12000000,0
1506507672,22364595,45.50,1.00000000,0
1506507672,22364593,45.50,7.22434000,0
1506507668,22364578,45.50,6.87566000,0
1506507611,22364428,45.50,5.00000000,0
1506507563,22364326,45.50,0.90000000,0
1506507553,22364285,45.49,0.12000000,0
1506507543,22364241,45.47,1.27300637,0
1506507543,22364238,45.47,0.12000000,0
1506507541,22364225,45.45,0.00000045,0
1506507519,22364168,45.45,2.30999955,0
1506507519,22364166,45.44,0.12000000,0
1506507519,22364165,45.40,0.00000045,0
1506507519,22364163,45.39,0.12000000,0
1506507511,22364142,45.37,0.07456054,0
1506507507,22364130,45.37,0.67104485,0
1506507471,22363956,45.37,3.35320417,0
1506507398,22363683,45.40,3.76988300,0
1506507368,22363610,45.40,1.81840079,0
1506507366,22363607,45.40,5.49273128,0
1506507363,22363598,45.40,1.68898448,0
1506507363,22363597,45.39,0.12000000,0
1506507362,22363595,45.35,0.12000000,0
1506507362,22363593,45.34,1.07101552,0
1506507359,22363583,45.34,0.76000000,0
1506507358,22363581,45.32,2.24000000,0
1506507332,22363485,45.29,0.12000000,0
1506507332,22363484,45.29,0.12000000,0
1506507330,22363474,45.26,0.73561519,0
1506507327,22363462,45.25,5.80000000,1
1506507326,22363457,45.26,0.97860853,0
1506507326,22363456,45.26,0.12000000,0
1506507326,22363455,45.25,6.61504591,0
1506507321,22363433,45.25,15.29897000,0
1506507321,22363431,45.24,6.89000000,0
1506507315,22363390,45.25,1.83422400,0
1506507314,22363387,45.25,2.48000000,0
1506507314,22363384,45.25,2.02000000,0
1506507313,22363376,45.25,11.10930800,0
1506507312,22363351,45.25,10.64245209,0
1506507312,22363347,45.23,2.36754791,0
1506507311,22363337,45.23,1.83422400,0
1506507311,22363332,45.23,2.48000000,0
1506507311,22363330,45.23,2.02000000,0
1506507311,22363329,45.23,1.09818865,0
1506507310,22363328,45.22,0.73282735,0
1506507309,22363318,45.22,7.45372065,0
1506507306,22363301,45.22,1.89345200,0
1506507306,22363299,45.22,0.12000000,0
1506507304,22363274,45.20,0.60000000,0
1506507304,22363271,45.20,4.96850206,0
1506507304,22363266,45.20,7.10667746,0
1506507302,22363235,45.20,20.00000000,0
1506507270,22363019,45.20,1.69515361,0
1506507270,22363011,45.20,1.69515361,0
1506507240,22362832,45.20,1.02146017,0
1506507238,22362826,45.20,7.82212390,0
1506507237,22362823,45.20,1.02123893,0
1506507234,22362810,45.20,4.66969026,0
1506507230,22362795,45.19,4.16000000,0
1506507227,22362789,45.19,10.60000000,0
1506507200,22362697,45.19,4.10586000,0
1506507199,22362687,45.19,1.23000000,0
1506507199,22362685,45.19,0.12000000,0
1506507190,22362644,45.12,0.00000012,0
1506507158,22362461,45.12,1.10959100,0
1506507157,22362460,45.09,0.12000000,0
1506507104,22362174,44.86,2.44034700,1
1506507104,22362169,44.86,4.28000000,1
1506507094,22362120,44.90,10.38568700,0
1506507093,22362119,44.94,21.38000000,1
1506507083,22362043,44.99,8.85788473,1
1506507072,22361970,45.05,0.50000000,0
1506507066,22361923,44.99,0.12000000,0
1506507029,22361723,45.04,39.94000000,0
1506507029,22361722,45.03,3.06000000,0
1506507026,22361710,45.03,15.29000000,0
1506507025,22361708,44.99,0.12000000,0
1506507020,22361686,45.04,6.88000000,0
1506507020,22361683,44.99,0.12000000,0
1506506972,22361608,44.85,1.10959112,1
1506506930,22361508,45.07,0.66385622,0
1506506920,22361464,45.00,3.63161801,0
1506506885,22361278,44.99,0.12000000,0
1506506697,22361069,44.88,18.30173381,0
1506506608,22360769,44.94,2.89652870,0
1506506600,22360758,44.94,4.74765400,0
1506506599,22360756,44.94,0.20000000,1
1506506552,22360612,45.07,1.83101552,0
1506506549,22360609,45.19,4.05642841,1
1506506548,22360608,45.17,2.50000000,0
1506506548,22360607,45.16,11.65000000,0
1506506548,22360606,45.15,0.12000000,0
1506506547,22360605,45.12,1.83981600,0
1506506547,22360603,45.10,2.33000000,0
1506506547,22360602,45.09,0.12000000,0
1506506546,22360601,45.09,10.00793982,1
1506506546,22360599,45.06,0.12000000,0
1506506545,22360598,45.05,1.84279125,0
1506506545,22360597,45.01,0.22938881,0
1506506545,22360596,45.01,0.80079072,0
1506506543,22360594,45.00,3.29878331,0
1506506528,22360588,45.00,0.66488889,0
1506506431,22360480,44.81,2.70000000,0
1506506405,22360420,45.00,0.50000000,0
1506506402,22360384,45.00,3.00000000,0
1506506369,22360334,45.00,2.15804730,0
1506506358,22360314,44.99,0.05917828,0
1506506358,22360313,44.99,0.12000000,0
1506506355,22360301,44.89,0.05415053,0
1506506250,22360119,44.89,0.47000000,0
1506506249,22360102,44.89,2.08000000,1
1506506181,22359876,44.89,0.12000000,0
1506505931,22359317,44.97,0.40118026,0
1506505921,22359304,44.97,0.86501153,0
1506505916,22359301,44.97,3.61062234,0
1506505914,22359296,44.97,2.04069380,0
1506505911,22359293,44.97,8.65011535,0
1506505905,22359286,44.98,9.00000000,0
1506505898,22359276,44.99,9.00000000,0
1506505891,22359268,44.99,8.88000000,0
1506505891,22359267,44.99,0.12000000,0
1506505883,22359259,44.97,0.41712535,0
1506505854,22359215,44.97,3.75412815,0
1506505829,22359161,44.96,0.90000000,0
1506505819,22359147,44.96,0.90000000,0
1506505804,22359119,44.97,0.88000000,0
1506505803,22359114,44.89,0.12000000,0
1506505649,22358929,44.97,0.87885000,0
1506505642,22358925,44.97,8.78850000,0
1506505638,22358924,44.97,0.24500000,0
1506505632,22358919,44.97,2.20500000,0
1506505627,22358912,44.97,9.00000000,0
1506505622,22358875,44.97,8.93700000,0
1506505616,22358840,44.97,1.80000000,0
1506505611,22358832,44.98,9.00000000,0
1506505607,22358827,44.98,9.00000000,0
1506505600,22358818,44.99,0.60000000,0
1506505593,22358810,45.00,5.40000000,0
1506505588,22358803,45.00,9.00000000,0
1506505581,22358789,45.00,0.48364446,0
1506505575,22358783,45.01,0.35418285,0
1506505573,22358777,45.00,0.14581715,0
1506505529,22358704,45.00,0.25000000,0
1506505493,22358538,45.00,0.61133333,0
1506505492,22358537,44.99,0.12000000,0
1506505412,22358451,44.99,0.38000000,0
1506505412,22358450,44.99,0.12000000,0
1506505389,22358429,44.98,1.90007000,1
1506505369,22358418,44.99,0.25000000,0
1506505350,22358400,45.00,0.50000000,0
1506505317,22358335,44.98,2.17166200,1
1506505308,22358308,45.00,0.38000000,0
1506505306,22358307,44.99,0.12000000,0
1506505301,22358304,44.98,1.00000000,1
1506505255,22358242,44.98,3.46629300,1
1506505212,22358163,44.98,1.34197500,1
1506505209,22358162,44.89,0.12000000,0
1506504717,22357662,45.01,0.30000000,0
1506504712,22357658,44.97,2.08405604,0
1506504690,22357626,44.99,0.31027014,0
1506504690,22357625,44.99,0.12000000,0
1506504688,22357623,44.89,0.06972986,0
1506504649,22357541,44.82,0.12000000,1
1506504649,22357538,44.89,0.05027014,0
1506504647,22357529,44.87,0.44972986,0
1506504635,22357516,44.86,3.87728589,0
1506504626,22357501,44.82,1.95000000,0
1506504623,22357459,44.82,14.00000000,0
1506504623,22357458,44.80,2.00000000,0
1506504605,22357429,44.81,56.14000000,0
1506504593,22357404,44.82,0.50000000,0
1506504583,22357391,44.82,56.14000000,0
1506504582,22357388,44.83,13.08000000,1
1506504571,22357375,44.81,1.93585100,1
1506504548,22357323,44.83,0.50000000,0
1506504513,22357260,44.72,1.00000000,1
1506504489,22357211,44.83,0.50000000,0
1506504368,22357092,44.82,8.22690200,0
1506504355,22357074,44.81,51.28000000,0
1506504339,22357046,44.82,1.00000000,0
1506504304,22356970,44.82,11.43000000,0
1506504291,22356951,44.79,0.12000000,0
1506504174,22356852,44.83,0.20000000,0
1506504083,22356788,44.73,4.52172800,1
1506504066,22356771,44.79,0.34818910,0
1506504052,22356761,44.83,3.12885521,0
1506504050,22356760,44.79,0.12000000,0
1506504044,22356758,44.78,3.13370182,0
1506502792,22356154,44.83,1.00111532,0
1506502770,22356130,44.84,0.38000000,0
1506502769,22356128,44.79,0.12000000,0
1506502273,22355932,44.84,0.38000000,0
1506502271,22355930,44.79,0.12000000,0
1506501542,22355418,44.66,6.45395197,1
1506501540,22355417,44.74,0.22938881,1
1506501416,22355371,44.74,1.45497357,1
1506501414,22355370,44.75,0.00771300,1
1506501387,22355364,44.84,0.50000000,0
1506501346,22355350,44.84,0.50000000,0
1506501306,22355256,44.84,0.50000000,0
1506501265,22355233,44.84,0.50000000,0
1506501225,22355218,44.84,0.50000000,0
1506501180,22355206,44.81,0.38000000,0
1506501178,22355205,44.79,0.12000000,0
1506500994,22355102,44.75,3.88223442,1
1506500918,22355063,44.85,0.88023000,0
1506500917,22355062,44.79,0.12000000,0
1506500906,22355057,44.75,16.11005258,1
1506500906,22355056,44.75,25.10363435,1
1506500906,22355055,44.76,3.89000000,1
1506500698,22354873,44.86,3.88000000,1
1506500693,22354870,44.87,0.44972986,0
1506500689,22354866,44.87,3.87995520,1
1506500687,22354865,44.79,0.12000000,0
1506500595,22354803,44.86,0.71161390,0
1506500574,22354799,44.86,7.11854658,0
1506500558,22354791,44.86,1.68004173,0
1506500558,22354789,44.86,0.12000000,0
1506500556,22354783,44.86,1.88000000,1
1506500555,22354782,44.79,0.12000000,0
1506500256,22354490,44.86,4.32746321,0
1506500254,22354486,44.79,0.12000000,0
1506500065,22354316,44.75,19.16648734,1
1506500065,22354315,44.76,23.20000000,1
1506500064,22354314,44.76,11.14974091,1
1506500006,22354268,44.76,3.14952818,1
1506499991,22354257,45.04,2.14498223,0
1506499990,22354254,45.02,0.00000006,0
1506499990,22354253,45.02,1.84395100,0
1506499990,22354252,45.01,0.16000000,0
1506499990,22354251,45.01,2.42520998,1
1506499990,22354250,45.00,0.52000000,0
1506499990,22354249,45.00,1.00000000,0
1506499990,22354248,45.00,1.00000000,0
1506499989,22354247,44.99,2.88000000,1
1506499989,22354246,44.99,0.12000000,0
1506499989,22354245,44.99,0.12000000,0
1506499989,22354244,44.98,108.00000000,0
1506499988,22354243,44.91,102.00000000,0
1506499988,22354242,44.91,14.39000000,1
1506499988,22354241,44.90,7.31046771,0
1506499988,22354240,44.89,0.12000000,0
1506499986,22354239,44.79,0.12000000,0
1506499853,22354210,44.75,1.59792000,1
1506499849,22354206,44.75,4.33121833,1
1506499672,22354123,44.75,6.06657200,1
1506499590,22354104,44.75,3.96731639,1
1506499537,22354086,44.75,14.19300000,1
1506499535,22354084,44.75,10.00000000,1
1506499521,22354079,44.75,3.63820500,1
1506499516,22354073,44.75,27.95380800,1
1506499513,22354069,44.75,33.98183859,1
1506499513,22354068,44.76,0.00006063,1
1506499513,22354066,44.76,17.14298459,1
1506499512,22354061,44.80,0.43476675,1
1506499239,22353987,44.80,2.26433325,0
1506499238,22353986,44.80,0.73466675,1
1506498893,22353821,44.90,2.68953229,0
1506498893,22353820,44.89,0.12000000,0
1506498891,22353819,44.84,3.63792200,0
1506498867,22353813,44.84,0.21000000,0
1506498855,22353787,44.85,2.14254180,0
1506498837,22353775,44.88,3.27241710,0
1506498744,22353673,44.88,0.16400000,1
1506498634,22353603,44.80,0.12000000,1
1506498486,22353543,44.74,0.16000000,1
1506498304,22353453,44.89,0.43500000,1
1506498255,22353417,44.94,0.66300000,0
1506498155,22353377,44.98,9.18371356,0
1506498155,22353376,44.98,1.84559744,0
1506498155,22353375,44.96,0.12000000,0
1506498155,22353374,44.94,8.85068900,0
1506498132,22353363,44.89,0.12000000,0
1506498082,22353342,44.84,9.79995518,1
1506497541,22352887,44.93,0.19183761,1
1506497518,22352832,44.74,20.84000000,1
1506497456,22352745,44.93,1.71422372,1
1506497455,22352743,44.93,0.12000000,0
1506497450,22352734,44.89,0.12000000,0
1506497450,22352733,44.89,0.12000000,0
1506497450,22352730,44.85,1.58923955,0
1506497449,22352722,44.85,0.14171178,0
1506497449,22352719,44.85,0.12000000,0
1506497449,22352718,44.82,1.73117000,0
1506497448,22352716,44.82,0.06868969,0
1506497448,22352714,44.82,0.05240153,0
1506497448,22352712,44.79,0.12000000,0
1506497448,22352709,44.69,0.12000000,0
1506497288,22352596,44.61,6.64876600,1
1506497159,22352559,44.59,2.52846328,1
1506496575,22352242,44.74,3.00000000,1
1506496545,22352225,44.69,0.12000000,0
1506496283,22352075,44.72,0.20615751,0
1506496109,22351950,44.73,17.64000000,0
1506495985,22351878,44.69,0.12000000,0
1506495306,22351449,44.74,9.81001300,1
1506495211,22351342,44.79,2.10705961,1
1506495211,22351341,44.79,0.12000000,0
1506494947,22351255,44.77,48.05291725,0
1506494929,22351243,44.71,11.15707500,1
1506494907,22351237,44.70,5.46331100,1
1506494612,22351083,44.65,7.72250818,0
1506494263,22350925,44.69,18.85992370,1
1506494097,22350835,44.71,2.35560400,1
1506494096,22350833,44.71,1.81520700,1
1506494093,22350829,44.71,1.81520700,1
1506494085,22350826,44.70,16.00157400,1
1506494085,22350825,44.70,5.32842600,1
1506494085,22350824,44.70,19.76500700,1
1506494081,22350823,44.71,11.10079100,1
1506494062,22350815,44.70,10.23499300,1
1506493792,22350721,44.75,10.90909127,0
1506493792,22350720,44.74,11.38364616,0
1506493780,22350712,44.57,1.73117000,1
1506493659,22350632,44.75,23.54174557,0
1506493659,22350631,44.72,8.08000000,0
1506493659,22350630,44.70,2.40593300,0
1506493359,22350536,44.80,1.84279125,0
1506493349,22350521,44.82,2.60455925,1
1506493348,22350520,44.81,0.45996830,0
1506493348,22350519,44.81,1.04547245,0
1506493348,22350518,44.77,40.89000000,1
1506493347,22350517,44.76,18.64400000,1
1506493347,22350516,44.76,17.24900000,0
1506493251,22350489,44.57,0.06868969,1
1506493251,22350486,44.59,1.73095133,1
1506493203,22350453,44.77,0.90000000,1
1506493203,22350452,44.78,1.83229120,0
1506493147,22350426,44.81,0.34686008,0
1506493147,22350425,44.81,0.12000000,0
1506493033,22350350,44.79,0.12000000,0
1506493013,22350339,44.76,0.58342000,0
1506492998,22350327,44.74,1.03733700,1
1506492996,22350321,44.76,15.62740800,0
1506492978,22350311,44.78,12.58000000,0
1506492978,22350310,44.77,0.12000000,0
1506492883,22350281,44.76,18.15000000,0
1506492883,22350280,44.75,0.12000000,0
1506492883,22350279,44.74,0.12000000,0
1506492882,22350278,44.72,0.12000000,0
1506492808,22350195,44.69,0.12000000,0
1506492808,22350194,44.69,3.65000000,0
1506492754,22350161,44.69,0.85000000,0
1506492754,22350160,44.68,18.15000000,0
1506492649,22350094,44.68,1.42856759,0
1506492648,22350093,44.64,0.12000000,0
1506492599,22350035,44.59,0.12000000,0
1506492591,22350027,44.57,1.35000000,0
1506492584,22350022,44.57,0.35000000,0
1506492584,22350021,44.57,0.12000000,0
1506492584,22350020,44.57,0.12000000,0
1506492584,22350019,44.52,0.12000000,0
1506492584,22350018,44.50,0.52000000,0
1506492584,22350017,44.49,0.12000000,0
1506492253,22349861,44.45,0.12000000,0
1506491124,22349379,44.44,2.15096101,0
1506491123,22349378,44.44,0.20755486,0
1506489646,22348856,44.43,1.23079000,0
1506489641,22348855,44.43,0.38420700,0
1506489636,22348849,44.43,0.46862051,0
1506489631,22348845,44.43,0.57097149,0
1506489626,22348841,44.44,0.61282222,0
1506489620,22348837,44.43,0.73153924,0
1506489614,22348832,44.43,0.87239908,0
1506489597,22348824,44.44,1.33058383,0
1506489597,22348823,44.44,0.00000325,0
1506489592,22348816,44.43,1.51371884,0
1506489582,22348807,44.44,2.15246675,1
1506489574,22348803,44.42,1.49400000,0
1506489569,22348797,44.43,0.32433889,0
1506489563,22348796,44.43,2.91905000,0
1506489562,22348791,44.43,0.74814314,0
1506489562,22348790,44.39,0.12000000,0
1506489561,22348789,44.36,0.01524797,0
1506489561,22348788,44.31,0.12000000,0
1506489559,22348786,44.28,0.12000000,0
1506489348,22348641,44.25,0.12000000,0
1506489145,22348529,44.22,2.73563976,1
1506489136,22348523,44.22,2.70465830,1
1506489048,22348478,44.22,0.12000000,1
1506488593,22348265,44.22,6.57532400,1
1506488587,22348260,44.30,17.45356395,0
1506488587,22348259,44.30,0.00000005,1
1506488547,22348253,44.30,9.36679400,1
1506488434,22348234,44.30,6.53277000,1
1506488427,22348224,44.30,2.73205396,1
1506487274,22347864,44.36,0.10475203,0
1506487274,22347863,44.36,0.12000000,0
1506487230,22347844,44.34,0.32326098,0
1506487211,22347831,44.31,0.12000000,1
1506487199,22347820,44.34,0.20000000,0
1506487198,22347819,44.31,0.12000000,0
1506487167,22347796,44.28,0.12000000,0
1506485177,22346780,44.27,6.80000000,0
1506484970,22346626,44.29,1.36000000,0
1506484092,22345894,44.29,0.33044028,0
1506484092,22345893,44.29,0.12000000,0
1506483514,22345661,44.30,1.12595937,0
1506483433,22345629,44.29,14.23500000,0
1506483333,22345539,44.30,2.67471783,0
1506483323,22345536,44.29,12.07044479,0
1506483323,22345534,44.29,1.49221043,0
1506483322,22345533,44.29,2.85293294,0
1506483322,22345531,44.29,6.72000000,0
1506483322,22345530,44.29,0.12000000,0
1506483220,22345399,44.29,9.69157823,0
1506483193,22345388,44.30,53.98750400,0
1506483193,22345387,44.29,6.01249600,0
1506483191,22345385,44.29,0.75062000,0
1506483188,22345382,44.29,10.45688400,0
1506482967,22345273,44.30,6.96252821,0
1506482966,22345272,44.29,9.61464439,0
1506482963,22345264,44.29,4.32535561,0
1506482949,22345233,44.29,16.56993897,0
1506482927,22345205,44.29,1.86236983,0
1506482922,22345194,44.29,1.74233253,0
1506482922,22345193,44.29,0.12000000,0
1506482920,22345191,44.28,10.39089253,0
1506482919,22345190,44.27,0.12000000,0
1506482919,22345189,44.19,0.12000000,0
1506482919,22345188,44.18,0.26910747,0
1506482913,22345175,44.18,1.24000000,0
1506482913,22345174,44.17,0.12000000,0
1506482893,22345135,44.09,0.12000000,0
1506482893,22345134,44.09,0.12000000,0
1506482400,22344684,43.99,0.12000000,0
1506482400,22344683,43.99,0.12000000,0
1506481903,22344450,43.94,1.50910747,1
1506481390,22344210,43.99,0.12000000,0
1506481307,22344152,43.99,0.12000000,0
1506475506,22342466,44.27,11.00000000,0
1506475498,22342463,44.25,18.31320799,0
1506473915,22341447,44.24,4.00000000,0
1506473369,22341325,44.14,0.35805000,0
1506473002,22341238,44.13,0.70579000,1
1506472696,22341162,44.13,28.87514162,0
1506472228,22340995,44.04,8.49316800,1
1506471441,22340162,44.16,0.52743716,0
