date,tid,price,amount,type
1506556598,22426684,56.97,1.00000000,0
1506556582,22426681,56.89,1.00000000,0
1506556562,22426674,56.90,20.02341200,0
1506556562,22426673,56.89,14.13000000,0
1506556561,22426672,56.89,5.58403900,0
1506556397,22426576,57.03,1.00000000,0
1506556180,22426533,57.15,1.00000000,0
1506556160,22426520,57.08,1.00000000,0
1506556100,22426503,57.12,2.00000000,0
1506556091,22426500,57.12,0.44532647,0
1506556091,22426499,57.12,1.00000000,0
1506556083,22426496,56.99,1.44769580,0
1506556081,22426474,56.90,7.65010000,0
1506556079,22426465,56.90,40.09467100,0
1506556070,22426461,56.90,40.00000000,0
1506555842,22426342,56.80,11.11242958,1
1506555842,22426341,56.80,15.23000000,0
1506555757,22426288,56.81,20.91687409,0
1506555757,22426287,56.80,60.36110591,0
1506555731,22426268,56.85,32.59142529,1
1506555501,22426200,56.69,60.09827492,0
1506555501,22426199,56.79,50.41600000,1
1506555499,22426198,56.90,14.13000000,1
1506555402,22426161,56.80,3.86477937,1
1506555386,22426158,56.89,14.13000000,1
1506555332,22426103,56.86,6.33508803,1
1506555285,22426067,57.05,17.02980000,0
1506555235,22426030,57.14,36.60619985,0
1506555177,22425989,56.91,7.94517421,0
1506555154,22425981,57.02,0.99000000,0
1506555132,22425970,57.01,8.67000000,1
1506555129,22425963,57.02,19.99100000,1
1506555121,22425961,57.02,5.51222600,0
1506555121,22425960,57.02,17.48250700,0
1506555120,22425959,57.02,3.63729800,0
1506555120,22425958,57.02,1.15797200,0
1506555120,22425957,57.02,2.71791900,0
1506555120,22425956,57.02,1.44765843,0
1506555102,22425947,57.28,0.53578078,1
1506555099,22425945,57.30,1.00000000,1
1506555096,22425944,57.30,5.19415486,1
1506555089,22425938,57.30,3.00000000,1
1506555087,22425935,57.30,31.80584514,1
1506555077,22425932,57.30,8.19415486,1
1506555076,22425929,57.30,61.50839500,1
1506555051,22425914,57.32,1.44028346,0
1506555046,22425907,57.31,45.95365663,1
1506555046,22425906,57.31,13.91377937,1
1506555043,22425904,57.31,0.92113774,0
1506555043,22425903,57.31,0.52717355,0
1506555043,22425902,57.31,1.44831327,0
1506555021,22425884,57.30,114.39523808,0
1506554997,22425875,57.30,1.44078617,0
1506554993,22425871,57.30,4.16397575,0
1506554993,22425870,57.30,33.65607738,0
1506554993,22425869,57.30,49.26581074,0
1506554991,22425868,57.28,0.54365218,0
1506554989,22425867,57.27,0.52185000,0
1506554986,22425865,57.26,0.46066837,0
1506554986,22425864,57.26,0.52802400,0
1506554986,22425863,57.26,0.46100000,0
1506554871,22425796,57.25,0.13484800,0
1506554871,22425795,57.25,10.51653538,0
1506554847,22425757,57.25,5.03434100,0
1506554843,22425746,57.25,5.42329000,0
1506554820,22425686,57.17,29.03590000,1
1506554804,22425661,57.25,7.82183406,0
1506554803,22425656,57.25,28.95947598,0
1506554781,22425598,57.25,31.74899563,0
1506554761,22425557,57.25,1.44152510,0
1506554754,22425550,57.25,9.05400285,0
1506554753,22425549,57.24,1.45009211,0
1506554753,22425548,57.24,0.73620043,0
1506554753,22425547,57.24,0.71403035,0
1506554753,22425545,57.22,1.31380367,0
1506554752,22425544,57.22,0.13680800,0
1506554752,22425543,57.21,1.45091472,0
1506554750,22425541,57.20,2.17054787,0
1506554743,22425533,57.20,17.20900100,0
1506554736,22425526,57.20,0.62045113,0
1506554736,22425525,57.20,0.51000000,0
1506554736,22425524,57.20,0.31265173,0
1506554726,22425517,57.20,0.70332769,0
1506554726,22425516,57.20,1.45123590,0
1506554726,22425514,57.20,23.72025341,0
1506554689,22425439,57.20,5.16171328,0
1506554687,22425437,57.10,3.56485514,0
1506554684,22425431,57.11,1.43514486,1
1506554646,22425411,57.20,1.32475812,0
1506554618,22425401,57.20,36.72308496,0
1506554591,22425391,57.20,1.44321839,0
1506554583,22425387,57.20,31.62697184,0
1506554583,22425386,57.19,42.49000000,0
1506554583,22425385,57.18,1.45134810,0
1506554583,22425384,57.18,15.00000000,0
1506554583,22425383,57.18,1.44379118,0
1506554583,22425382,57.18,0.00421844,0
1506554583,22425381,57.17,0.20190636,0
1506554582,22425380,57.14,1.45267281,0
1506554582,22425379,57.13,0.00595109,0
1506554560,22425363,57.12,71.88732841,0
1506554560,22425362,57.12,0.00782867,0
1506554539,22425345,57.08,1.44595329,0
1506554539,22425344,57.08,0.00726030,0
1506554539,22425343,57.08,1.44595300,0
1506554502,22425311,57.00,0.00000555,0
1506554493,22425304,57.00,9.62662108,0
1506554457,22425277,57.00,8.96002100,0
1506554443,22425267,57.00,5.46370195,0
1506554443,22425266,57.00,2.53629805,0
1506554367,22425194,57.00,9.98587736,0
1506554331,22425168,57.00,1.44776063,0
1506554325,22425163,56.97,0.00890201,0
1506554206,22425108,56.94,11.52980000,1
1506554167,22425093,56.93,2.10045399,1
1506554166,22425092,56.93,0.00791022,0
1506553840,22424919,56.70,86.61921945,1
1506553840,22424918,56.71,64.38078055,1
1506553777,22424894,56.69,145.99000000,1
1506553777,22424893,56.80,54.01000000,1
1506553740,22424848,56.91,57.42367451,1
1506553739,22424847,56.91,1.00000000,0
1506553739,22424846,56.83,0.00610688,0
1506553675,22424790,56.81,0.43815745,0
1506553675,22424789,56.81,1.02300000,0
1506553675,22424788,56.79,12.38000000,0
1506553675,22424787,56.77,35.26000000,0
1506553652,22424774,56.80,0.45338190,1
1506553640,22424767,56.80,1.00000000,0
1506553637,22424766,56.69,1.46170410,0
1506553615,22424755,56.62,0.00800415,0
1506553150,22424402,56.38,8.47030560,1
1506553095,22424375,56.41,31.18000000,1
1506553094,22424374,56.41,20.82000000,1
1506553054,22424362,56.42,6.00000000,1
1506552856,22424250,56.50,0.43815745,1
1506552855,22424248,56.58,1.45710604,0
1506552853,22424245,56.36,1.50000000,0
1506552784,22424204,56.19,1.02300000,0
1506552783,22424201,56.19,16.53700000,1
1506552578,22424098,56.39,5.50000000,0
1506552529,22424078,56.29,0.02010443,0
1506552425,22424012,56.29,73.02108240,0
1506552425,22424011,56.29,1.46600648,1
1506552406,22424004,56.29,4.53829590,0
1506552404,22424003,56.38,1.46170410,1
1506552284,22423916,56.48,0.00000043,0
1506552238,22423863,56.48,1.98991300,0
1506552036,22423731,56.45,0.96670000,0
1506551997,22423715,56.77,32.18859025,1
1506551997,22423714,56.77,42.78543100,1
1506551995,22423711,56.77,37.15799400,0
1506551949,22423661,56.80,33.42107003,1
1506551949,22423660,56.80,50.00000000,1
1506551949,22423659,56.80,50.00000000,1
1506551949,22423658,56.80,50.00000000,1
1506551948,22423657,56.80,50.00000000,1
1506551948,22423656,56.80,50.00000000,1
1506551947,22423651,56.80,1.00000000,1
1506551946,22423649,56.80,2.94241300,1
1506551946,22423648,56.80,8.80281700,1
1506551944,22423646,56.81,1.45315514,0
1506551942,22423643,56.80,14.76000000,1
1506551942,22423642,56.80,100.00000000,0
1506551942,22423641,56.79,35.30000000,0
1506551942,22423640,56.78,1.46185936,0
1506551942,22423639,56.71,14.13000000,0
1506551942,22423638,56.70,8.18184061,0
1506551863,22423569,56.61,14.13000000,1
1506551862,22423567,56.60,14.13000000,1
1506551861,22423566,56.55,14.13000000,0
1506551358,22423275,56.42,2.00000000,0
1506551294,22423236,56.22,21.16834134,1
1506551294,22423235,56.23,14.13000000,1
1506551288,22423230,56.24,4.70165866,1
1506551212,22423157,56.40,32.98102837,0
1506551207,22423155,56.40,7.93010000,0
1506551188,22423143,56.18,1.00000000,0
1506551180,22423120,56.45,1.46185936,1
1506551169,22423098,56.47,1.45877969,1
1506551161,22423088,56.54,5.04078277,1
1506551156,22423079,56.54,17.71131723,1
1506551156,22423078,56.54,1.00000000,1
1506551151,22423070,56.47,2.09790000,0
1506551150,22423069,56.47,7.90210000,1
1506551150,22423068,56.47,7.09790000,1
1506551144,22423060,56.52,28.57000000,1
1506551129,22423050,56.77,2.19046458,0
1506551116,22423043,56.77,15.28677118,0
1506551068,22423003,56.76,0.50000000,0
1506551065,22422998,56.55,14.13000000,1
1506551054,22422993,56.77,1.75000000,0
1506551027,22422966,56.52,3.48018195,0
1506551015,22422956,56.64,7.00000000,0
1506551008,22422948,56.64,35.38981805,0
1506551006,22422945,56.68,14.13000000,1
1506550957,22422913,56.76,1.44595329,1
1506550957,22422912,56.77,0.00726030,1
1506550955,22422906,56.77,1.44595300,1
1506550953,22422904,56.81,1.45102457,1
1506550953,22422903,56.82,5.24082497,1
1506550953,22422902,56.84,1.45134810,1
1506550854,22422825,57.12,1.44506617,0
1506550853,22422812,56.85,57.96861028,0
1506550847,22422809,57.12,1.00480588,1
1506550846,22422808,57.12,0.44000000,1
1506550836,22422797,56.90,1.45091472,0
1506550834,22422795,57.00,0.58047500,1
1506550733,22422626,57.17,0.50000000,0
1506550720,22422620,57.17,0.75000000,0
1506550639,22422575,57.16,0.52390800,0
1506550604,22422549,57.15,1.86959849,0
1506550604,22422547,57.15,1.97581400,0
1506550603,22422545,57.15,15.65104121,0
1506550603,22422544,57.12,0.79696879,0
1506550603,22422543,57.12,10.31110700,0
1506550583,22422490,57.12,28.67552000,0
1506550475,22422340,57.12,5.96156100,0
1506550465,22422321,57.12,7.70666900,0
1506550406,22422173,57.12,6.76674128,0
1506550405,22422170,57.12,10.00000000,0
1506550404,22422167,57.12,0.13520000,0
1506550404,22422166,57.06,0.50000000,0
1506550403,22422165,57.12,2.28684852,0
1506550401,22422160,57.12,6.74363948,0
1506550399,22422156,57.12,0.63570000,0
1506550398,22422155,57.12,32.93187072,0
1506550398,22422154,57.12,1.00640000,0
1506550389,22422151,57.12,0.63610000,0
1506550389,22422150,57.12,2.50000000,0
1506550383,22422145,57.12,0.63590000,0
1506550379,22422144,57.12,14.93931723,0
1506550327,22422117,57.12,60.00000000,0
1506550273,22422070,57.12,0.00000014,1
1506550270,22422067,57.12,0.29532633,1
1506550257,22422054,57.12,1.15000000,0
1506550241,22422039,56.82,18.50078576,0
1506550168,22421986,56.82,3.76637370,0
1506550165,22421984,56.82,17.73284054,0
1506550155,22421969,56.94,0.00000007,1
1506550148,22421959,56.94,20.25244900,1
1506550125,22421929,57.00,5.00000000,1
1506550036,22421769,57.15,52.36762905,0
1506550006,22421719,57.14,1.44476275,0
1506549996,22421711,57.15,28.13591725,0
1506549996,22421710,57.12,1.45320739,0
1506549996,22421709,57.12,1.00000000,0
1506549996,22421708,57.12,9.41087536,0
1506549978,22421694,57.01,1.88879082,1
1506549946,22421681,57.12,18.59000000,0
1506549946,22421680,57.11,36.41000000,0
1506549926,22421660,57.11,1.44314971,0
1506549922,22421655,57.12,1.99912464,0
1506549922,22421654,57.12,7.00000000,0
1506549922,22421653,57.12,3.00000000,0
1506549921,22421652,57.11,13.86682686,0
1506549921,22421651,57.10,1.14925524,0
1506549921,22421650,57.10,0.30440000,0
1506549920,22421648,57.08,0.00061502,0
1506549920,22421647,57.08,0.00760498,0
1506549920,22421646,57.08,0.29679502,0
1506549920,22421645,57.08,1.15740737,0
1506549920,22421644,57.08,15.00000000,0
1506549917,22421636,57.08,12.34618079,1
1506549917,22421634,57.07,2.45926056,0
1506549917,22421633,57.07,0.13582800,0
1506549916,22421632,57.05,0.52596600,0
1506549916,22421630,57.05,2.01000000,0
1506549916,22421628,57.02,0.00000041,0
1506549689,22421306,57.02,1.45587200,0
1506549683,22421289,56.96,17.56267323,1
1506549682,22421288,56.95,39.55000000,0
1506549647,22421227,56.95,0.15000000,0
1506549646,22421223,56.95,0.15000000,0
1506549646,22421218,56.95,0.15000000,0
1506549636,22421208,56.94,28.75044526,1
1506549636,22421205,57.00,0.92113774,1
1506549606,22421174,57.00,0.52717355,0
1506549597,22421151,57.00,0.47282645,0
1506549597,22421150,57.00,10.00000000,0
1506549597,22421149,56.97,0.45711357,0
1506549597,22421148,56.97,1.00000000,0
1506549595,22421144,56.96,0.00900443,0
1506549511,22421087,56.94,0.45777404,0
1506549511,22421086,56.94,0.53933163,0
1506549371,22420805,56.88,15.94936733,1
1506549371,22420804,56.88,1.31380367,1
1506549360,22420784,56.94,0.52802400,0
1506549360,22420783,56.94,0.46100000,0
1506549359,22420781,56.92,4.38145646,1
1506549358,22420779,56.92,3.00000000,0
1506549351,22420769,56.90,0.92434164,0
1506549350,22420768,56.90,0.53449200,0
1506549349,22420764,56.89,43.97566381,0
1506549346,22420761,56.89,15.00000000,0
1506549346,22420760,56.89,0.42923434,0
1506549336,22420745,56.88,0.13680800,0
1506549331,22420737,56.86,1.45981246,0
1506549331,22420735,56.86,0.00800333,0
1506549321,22420717,56.83,1.46051419,0
1506549321,22420716,56.82,0.53018000,0
1506549317,22420705,56.80,1.88999950,0
1506549310,22420698,56.80,84.72145800,0
1506549309,22420694,56.80,2.26151300,0
1506549308,22420691,56.80,1.89000000,0
1506549305,22420686,56.80,1.45320739,0
1506549302,22420684,56.80,14.63028169,0
1506549302,22420683,56.79,1.46174930,0
1506549300,22420682,56.77,1.46216337,0
1506549300,22420681,56.77,0.00847887,0
1506549284,22420651,56.73,1.46313724,0
1506549284,22420650,56.73,1.46024634,0
1506549284,22420649,56.72,3.00000000,0
1506549283,22420648,56.71,0.53233600,0
1506549257,22420603,56.70,125.66928688,0
1506549195,22420577,56.59,26.31839891,0
1506548919,22420350,56.70,2.46332712,0
1506548796,22420202,56.48,18.15230000,1
1506548644,22420109,56.69,1.00000000,0
1506548643,22420108,56.66,1.00000000,0
1506548392,22419833,56.53,0.15000000,0
1506548391,22419820,56.54,0.15000000,1
1506548391,22419818,56.55,0.15000000,1
1506548391,22419816,56.56,0.15000000,1
1506548287,22419601,56.64,2.22641154,1
1506548242,22419584,56.69,4.92679485,0
1506548170,22419489,56.65,1.45731770,0
1506548160,22419476,56.70,45.78800705,1
1506548159,22419475,56.69,12.39000000,0
1506548159,22419474,56.69,0.00026268,0
1506548159,22419473,56.69,1.46394317,0
1506548159,22419471,56.69,0.00000018,0
1506548159,22419470,56.69,0.13778800,0
1506548157,22419469,56.59,28.28452830,0
1506548101,22419440,56.49,2.82450000,1
1506547917,22419354,56.58,8.00000000,0
1506547822,22419302,56.62,1.45587241,1
1506547815,22419297,56.62,5.47064513,1
1506547815,22419296,56.51,1.46836604,0
1506547813,22419291,56.50,1.06098883,0
1506547766,22419241,56.50,2.00000000,0
1506547724,22419171,56.50,1.45981246,0
1506547722,22419170,56.50,2.53101339,0
1506547721,22419167,56.43,1.46898661,0
1506547445,22419033,56.34,11.00000000,1
1506547445,22419032,56.36,4.00000000,1
1506547169,22418850,56.22,159.36573200,0
1506547169,22418849,56.22,18.21426800,0
1506547167,22418848,56.23,22.42000000,1
1506547018,22418716,56.34,75.32025360,1
1506547018,22418715,56.35,42.67974640,1
1506546860,22418576,56.16,42.24792577,1
1506546497,22418264,56.08,9.19617600,1
1506546495,22418254,56.01,5.58898600,1
1506546495,22418251,56.04,1.00000000,1
1506546494,22418242,56.05,16.02000000,1
1506546494,22418240,56.05,10.01756600,1
1506546493,22418222,56.12,1.46898661,1
1506546387,22418105,56.13,1.84770000,0
1506546356,22418088,56.13,20.00000000,0
1506546277,22417971,56.16,20.00000000,1
1506546233,22417917,56.33,0.00000018,1
1506546233,22417916,56.33,6.38409700,1
1506546231,22417913,56.33,3.00104439,1
1506546208,22417897,56.15,0.10989000,1
1506546047,22417817,56.16,1.00000000,1
1506545964,22417763,56.30,0.88220551,0
1506545900,22417718,56.36,0.25656494,0
1506545883,22417696,56.47,9.43757747,1
1506545882,22417695,56.47,1.00000000,0
1506545882,22417690,56.44,1.00000000,0
1506545882,22417688,56.44,13.00935200,1
1506545882,22417687,56.44,1.00037268,1
1506545881,22417684,56.43,26.55324000,1
1506545880,22417682,56.43,26.55320400,0
1506545880,22417681,56.43,0.99000000,0
1506545813,22417626,56.19,1.00197000,1
1506545615,22417439,56.40,1.00000000,1
1506545461,22417285,56.35,1.51717581,0
1506545431,22417240,56.35,4.38255800,0
1506545265,22417065,56.50,1.46051419,0
1506545260,22417056,56.50,10.97946902,0
1506545260,22417055,56.46,1.47029177,0
1506545259,22417054,56.36,14.07115594,0
1506545235,22417034,56.26,4.45801445,1
1506545216,22416982,56.18,1.52851183,1
1506545209,22416975,56.31,2.73036200,0
1506545197,22416960,56.26,0.29970000,0
1506545106,22416898,56.36,1.39665000,0
1506545080,22416884,56.36,9.03555180,0
1506545078,22416878,56.36,8.77856636,0
1506545019,22416813,56.36,5.48478000,0
1506545019,22416812,56.35,0.14740000,0
1506544975,22416775,56.36,2.73030518,0
1506544957,22416760,56.36,39.99964646,0
1506544927,22416749,56.35,2.73000000,0
1506544919,22416743,56.36,3.82171426,0
1506544918,22416742,56.36,4.45546859,0
1506544916,22416740,56.36,9.87323000,0
1506544913,22416733,56.36,14.44770000,0
1506544911,22416723,56.36,14.44770000,0
1506544908,22416672,56.36,1.68518169,0
1506544908,22416669,56.36,4.46925081,0
1506544907,22416664,56.36,1.77076649,0
1506544907,22416659,56.36,5.32292406,0
1506544900,22416613,56.35,6.49157054,0
1506544859,22416591,56.35,8.71180023,1
1506544857,22416586,56.35,3.11180023,1
1506544856,22416585,56.36,36.46996346,0
1506544855,22416581,56.35,2.48819977,0
1506544854,22416579,56.35,3.11180023,1
1506544853,22416577,56.35,5.60000000,0
1506544837,22416558,56.36,5.48651526,0
1506544808,22416528,56.36,3.52986005,0
1506544798,22416512,56.35,11.56205661,0
1506544786,22416503,56.36,21.12792405,1
1506544778,22416498,56.36,32.21207595,1
1506544778,22416497,56.35,6.66000000,0
1506544721,22416430,56.28,1.94000000,0
1506544721,22416428,56.26,1.43120400,0
1506544709,22416368,56.35,8.27879600,1
1506544708,22416357,56.30,1.94000000,0
1506544708,22416356,56.28,9.71000000,0
1506544694,22416256,56.16,3.05468900,1
1506544694,22416254,56.16,1.94531100,1
1506544688,22416210,56.26,39.99982295,0
1506544393,22415965,56.43,1.46216337,0
1506544381,22415948,56.34,1.00905218,1
1506544300,22415910,56.00,1.51056406,0
1506544300,22415909,55.99,14.41020056,0
1506544289,22415902,55.78,0.10852820,1
1506544264,22415884,55.99,1.17723000,0
1506544257,22415878,55.99,7.11552343,0
1506544164,22415736,55.99,3.20000000,0
1506544162,22415730,55.99,0.10000000,0
1506544158,22415721,55.99,3.33935000,0
1506544085,22415658,55.99,4.28883600,0
1506543900,22415502,56.00,1.61472114,0
1506543898,22415500,56.00,0.55609070,1
1506543774,22415403,56.00,0.00000039,0
1506543768,22415395,56.00,0.55648000,0
1506543618,22415318,56.23,1.77588350,0
1506543088,22414759,55.93,10.00000000,1
1506542939,22414520,56.06,6.93460000,1
1506542936,22414516,56.06,2.00246212,1
1506542847,22414422,56.06,33.93873756,1
1506542847,22414421,56.06,50.00000000,1
1506542847,22414420,56.07,50.00000000,1
1506542847,22414418,56.07,1.94820295,1
1506542841,22414411,56.07,14.13739892,1
1506542837,22414397,56.07,33.91439813,1
1506542837,22414395,56.07,10.57338684,1
1506542837,22414394,56.08,31.40501149,1
1506542823,22414373,56.15,2.78219055,1
1506542822,22414372,56.15,2.00000000,1
1506542822,22414371,56.17,1.46836604,1
1506542822,22414370,56.18,47.93000000,1
1506542806,22414356,56.27,0.50000000,0
1506542756,22414240,56.45,1.46174930,0
1506542746,22414216,56.19,17.84873000,1
1506542739,22414212,56.15,8.88114935,0
1506542736,22414206,56.15,10.00000000,0
1506542727,22414198,56.15,0.50000000,0
1506542722,22414177,56.10,15.00000000,1
1506542718,22414167,56.15,5.49040000,0
1506542717,22414163,56.15,16.14360000,0
1506542716,22414161,56.15,1.28121175,0
1506542714,22414158,56.15,0.20000000,0
1506542704,22414151,56.08,14.73404091,0
1506542688,22414133,56.15,22.28799125,0
1506542686,22414131,56.15,12.71200875,0
1506542686,22414130,56.10,5.00000000,0
1506542676,22414124,56.15,3.15077290,0
1506542673,22414119,56.15,0.20000000,0
1506542670,22414110,56.15,3.15077290,0
1506542666,22414104,56.15,1.73766696,0
1506542665,22414098,56.15,1.48489414,0
1506542665,22414097,56.15,1.36370106,0
1506542665,22414096,56.15,1.41583094,0
1506542660,22414083,56.07,39.42661316,1
1506542660,22414082,56.07,50.00000000,1
1506542660,22414081,56.08,20.80327801,1
1506542660,22414080,56.08,43.31387400,0
1506542659,22414078,56.14,1.47029177,0
1506542659,22414076,56.14,1.48594306,0
1506542658,22414071,56.10,10.00000000,1
1506542657,22414069,56.20,2.19370187,0
1506542657,22414068,56.19,4.72150000,0
1506542656,22414064,56.19,10.83850000,0
1506542653,22414055,56.00,29.19672199,0
1506542652,22414054,56.00,163.12900000,0
1506542651,22414051,56.00,7.42352858,0
1506542651,22414046,56.12,1.00000000,1
1506542650,22414045,56.15,1.00000000,1
1506542649,22414043,56.20,8.71180013,0
1506542649,22414042,56.20,2.90177935,0
1506542644,22414026,56.20,7.46957295,0
1506542644,22414022,56.20,3.66049237,0
1506542642,22414016,56.20,10.33434163,0
1506542642,22414014,56.20,3.66049822,0
1506542641,22414010,56.20,0.20000000,0
1506542641,22414008,56.20,1.02117438,0
1506542641,22414006,56.20,2.63932385,0
1506542640,22414005,56.20,12.96939501,0
1506542638,22413999,56.20,16.65925266,0
1506542636,22413994,56.20,16.61334519,0
1506542634,22413982,56.20,4.46166577,0
1506542633,22413979,56.20,4.41281138,0
1506542633,22413978,56.20,2.63932384,0
1506542632,22413976,56.20,4.41281138,0
1506542632,22413973,56.20,4.46295074,0
1506542631,22413970,56.20,1.46103202,0
1506542631,22413969,56.20,3.64170650,0
1506542622,22413948,56.30,0.00026268,1
1506542599,22413915,56.33,28.00000000,1
1506542589,22413900,56.49,2.66849707,0
1506542589,22413899,56.49,1.34000000,0
1506542567,22413866,56.40,1.46313724,1
1506542566,22413863,56.40,98.53686276,1
1506542565,22413862,56.41,1.46313724,1
1506542550,22413817,56.45,3.50041009,1
1506542540,22413785,56.45,30.32312213,1
1506542540,22413783,56.54,2.67687787,1
1506542513,22413703,56.47,19.33417292,1
1506542510,22413689,56.48,1.33890000,0
1506542509,22413679,56.47,3.19000000,1
1506542504,22413638,56.47,2.86582708,0
1506542504,22413628,56.58,0.22151461,1
1506542504,22413626,56.59,4.68900931,1
1506542474,22413535,56.59,5.56620000,1
1506542414,22413390,56.59,14.17475700,1
1506542412,22413384,56.59,18.40333300,1
1506542404,22413351,56.59,5.25520900,1
1506542346,22413251,56.59,0.62429771,1
1506542344,22413249,56.59,4.61420000,1
1506542286,22413162,56.59,83.39253700,1
1506542257,22413131,56.59,55.95000000,0
1506542222,22413078,56.59,0.22151466,0
1506542217,22413073,56.59,0.22151466,0
1506542115,22412895,56.50,3.00000000,0
1506542025,22412720,56.50,1.00332200,1
1506542000,22412692,56.52,54.44069062,1
1506541958,22412641,56.52,1.19632629,1
1506541957,22412640,56.53,0.62429771,1
1506541848,22412545,56.52,44.36298309,1
1506541794,22412487,56.50,1.00000000,1
1506541792,22412484,56.63,1.71892655,0
1506541791,22412481,56.64,3.14318502,1
1506541757,22412377,56.45,10.29941166,1
1506541757,22412376,56.46,20.45000000,1
1506541757,22412375,56.59,0.92434164,1
1506541757,22412374,56.60,8.32624670,1
1506541752,22412368,56.60,11.82137810,1
1506541748,22412353,56.60,37.85074800,1
1506541748,22412351,56.60,18.58895100,1
1506541747,22412348,56.60,23.41267620,1
1506541747,22412347,56.60,14.93037024,1
1506541747,22412345,56.61,14.65463856,1
1506541734,22412308,56.61,22.73385500,1
1506541732,22412302,56.61,13.25509500,1
1506541729,22412296,56.65,0.45711357,1
1506541729,22412293,56.65,1.00000000,0
1506541725,22412265,56.61,0.54222596,1
1506541725,22412264,56.63,0.45777404,1
1506541724,22412260,56.60,51.92369400,1
1506541723,22412254,56.60,6.08788000,1
1506541723,22412253,56.62,1.00000000,1
1506541720,22412245,56.63,0.13830319,0
1506541720,22412244,56.63,0.32740682,0
1506541720,22412240,56.62,1.00000000,0
1506541720,22412238,56.61,15.00000000,0
1506541719,22412233,56.60,31.45254100,1
1506541715,22412223,56.60,5.07717076,1
1506541715,22412222,56.60,14.18110500,1
1506541711,22412209,56.60,7.91558400,1
1506541709,22412207,56.60,8.43165500,1
1506541707,22412197,56.60,7.09156128,1
1506541705,22412187,56.60,32.90843872,1
1506541640,22412070,56.59,0.53449200,0
1506541632,22412058,56.52,1.46866327,0
1506541632,22412057,56.52,1.46865035,0
1506541632,22412055,56.52,0.39635031,0
1506541622,22412041,56.52,1.14374000,0
1506541537,22411846,56.51,1.00000000,1
1506541504,22411816,56.52,1.45990969,0
1506541502,22411814,56.51,29.94000000,1
1506541498,22411806,56.51,5.00000000,0
1506541497,22411800,56.50,1.46904953,0
1506541483,22411777,56.48,0.42957000,1
1506541482,22411774,56.48,2.17782000,1
1506541482,22411766,56.48,2.29770000,1
1506541481,22411764,56.48,17.66677000,1
1506541471,22411737,56.48,50.07498300,1
1506541465,22411717,56.48,0.16126700,1
1506541464,22411715,56.48,0.72000000,1
1506541460,22411707,56.48,3.86950400,1
1506541452,22411695,56.48,50.00000000,0
1506541452,22411694,56.48,0.59623200,0
1506541452,22411693,56.48,0.13876800,0
1506541444,22411672,56.47,1.70016200,1
1506541421,22411596,56.45,1.99751994,1
1506541419,22411594,56.45,0.88768498,1
1506541419,22411593,56.45,0.00061502,1
1506541409,22411583,56.45,0.30440000,1
1506541400,22411567,56.46,1.15773411,1
1506541399,22411566,56.46,0.30440000,1
1506541389,22411555,56.45,0.31308748,0
1506541389,22411554,56.43,1.47105124,0
1506541389,22411553,56.40,30.12430000,0
1506541389,22411552,56.40,1.00000000,0
1506541384,22411545,56.36,15.42410000,1
1506541375,22411534,56.36,0.59858400,0
1506541372,22411533,56.30,1.46394317,1
1506541359,22411524,56.32,1.15854722,0
1506541359,22411523,56.32,0.37574277,0
1506541334,22411481,56.32,1.13830319,0
1506541333,22411480,56.32,0.32740682,0
1506541322,22411459,56.30,1.47197984,0
1506541322,22411457,56.29,1.47467116,0
1506541322,22411456,56.29,0.13974800,0
1506541138,22411207,56.20,9.88292983,1
1506541136,22411203,56.20,23.57371700,1
1506541132,22411191,56.20,32.71671729,0
1506541112,22411147,56.13,0.99900000,1
1506541109,22411131,56.20,1.46866327,0
1506541109,22411127,56.13,5.02043000,1
1506541107,22411122,56.16,1.47809435,0
1506541107,22411120,56.16,0.53134965,0
1506541083,22411090,56.16,1.46865035,0
1506541079,22411074,56.13,0.00843002,0
1506541045,22411038,56.12,1.47916308,0
1506541045,22411036,56.12,1.20000000,0
1506541045,22411035,56.12,0.05989923,0
1506541019,22410967,56.12,1.47105124,0
1506541014,22410955,56.12,1.46904953,0
1506541013,22410948,56.11,1.47930974,0
1506541012,22410945,56.09,0.14082600,0
1506541012,22410944,56.08,1.48022281,0
1506541012,22410943,56.07,1.48051908,0
1506541012,22410942,56.07,1.48054870,0
1506541012,22410940,56.05,0.00065999,0
1506541012,22410938,56.05,0.42620000,0
1506541011,22410936,56.05,1.23611991,0
1506541010,22410935,56.05,0.24481079,0
1506541010,22410933,56.05,0.35778368,0
1506541010,22410931,56.05,0.69634527,0
1506541010,22410930,56.03,0.43580683,0
1506541010,22410929,56.00,1.66297943,0
1506541001,22410905,56.00,7.84221600,0
1506540999,22410903,56.00,1.66297900,0
1506540997,22410902,56.00,15.26655859,0
1506540990,22410894,56.00,17.64188013,0
1506540983,22410884,56.00,142.54339286,0
1506540978,22410879,56.00,13.37999399,0
1506540978,22410878,56.00,1.69137020,0
1506540978,22410877,56.00,14.00000000,0
1506540977,22410876,56.00,3.70000000,0
1506540977,22410875,56.00,0.13707453,0
1506540975,22410869,56.00,1.86292547,0
1506540975,22410868,55.99,1.84585492,0
1506540974,22410867,55.98,64.57821961,0
1506540951,22410827,55.98,10.00000000,0
1506540937,22410803,55.98,6.25223461,0
1506540937,22410802,55.98,26.65620411,0
1506540933,22410795,55.98,17.65694700,0
1506540916,22410760,55.98,1.66128354,0
1506540908,22410756,55.98,31.24715518,0
1506540901,22410749,55.98,0.64864079,0
1506540894,22410740,55.98,1.01264275,0
1506540892,22410738,55.98,16.01706076,0
1506540892,22410737,55.97,8.88000000,0
1506540879,22410725,55.98,32.90861637,0
1506540866,22410681,55.97,32.90861637,0
1506540802,22410604,55.98,32.90861637,0
1506540789,22410600,55.98,5.88627816,0
1506540759,22410584,55.98,1.09142959,0
1506540755,22410579,55.98,1.47467116,0
1506540752,22410536,55.97,0.99302118,1
1506540749,22410534,55.96,1.48320740,0
1506540749,22410533,55.95,1.13795453,0
1506540749,22410531,55.95,0.34557888,0
1506540749,22410530,55.94,0.65442112,0
1506540748,22410529,55.94,0.82949834,0
1506540748,22410528,55.94,0.11000000,0
1506540748,22410527,55.94,1.48377153,0
1506540748,22410526,55.94,1.48380068,0
1506540748,22410525,55.94,1.48294226,0
1506540748,22410524,55.92,1.47482544,0
1506540748,22410523,55.92,1.52517456,0
1506540748,22410522,55.90,0.20000000,0
1506540747,22410521,55.90,1.48442045,0
1506540747,22410520,55.89,18.22000000,0
1506540714,22410473,55.75,1.12962963,1
1506540712,22410471,55.76,0.16190476,1
1506540712,22410470,55.76,1.00000000,1
1506540625,22410361,55.85,50.00000000,1
1506540517,22410236,55.76,6.03881000,1
1506540349,22410017,55.75,0.25000000,1
1506540325,22409976,55.75,2.21914000,1
1506540162,22409832,55.75,2.97845000,1
1506540139,22409813,55.88,17.89549033,0
1506540104,22409785,55.88,75.00000000,0
1506540084,22409754,55.75,2.20000000,1
1506540064,22409696,55.75,1.47916308,0
1506540062,22409693,55.88,63.59179401,0
1506540062,22409692,55.88,0.11952226,0
1506540062,22409691,55.88,1.36588000,0
1506540062,22409690,55.88,7.42173000,1
1506540061,22409689,55.87,0.16552200,0
1506540061,22409688,55.87,0.01151263,0
1506540061,22409687,55.87,5.58090000,0
1506540061,22409686,55.86,13.49000000,0
1506540060,22409685,55.84,1.48656191,0
1506540060,22409684,55.83,1.48680000,0
1506540060,22409683,55.83,49.25597048,0
1506540060,22409682,55.82,1.47992900,0
1506540059,22409680,55.81,33.37980000,0
1506539932,22409598,55.72,10.00000000,1
1506539919,22409586,55.72,7.55224000,1
1506539872,22409544,55.70,0.98360961,0
1506539835,22409525,55.70,90.00000000,0
1506539788,22409481,55.68,40.00000000,0
1506539713,22409428,55.48,0.20000000,1
1506539668,22409405,55.49,70.79000000,1
1506539555,22409325,55.47,3.50631000,1
1506539472,22409240,55.74,1.48022281,0
1506539464,22409230,55.47,2.58980000,0
1506539463,22409229,55.50,0.12000000,1
1506539364,22409094,55.50,10.00000000,1
1506539331,22409060,55.72,18.47401543,0
1506539331,22409059,55.71,19.15000000,0
1506539331,22409058,55.70,17.82000000,0
1506539331,22409057,55.70,35.88500000,0
1506539323,22409036,55.35,12.59736530,1
1506539322,22409035,55.35,9.32000000,1
1506539322,22409034,55.36,0.01711849,1
1506539322,22409033,55.37,1.00000000,1
1506539321,22409032,55.40,1.00000000,1
1506539321,22409031,55.42,46.57000000,1
1506539320,22409030,55.43,10.00000000,1
1506539320,22409029,55.43,99.99999412,1
1506539320,22409028,55.43,1.48680000,0
1506539320,22409026,55.50,53.00872209,1
1506539318,22409021,55.50,26.99127791,1
1506539318,22409020,55.50,10.04437264,1
1506539318,22409019,55.51,1.47992900,1
1506539318,22409018,55.52,1.48442045,1
1506539293,22408995,55.72,24.00000000,0
1506539280,22408982,55.75,23.90052034,1
1506539280,22408980,55.75,42.89200000,0
1506539279,22408978,55.74,12.20747966,0
1506539273,22408972,55.76,79.00000000,0
1506539246,22408946,55.79,1.47930974,0
1506539244,22408939,55.54,8.21969726,0
1506539243,22408935,55.55,0.11952226,1
1506539230,22408923,55.80,100.00000000,0
1506539221,22408918,55.80,17.28195813,0
1506539221,22408917,55.80,1.00000000,0
1506539220,22408916,55.79,45.80104187,0
1506539220,22408915,55.75,35.91700000,0
1506539191,22408891,55.76,113.33500000,0
1506539191,22408890,55.76,73.33400000,0
1506539191,22408889,55.72,13.33100000,0
1506539152,22408860,55.72,145.00000000,0
1506539152,22408859,55.71,15.00000000,0
1506539144,22408842,55.57,14.30917062,0
1506539138,22408836,55.79,16.20568801,0
1506539138,22408835,55.77,24.45400000,0
1506539138,22408834,55.68,66.95600000,0
1506539138,22408833,55.67,155.23500000,0
1506539050,22408635,55.81,97.00000000,0
1506539050,22408634,55.79,103.00000000,0
1506539033,22408597,55.83,87.45646140,0
1506539033,22408596,55.83,5.27153860,0
1506539033,22408595,55.80,102.00000000,0
1506539033,22408594,55.75,5.27200000,0
1506539020,22408583,55.83,4.32304528,1
1506539019,22408582,55.83,0.94895472,1
1506539019,22408581,55.83,15.00000000,1
1506539018,22408578,55.80,15.00000000,0
1506539018,22408577,55.78,164.72800000,0
1506539006,22408558,55.77,1.47892487,0
1506539004,22408549,55.55,1.36588000,0
1506538973,22408515,55.80,35.00000000,0
1506538973,22408514,55.80,50.00000000,0
1506538973,22408513,55.80,50.00000000,0
1506538973,22408512,55.80,50.00000000,0
1506538973,22408511,55.79,50.00000000,0
1506538973,22408509,55.79,50.00000000,0
1506538973,22408507,55.78,15.00000000,0
1506538961,22408490,55.83,37.00000000,1
1506538960,22408489,55.83,15.00000000,1
1506538959,22408487,55.83,15.00000000,1
1506538959,22408486,55.83,1.00000000,0
1506538909,22408461,55.81,16.89600000,0
1506538909,22408460,55.78,168.10400000,0
1506538909,22408459,55.77,15.00000000,0
1506538895,22408432,55.76,84.00000000,0
1506538895,22408431,55.73,101.00000000,0
1506538894,22408430,55.72,15.00000000,0
1506538875,22408391,55.70,49.05300000,0
1506538875,22408390,55.70,170.94700000,0
1506538859,22408354,55.56,6.54082900,1
1506538856,22408352,55.56,1.74201900,1
1506538854,22408349,55.78,25.13600000,0
1506538854,22408348,55.77,15.00000000,0
1506538854,22408347,55.77,158.86400000,0
1506538854,22408346,55.76,1.00000000,0
1506538837,22408334,55.83,70.00000000,1
1506538826,22408325,55.59,0.81221760,0
1506538826,22408324,55.60,73.98778240,0
1506538821,22408318,55.54,1.00000000,1
1506538802,22408270,55.71,154.01417969,0
1506538799,22408257,55.71,23.33082031,0
1506538758,22408169,55.81,100.01800000,0
1506538758,22408168,55.72,2.46000000,0
1506538758,22408166,55.71,177.52200000,0
1506538710,22408017,55.80,57.77600000,0
1506538710,22408016,55.79,32.00000000,0
1506538710,22408015,55.75,38.22400000,0
1506538621,22407830,55.63,32.00000000,0
1506538620,22407828,55.65,8.00000000,1
1506538607,22407796,55.65,19.00000000,1
1506538601,22407787,55.80,16.90402086,0
1506538601,22407786,55.77,174.85700000,0
1506538601,22407785,55.76,8.23897914,0
1506538587,22407766,55.65,13.00000000,1
1506538560,22407730,55.56,3.00000000,1
1506538547,22407715,55.54,5.00000000,1
1506538491,22407642,55.83,605.95100000,0
1506538491,22407641,55.82,163.83900000,0
1506538491,22407640,55.79,107.00000000,0
1506538491,22407639,55.76,106.00000000,0
1506538490,22407638,55.76,2.21000000,0
1506538490,22407637,55.75,15.00000000,0
1506538483,22407626,55.76,10.00000000,0
1506538475,22407593,55.75,10.21488789,1
1506538473,22407589,55.75,4.78511211,0
1506538459,22407554,55.75,10.21488789,0
1506538423,22407482,55.51,0.90520000,1
1506538420,22407472,55.79,1.47809435,1
1506538420,22407467,55.80,120.07473118,0
1506538419,22407466,55.80,15.00000000,1
1506538419,22407464,55.79,111.00000000,0
1506538419,22407463,55.79,97.00000000,0
1506538419,22407461,55.78,6.74000000,0
1506538418,22407460,55.72,1.48963182,0
1506538418,22407458,55.72,3.00000000,0
1506538418,22407455,55.67,0.16679600,0
1506538417,22407452,55.64,1.49178525,0
1506538417,22407450,55.64,1.49181510,0
1506538417,22407448,55.64,0.48756430,0
1506538402,22407422,55.64,1.00395399,0
1506538343,22407261,55.62,26.29691208,1
1506538264,22407163,55.63,1.13795453,1
1506538263,22407162,55.63,0.34557888,0
1506538260,22407159,55.63,0.65442112,1
1506538258,22407151,55.63,0.66259212,0
1506538257,22407150,55.62,170.77000000,0
1506538257,22407148,55.61,0.48280504,0
1506538257,22407146,55.61,1.00997938,0
1506538256,22407141,55.60,3.70000000,1
1506538256,22407137,55.57,0.39385778,0
1506538256,22407135,55.57,1.10000000,0
1506538256,22407132,55.57,6.00000000,0
1506538255,22407127,55.52,1.05280230,0
1506538255,22407126,55.52,0.44240733,0
1506538255,22407125,55.52,0.00000492,0
1506538255,22407123,55.52,2.99999508,0
1506538255,22407122,55.50,0.90090090,0
1506538255,22407121,55.50,12.00000000,0
1506538254,22407119,55.48,0.91622267,0
1506538254,22407117,55.47,14.01806508,0
1506538253,22407114,55.46,4.18473167,0
1506538253,22407113,55.46,13.85009185,0
1506538253,22407112,55.46,0.16797200,0
1506538252,22407109,55.44,1.49722611,0
1506538252,22407108,55.44,1.49719804,0
1506538123,22406867,55.43,0.00000588,0
1506538109,22406841,55.40,5.29340000,1
1506538097,22406800,55.43,0.62051762,0
1506538097,22406799,55.43,0.87708138,0
1506537948,22406611,55.41,0.04120000,1
1506537943,22406599,55.41,20.55880000,1
1506537936,22406592,55.41,4.40000000,0
1506537905,22406544,55.36,8.68360000,1
1506537895,22406519,55.42,13.36683507,0
1506537895,22406517,55.40,8.68360000,1
1506537893,22406513,55.40,15.00000000,0
1506537888,22406507,55.42,1.48963182,0
1506537886,22406504,55.36,1.29928151,0
1506537782,22406385,55.36,0.20000000,0
1506537781,22406382,55.10,10.72640201,0
1506537780,22406378,55.10,3.33862299,0
1506537778,22406377,55.25,1.29300000,1
1506537755,22406370,55.35,2.34381210,0
1506537719,22406320,55.25,0.70700000,1
1506537702,22406309,55.25,0.50000000,0
1506537635,22406213,55.05,18.34372388,1
1506537634,22406211,55.10,8.00000000,1
1506537629,22406201,55.10,2.00000000,1
1506537574,22406161,55.26,0.50000000,0
1506537500,22406094,55.26,0.50000000,0
1506537383,22405969,55.34,1.49178525,0
1506537372,22405962,55.35,58.93821138,0
1506537372,22405961,55.34,1.05000000,0
1506537372,22405960,55.34,0.00825373,0
1506537369,22405959,55.03,2.00000000,0
1506537366,22405941,55.32,55.99494528,0
1506537365,22405937,55.32,3.00000000,0
1506537365,22405932,55.30,1.50103723,0
1506537365,22405926,55.30,1.50100720,0
1506537365,22405921,55.30,10.00000000,0
1506537365,22405917,55.28,1.50148444,0
1506537365,22405916,55.28,1.50152585,0
1506537365,22405915,55.27,15.00000000,0
1506537324,22405877,55.02,0.74500000,1
1506537322,22405876,55.26,65.06431148,1
1506537319,22405869,55.26,108.00000000,0
1506537319,22405868,55.25,4.08444220,0
1506537319,22405867,55.24,0.13458652,0
1506537316,22405863,55.03,0.33377914,1
1506537264,22405763,55.10,0.62052350,1
1506537225,22405680,55.24,1.73062400,0
1506537221,22405667,55.18,39.92161100,0
1506537191,22405560,55.11,9.69000000,0
1506537191,22405555,55.11,0.20000000,0
1506537187,22405548,55.11,10.11000000,0
1506537169,22405500,55.23,40.00000000,1
1506537121,22405421,55.24,0.50000000,0
1506537095,22405408,55.24,2.70854453,0
1506537074,22405396,55.10,0.87708138,1
1506537064,22405386,55.21,0.48280504,1
1506537048,22405358,55.24,0.39385778,0
1506537048,22405357,55.24,1.10000000,0
1506537038,22405332,55.21,0.49171570,0
1506537038,22405330,55.14,0.00828430,0
1506536930,22405105,55.08,0.50000000,0
1506536875,22405009,55.08,0.20000000,0
1506536852,22404983,54.92,12.85000000,0
1506536746,22404769,54.92,2.16824471,0
1506536724,22404721,54.92,0.50000000,0
1506536722,22404717,54.93,0.20000000,0
1506536711,22404687,54.92,5.29382318,0
1506536635,22404531,54.83,20.80621138,0
1506536611,22404500,54.83,1.97390900,0
1506536583,22404447,54.83,5.67718402,0
1506536557,22404410,54.83,4.16858142,0
1506536557,22404409,54.83,1.50459020,0
1506536555,22404402,54.83,5.66952398,0
1506536540,22404353,54.83,0.20000000,0
1506536532,22404320,54.83,1.50551041,0
1506536530,22404308,54.83,1.50169508,1
1506536530,22404305,55.00,4.16690869,1
1506536512,22404238,55.00,15.83309131,1
1506536512,22404235,55.01,4.16690869,1
1506536504,22404211,55.01,1.50000000,1
1506536476,22404135,55.16,0.04416500,0
1506536476,22404133,55.15,0.90000000,0
1506536451,22404036,55.12,20.00000000,1
1506536429,22403972,55.24,3.79097800,0
1506536429,22403971,55.24,0.16924600,0
1506536384,22403828,54.92,1.00000000,1
1506536374,22403805,55.23,1.80000000,0
1506536369,22403784,55.20,1.05280230,1
1506536358,22403741,55.20,0.44240733,0
1506536349,22403710,55.18,1.50438600,0
1506536349,22403709,55.12,3.00000000,0
1506536349,22403706,55.09,1.50651547,0
1506536349,22403705,55.06,0.00827407,0
1506536337,22403658,55.02,0.17061800,0
1506536331,22403599,55.01,1.50890316,0
1506536311,22403474,55.00,5.00000000,0
1506536310,22403472,55.00,5.00000000,0
1506536310,22403469,55.00,7.80334768,0
1506536309,22403466,55.00,0.28669818,0
1506536269,22403232,55.00,5.90995414,0
1506536269,22403231,55.00,2.00000000,0
1506536269,22403229,55.00,6.00000000,0
1506536268,22403228,55.00,11.03599586,0
1506536263,22403187,55.00,1.50103723,0
1506536259,22403171,55.00,19.68336536,0
1506536259,22403165,55.00,17.77960155,0
1506536259,22403164,55.00,17.11955340,0
1506536259,22403163,54.90,5.41747969,0
1506536258,22403160,54.90,1.31238100,0
1506536249,22403123,54.90,1.53248854,0
1506536249,22403120,54.90,5.64586346,0
1506536233,22403043,54.90,2.61066002,0
1506536233,22403042,54.90,3.05399774,0
1506536233,22403037,54.85,3.55760134,1
1506536232,22403036,54.89,1.31079800,1
1506536231,22403017,54.90,5.19670000,0
1506536226,22402984,54.87,8.30497923,1
1506536221,22402951,54.84,8.29914793,0
1506536220,22402940,54.85,1.34405400,1
1506536216,22402916,54.85,8.29353251,1
1506536213,22402900,54.84,19.00090800,1
1506536211,22402876,54.84,8.28420568,1
1506536208,22402858,54.84,3.52671400,1
1506536206,22402845,54.89,20.00000000,0
1506536205,22402833,54.84,8.27837675,1
1506536201,22402796,54.89,0.10000000,0
1506536200,22402788,54.84,8.27247786,1
1506536200,22402781,54.89,3.70383052,0
1506536186,22402689,54.82,1.76666797,1
1506536186,22402687,54.82,2.71890000,1
1506536186,22402685,54.82,2.71890000,1
1506536186,22402683,54.82,2.71890000,1
1506536185,22402681,54.82,2.71890000,1
1506536185,22402677,54.82,2.71890000,1
1506536185,22402674,54.82,2.71890000,1
1506536185,22402673,54.82,2.71890000,1
1506536185,22402672,54.82,2.71890000,1
1506536185,22402670,54.82,2.71890000,1
1506536184,22402665,54.83,1.50100720,0
1506536182,22402652,55.00,22.88044660,0
1506536182,22402650,55.00,13.51428067,1
1506536181,22402645,54.98,0.00000003,0
1506536181,22402642,54.98,0.85789778,0
1506536181,22402640,54.98,0.65183320,0
1506536181,22402639,54.93,24.13559543,0
1506536181,22402637,54.93,1.51101545,0
1506536181,22402636,54.93,4.48563933,1
1506536180,22402632,54.92,1.87160771,0
1506536180,22402630,54.92,1.12839229,0
1506536179,22402624,54.90,8.24787559,1
1506536179,22402620,54.90,10.00000000,0
1506536179,22402619,54.90,1.51184431,0
1506536179,22402617,54.90,0.01046324,0
1506536174,22402597,54.83,8.24226375,1
1506536173,22402593,54.90,5.00000000,0
1506536173,22402592,54.89,14.81000000,0
1506536173,22402591,54.89,0.03908917,0
1506536172,22402585,54.83,2.72224718,1
1506536169,22402572,54.82,8.23643588,1
1506536168,22402568,54.81,2.71885222,0
1506536161,22402526,54.89,0.00000005,0
1506536161,22402525,54.89,1.51212075,0
1506536161,22402524,54.89,6.00000000,0
1506536160,22402523,54.82,1.51405906,0
1506536151,22402461,54.81,19.64152082,1
1506536143,22402392,54.76,13.51428067,0
1506536140,22402375,54.80,19.62986200,0
1506536137,22402357,54.80,19.62764501,1
1506536114,22402256,54.74,2.01640008,1
1506536104,22402188,54.81,21.13889025,0
1506536103,22402186,54.80,1.15461376,0
1506536103,22402184,54.80,0.36000000,0
1506536103,22402180,54.79,0.36000003,0
1506536103,22402178,54.79,1.15489096,0
1506536102,22402170,54.79,0.00000028,0
1506536102,22402167,54.78,0.10999990,0
1506536101,22402164,54.78,0.25000000,0
1506536101,22402159,54.78,1.15516882,0
1506536099,22402145,54.78,0.00000015,0
1506536099,22402142,54.73,2.71969085,0
1506536045,22401857,54.75,8.90696000,1
1506536041,22401823,54.75,22.94474083,1
1506536038,22401803,54.75,14.81000000,1
1506536037,22401789,54.75,52.01164751,1
1506536037,22401786,54.75,14.81000000,0
1506536037,22401785,54.75,1.51600230,0
1506536037,22401784,54.71,0.00055697,0
1506536022,22401680,54.71,1.14655799,0
1506536022,22401679,54.71,0.37000000,0
1506536022,22401678,54.70,0.00055697,0
1506536016,22401639,54.70,9.35621710,0
1506536016,22401635,54.69,1.51767190,0
1506536008,22401534,54.60,1.52018322,0
1506535998,22401471,54.58,1.48165325,0
1506535998,22401470,54.57,0.05927275,0
1506535992,22401441,54.57,1.46167507,0
1506535992,22401439,54.54,0.03832493,0
1506535977,22401356,54.54,1.64467851,0
1506535975,22401351,54.54,0.93500000,0
1506535974,22401344,54.54,41.87105300,0
1506535971,22401330,54.54,0.93500100,0
1506535971,22401323,54.54,0.44250613,0
1506535963,22401266,54.54,1.84685778,0
1506535963,22401264,54.53,0.02214222,0
1506535952,22401195,54.53,1.50000000,0
1506535947,22401150,54.50,50.00000000,0
1506535947,22401148,54.50,33.92104913,0
1506535946,22401136,54.50,0.80000000,0
1506535943,22401103,54.50,30.31518100,0
1506535925,22401029,54.50,30.28300000,0
1506535906,22400955,54.50,3.59444220,0
1506535906,22400954,54.48,0.49000000,0
1506535895,22400904,54.43,89.59637615,1
1506535876,22400815,54.42,14.90889629,0
1506535825,22400630,54.40,9.12000000,0
1506535353,22400184,54.16,1.00000000,1
1506534898,22399780,54.14,13.47785778,0
1506534897,22399779,54.21,1.52214222,1
1506534785,22399683,54.23,38.53378973,0
1506534784,22399681,54.30,1.46621027,1
1506534568,22399538,54.30,8.53378973,1
1506534568,22399537,54.35,31.46621027,1
1506534305,22399306,54.35,0.13125472,1
1506534165,22399256,54.35,0.32558130,1
1506534142,22399239,54.35,0.70700000,1
1506533886,22398980,54.35,1.90000000,1
1506533585,22398799,54.35,21.67818816,1
1506533584,22398798,54.35,37.30000000,1
1506533578,22398793,54.35,6.49176555,1
1506533578,22398792,54.35,8.16075041,1
1506533497,22398762,54.50,1.08632767,0
1506533497,22398761,54.50,1.17000000,0
1506533381,22398648,54.35,1.83924959,0
1506532765,22398229,54.32,1.99996988,1
1506532750,22398214,54.32,0.00003012,0
1506532490,22398014,54.32,8.07195037,1
1506532427,22397981,54.32,1.52804963,0
1506532380,22397960,54.31,17.66927985,1
1506532359,22397955,54.31,42.33072015,0
1506532164,22397859,54.22,3.33327185,0
1506531800,22397548,54.06,0.09900000,1
1506531772,22397513,54.06,6.29487000,1
1506531708,22397487,54.06,0.90000000,1
1506531636,22397436,54.06,1.00000000,1
1506531585,22397391,54.22,0.68830690,0
1506530969,22397087,54.08,4.83654893,0
1506530943,22397070,54.08,0.50000000,0
1506530871,22397049,54.08,2.02884615,0
1506530829,22397035,54.08,3.71696053,0
1506530773,22396995,54.08,19.24800000,0
1506530704,22396918,54.06,0.80600000,1
1506530704,22396917,54.20,0.33000000,1
1506530597,22396813,54.20,25.56548350,0
1506530571,22396788,54.19,0.50000000,0
1506530535,22396722,54.15,25.69217000,0
1506530507,22396683,54.22,0.50000000,0
1506530444,22396630,54.21,0.50000000,0
1506530432,22396622,54.20,0.20000000,0
1506530055,22396333,54.28,0.60000000,0
1506530046,22396316,54.28,1.50000000,0
1506530002,22396263,54.05,31.73008732,1
1506530002,22396262,54.05,18.19991268,0
1506530000,22396260,54.09,43.07000000,1
1506529481,22395783,54.22,40.00000000,1
1506529433,22395743,54.27,1.37000000,0
1506529406,22395728,54.20,0.12000000,0
1506529271,22395629,54.03,2.11238905,0
1506529202,22395568,54.03,1.00000000,1
1506529183,22395553,54.30,0.90000000,0
1506529171,22395549,54.17,0.60000000,0
1506529155,22395495,54.17,1.50000000,0
1506529134,22395490,54.17,1.50000000,0
1506529125,22395488,54.17,1.50000000,0
1506529116,22395483,54.17,1.50000000,0
1506529115,22395480,53.92,52.91286344,0
1506529115,22395479,53.93,20.42547400,0
1506529113,22395478,54.02,26.66166256,1
1506529110,22395472,54.17,1.50000000,0
1506529102,22395471,54.17,1.50000000,0
1506529094,22395463,54.17,1.50000000,0
1506529086,22395455,54.17,1.50000000,0
1506529078,22395451,54.17,1.50000000,0
1506529064,22395440,54.17,1.50000000,0
1506529054,22395431,54.17,1.50000000,0
1506529027,22395408,54.17,1.50000000,0
1506529019,22395402,54.17,1.50000000,0
1506529012,22395400,54.17,1.38000000,0
1506529012,22395399,54.15,0.12000000,0
1506529004,22395395,54.16,1.50000000,0
1506528997,22395392,54.17,1.50000000,0
1506528990,22395389,54.17,1.50000000,0
1506528981,22395387,54.16,1.50000000,0
1506528973,22395375,54.17,1.50000000,0
1506528964,22395372,54.17,1.50000000,0
1506528956,22395363,54.16,1.50000000,0
1506528948,22395357,54.17,1.50000000,0
1506528940,22395349,54.17,1.50000000,0
1506528931,22395334,54.17,1.50000000,0
1506528915,22395318,54.16,1.50000000,0
1506528907,22395315,54.16,1.50000000,0
1506528893,22395299,54.14,1.50000000,0
1506528878,22395291,54.15,1.50000000,0
1506528871,22395283,54.15,1.50000000,0
1506528858,22395261,54.14,1.50000000,0
1506528850,22395255,54.14,1.50000000,0
1506528840,22395232,54.15,1.50000000,0
1506528831,22395220,54.17,1.50000000,0
1506528824,22395213,54.18,2.00000000,0
1506528822,22395212,54.18,1.50000000,0
1506528815,22395199,54.19,1.50000000,0
1506528801,22395192,54.18,1.50000000,0
1506528751,22395147,54.22,1.50000000,0
1506528728,22395131,54.18,1.50000000,0
1506528720,22395124,54.18,1.50000000,0
1506528705,22395112,54.01,0.47000000,1
1506528700,22395106,54.20,0.91977130,0
1506528681,22395064,54.20,2.57579167,1
1506528656,22395051,54.05,0.91000000,1
1506528601,22395018,54.01,92.25074400,0
1506528599,22395017,54.05,23.74925600,1
1506528594,22394987,54.04,0.34000000,1
1506528584,22394962,54.02,0.53000000,1
1506528582,22394959,54.03,0.28000000,0
1506528581,22394958,54.00,1.31051037,0
1506528581,22394957,54.00,10.00000000,1
1506528581,22394956,54.00,50.00000000,1
1506528581,22394955,54.00,1.52804963,1
1506528581,22394954,54.02,13.42000000,1
1506528581,22394953,54.03,23.74144000,1
1506528578,22394948,54.03,0.29000000,1
1506528572,22394946,54.02,1.39000000,1
1506528564,22394931,54.06,0.15000000,1
1506528560,22394928,54.05,0.15000000,1
1506528554,22394895,54.10,66.99782488,1
1506528554,22394894,54.11,29.61377937,1
1506528552,22394892,54.11,0.34000000,1
1506528550,22394889,54.11,0.60000000,1
1506528512,22394802,54.11,1.37900000,1
1506528506,22394794,54.11,49.81334200,1
1506528485,22394763,54.11,50.57357100,1
1506528484,22394761,54.11,11.90034000,1
1506528484,22394760,54.11,9.63437600,1
1506528420,22394687,54.24,1.50000000,0
1506528414,22394683,54.24,1.50000000,0
1506528305,22394619,54.34,1.50000000,0
1506528290,22394612,54.34,1.50000000,1
1506528165,22394484,54.11,0.59000000,1
1506528122,22394436,54.30,1.50000000,0
1506528100,22394424,54.11,0.61000000,1
1506528099,22394423,54.11,0.86000000,1
1506528094,22394421,54.12,0.89000000,1
1506528087,22394418,54.11,0.22000000,1
1506528083,22394416,54.11,0.46000000,1
1506528079,22394412,54.11,0.31462400,1
1506528068,22394392,54.13,0.25000000,1
1506528032,22394374,54.11,0.56000000,1
1506528028,22394371,54.11,0.81000000,1
1506528024,22394369,54.11,0.17000000,1
1506528016,22394365,54.11,0.73000000,1
1506528012,22394361,54.11,0.18000000,1
1506528007,22394358,54.11,0.35000000,1
1506527998,22394347,54.29,1.50000000,0
1506527989,22394345,54.11,0.58000000,1
1506527986,22394344,54.12,0.24000000,1
1506527954,22394315,54.31,8.19149328,1
1506527806,22394200,54.10,100.00000000,1
1506527759,22394074,54.10,36.52925700,1
1506527757,22394061,54.10,6.36241600,1
1506527756,22394055,54.10,34.54841400,1
1506527756,22394053,54.11,0.17991600,1
1506527756,22394048,54.11,3.62008400,1
1506527741,22394005,54.11,0.17991600,1
1506527581,22393841,54.10,0.12491277,1
1506527579,22393840,54.12,0.00000006,1
1506527558,22393832,54.25,10.48557000,1
1506527409,22393688,54.25,0.16000000,1
1506527298,22393574,54.25,0.72700000,1
1506527244,22393521,54.25,47.04052700,1
1506527240,22393517,54.25,0.13000000,1
1506527236,22393512,54.25,0.52000000,1
1506527228,22393506,54.25,2.21778000,1
1506527228,22393505,54.25,0.70000000,1
1506527217,22393496,54.25,0.51000000,1
1506527205,22393470,54.25,0.70000000,1
1506527203,22393468,54.25,4.37651400,1
1506527200,22393461,54.25,0.13000000,1
1506527197,22393452,54.25,0.64393200,1
1506527196,22393450,54.25,0.50000000,1
1506527194,22393449,54.25,1.86096500,1
1506527192,22393444,54.25,0.70000000,1
1506527188,22393438,54.25,0.93000000,1
1506527184,22393432,54.25,0.95000000,1
1506527183,22393429,54.25,1.92928200,1
1506527181,22393422,54.25,0.24000000,1
1506527176,22393420,54.26,0.54000000,1
1506527172,22393418,54.25,0.86000000,1
1506527154,22393405,54.25,3.68843000,1
1506527081,22393293,54.12,90.69557400,1
1506527081,22393291,54.12,13.88457700,1
1506527080,22393289,54.12,9.07501600,1
1506526813,22392788,54.25,1.49000000,0
1506526802,22392757,54.12,8.84822800,1
1506526758,22392653,54.12,0.81000000,1
1506526739,22392620,54.35,5.58509660,1
1506526736,22392608,54.29,1.50000000,0
1506526721,22392585,54.35,1.55731370,1
1506526720,22392584,54.33,2.02870814,0
1506526714,22392579,54.29,19.65541621,0
1506526659,22392507,54.34,1.61262421,1
1506526658,22392506,54.32,1.36308428,0
1506526642,22392469,54.32,0.76000000,1
1506526569,22392382,54.29,1.50000000,0
1506526549,22392300,54.12,1.62956667,1
1506526549,22392299,54.12,24.47826500,1
1506526549,22392298,54.12,31.12279000,1
1506526536,22392242,54.12,8.00113100,1
1506526536,22392240,54.12,3.09565000,1
1506526536,22392238,54.12,1.99954100,1
1506526533,22392226,54.12,4.94966127,1
1506526532,22392225,54.12,1.41000000,1
1506526457,22392149,54.20,0.38000000,1
1506526445,22392128,54.36,1.50000000,0
1506526429,22392108,54.20,0.79000000,1
1506526424,22392097,54.34,1.50000000,0
1506526415,22392085,54.35,2.25611775,1
1506526413,22392077,54.33,15.04342226,0
1506526394,22391997,54.36,140.50583700,1
1506526392,22391987,54.36,0.37000000,1
1506526389,22391974,54.36,0.99000000,1
1506526382,22391944,54.36,40.49869000,1
1506526382,22391943,54.39,1.50000000,1
1506526379,22391928,54.36,10.19986900,1
1506526379,22391927,54.36,5.93560400,1
1506526377,22391923,54.36,1.50000000,1
1506526357,22391877,54.28,0.55000000,1
1506526350,22391865,54.35,1.50000000,0
1506526343,22391855,54.41,1.50000000,0
1506526334,22391842,54.37,1.50000000,0
1506526287,22391775,54.38,1.50000000,0
1506526272,22391744,54.34,1.50000000,0
1506526253,22391658,54.32,1.00000000,0
1506526240,22391627,54.21,0.50000000,0
1506526233,22391611,54.21,1.50000000,0
1506526224,22391601,54.21,1.50000000,0
1506526170,22391416,54.15,0.24000000,1
1506526165,22391402,54.21,1.50000000,0
1506526140,22391352,54.15,28.35882300,1
1506526131,22391340,54.15,0.99999985,1
1506526131,22391339,54.18,0.00000015,1
1506526124,22391322,54.18,7.40636500,1
1506526102,22391267,54.18,5.82336000,1
1506526101,22391265,54.18,17.84009400,1
1506526100,22391264,54.18,41.74613400,1
1506526098,22391261,54.18,0.36000000,1
1506526094,22391247,54.18,0.50000000,1
1506526092,22391244,54.18,0.23000000,1
1506526082,22391216,54.18,6.67636500,1
1506526076,22391210,54.18,6.18336000,1
1506526071,22391196,54.18,10.64671400,1
1506526069,22391194,54.18,0.47000000,1
1506526064,22391186,54.18,0.33000000,1
1506526062,22391180,54.18,23.02565600,1
1506526061,22391179,54.18,0.77000000,1
1506526057,22391168,54.18,0.94000000,1
1506526053,22391160,54.18,0.91000000,1
1506526049,22391151,54.18,0.27000000,1
1506526045,22391149,54.18,0.55000000,1
1506526040,22391141,54.18,0.41000000,1
1506526037,22391122,54.18,0.30000000,1
1506526034,22391118,54.18,0.18000000,1
1506526030,22391112,54.18,0.32498100,1
1506526009,22391059,54.18,0.46000000,1
1506526005,22391037,54.18,0.20850900,1
1506526001,22391013,54.18,0.50967000,1
1506525997,22390992,54.18,24.44536000,1
1506525997,22390987,54.18,47.62343185,1
1506525996,22390985,54.19,45.06159415,1
1506525993,22390975,54.18,0.86000000,1
1506525990,22390966,54.20,50.00000000,1
1506525980,22390938,54.21,25.72390000,1
1506525946,22390850,54.42,70.78549415,0
1506525735,22390540,54.21,91.00000000,1
1506525684,22390421,54.23,0.24000000,1
1506525676,22390373,54.22,0.26000000,1
1506525673,22390370,54.22,0.53000000,1
1506525669,22390367,54.22,0.67000000,1
1506525655,22390339,54.33,2.12000000,0
1506525654,22390333,54.33,2.12000000,0
1506525653,22390330,54.33,2.12000000,0
1506525652,22390325,54.33,2.12000000,0
1506525650,22390321,54.33,2.12000000,0
1506525650,22390319,54.33,2.12000000,0
1506525649,22390318,54.33,1.54000000,0
1506525648,22390316,54.21,0.58000000,1
1506525647,22390310,54.33,1.54000000,0
1506525646,22390306,54.33,1.54000000,0
1506525646,22390303,54.33,1.54000000,0
1506525645,22390302,54.21,0.53263100,1
1506525633,22390271,54.21,1.00000000,1
1506525602,22390170,54.20,50.00000000,1
1506525503,22389939,54.14,3.30000000,1
1506525394,22389726,54.10,18.86575700,1
1506525390,22389704,54.10,3.75424300,1
1506525386,22389674,54.10,31.48317600,1
1506525385,22389671,54.10,6.61341700,1
1506525385,22389670,54.10,22.62000000,1
1506525384,22389666,54.10,19.56796193,1
1506525384,22389664,54.11,28.98689788,1
1506525380,22389648,54.11,16.45070800,1
1506525378,22389646,54.28,0.76000000,0
1506525366,22389612,54.11,22.37348100,1
1506525354,22389570,54.13,6.19999500,1
1506525348,22389560,54.11,19.54074900,1
1506525319,22389502,54.20,0.00000040,1
1506525272,22389386,54.20,1.04834600,1
1506525244,22389331,54.20,14.83700000,1
1506525213,22389235,54.20,0.18000000,1
1506525206,22389219,54.20,13.97340300,1
1506525206,22389215,54.20,19.80106000,1
1506525206,22389213,54.20,131.41943000,1
1506525205,22389212,54.20,19.04762000,1
1506525205,22389210,54.20,96.11345200,1
1506525205,22389209,54.20,177.70000000,1
1506525204,22389208,54.20,8.71590600,1
1506525204,22389207,54.21,21.59552000,1
1506525203,22389206,54.21,16.27492600,1
1506525202,22389200,54.21,0.46955400,1
1506525185,22389141,54.20,13.97340300,1
1506525157,22389095,54.20,3.19037960,1
1506525157,22389094,54.21,24.79662040,1
1506525157,22389092,54.21,6.54431200,1
1506525129,22389059,54.12,17.44641500,1
1506525128,22389056,54.15,10.00000000,1
1506525083,22388916,54.40,0.62000000,0
1506525068,22388876,54.20,88.91238889,1
1506525067,22388873,54.20,140.28090400,1
1506525063,22388862,54.21,25.20043500,1
1506525035,22388776,54.45,88.95243342,1
1506525034,22388772,54.44,15.00000000,1
1506525034,22388770,54.41,71.63694546,1
1506525032,22388767,54.22,7.75009400,0
1506525015,22388745,54.22,1.50000000,0
1506525007,22388740,54.22,1.50000000,0
1506524909,22388582,54.21,23.96000000,0
1506524901,22388568,54.21,50.04000000,1
1506524901,22388567,54.22,1.00000000,1
1506524615,22388126,54.44,17.06753571,0
1506524615,22388125,54.36,12.34197900,0
1506524608,22388114,54.36,30.59048529,1
1506524581,22388075,54.37,1.57994987,1
1506524580,22388074,54.38,12.98576861,0
1506524580,22388072,54.35,1.57563490,0
1506524422,22387798,54.25,6.49947775,0
1506524384,22387670,54.25,1.91149000,0
1506524321,22387553,54.25,1.50000000,0
1506524307,22387534,54.25,1.50000000,0
1506524300,22387526,54.25,1.50000000,0
1506524290,22387518,54.25,1.50000000,0
1506524275,22387492,54.24,1.50000000,0
1506524266,22387484,54.24,1.50000000,0
1506524258,22387473,54.24,1.50000000,0
1506524252,22387455,54.24,1.50000000,0
1506524243,22387440,54.24,1.50000000,0
1506524236,22387430,54.24,1.50000000,0
1506524228,22387415,54.24,1.50000000,0
1506524219,22387397,54.24,1.50000000,0
1506524212,22387383,54.24,1.50000000,0
1506524203,22387365,54.25,1.50000000,0
1506524193,22387347,54.25,1.50000000,0
1506524185,22387345,54.25,1.50000000,0
1506524081,22387256,54.10,17.35972900,1
1506524051,22387170,54.25,1.08903225,0
1506524040,22387150,54.10,1.31745000,1
1506524040,22387149,54.12,2.00000000,1
1506524021,22387097,54.24,50.00000000,0
1506523938,22386914,54.10,133.85544142,1
1506523937,22386913,54.17,57.22000000,0
1506523936,22386912,54.17,3.62187358,1
1506523936,22386911,54.20,30.51338625,0
1506523924,22386901,54.20,2.89243542,0
1506523903,22386881,54.18,45.45022680,0
1506523901,22386879,54.18,3.62187369,0
1506523899,22386875,54.18,8.62153759,0
1506523894,22386866,54.18,4.43419208,0
1506523894,22386865,54.17,0.09868792,0
1506523893,22386863,54.17,0.89585094,0
1506523891,22386856,54.17,3.00646114,0
1506523868,22386842,54.06,1.00000000,1
1506523866,22386840,54.06,100.00000000,1
1506523865,22386832,54.06,1.84128153,1
1506523839,22386781,54.04,6.22539200,1
1506523709,22386576,54.18,11.78025400,0
1506523650,22386391,54.18,0.50000000,0
1506523632,22386351,54.00,9.21934074,1
1506523632,22386350,54.00,60.00000000,1
1506523632,22386349,54.00,118.00000000,1
1506523632,22386348,54.01,35.30000000,1
1506523632,22386347,54.01,42.84221700,0
1506523602,22386277,54.18,0.09191584,0
1506523592,22386256,54.02,20.00000000,1
1506523590,22386254,54.18,0.50000000,0
1506523551,22386210,54.01,44.00000000,1
1506523514,22386140,54.01,45.00000000,1
1506523459,22386058,54.01,46.00000000,1
1506523445,22386049,54.17,18.41978955,0
1506523274,22385810,54.26,7.76348889,0
1506523232,22385747,54.10,18.17056304,0
1506523214,22385694,54.10,33.46911643,0
1506523155,22385592,54.10,6.53070000,0
1506523124,22385548,54.10,25.00000000,0
1506523119,22385541,54.10,7.01059800,0
1506523119,22385540,54.10,1.96469501,0
1506523116,22385539,54.10,0.80000000,0
1506523083,22385473,54.10,0.80000000,0
1506523063,22385458,54.10,0.80000000,0
1506523055,22385450,54.10,0.80000000,0
1506523047,22385438,54.10,0.80000000,0
1506522954,22385270,54.11,1.00000000,1
1506522951,22385266,54.31,0.80000000,0
1506522936,22385260,54.38,45.06350000,0
1506522936,22385259,54.37,30.62000000,0
1506522936,22385258,54.37,6.33000000,0
1506522936,22385257,54.12,17.98650000,0
1506522935,22385256,54.12,0.80000000,0
1506522926,22385255,54.12,0.80000000,0
1506522919,22385247,54.12,0.80000000,0
1506522911,22385238,54.12,0.80000000,0
1506522909,22385236,54.12,28.01350000,0
1506522904,22385228,54.12,0.80000000,0
1506522489,22384887,54.14,7.00000000,1
1506522484,22384877,54.15,1.99900000,0
1506522442,22384834,54.43,0.00000008,1
1506522441,22384833,54.43,10.59522500,1
1506522400,22384778,54.43,0.52413044,0
1506522285,22384592,54.41,26.60868925,1
1506522283,22384588,54.32,5.00000000,0
1506522238,22384490,54.16,0.24194689,1
1506522152,22384361,54.15,14.49567200,0
1506522149,22384354,54.15,15.50432800,0
1506522051,22384182,54.15,10.00000000,0
1506521953,22384087,54.29,4.59384785,0
1506521855,22384013,54.05,18.85318600,0
1506521825,22383988,54.05,20.36893500,0
1506521815,22383975,54.05,0.77787900,0
1506521729,22383920,54.07,40.00000000,1
1506521634,22383798,54.09,0.74561380,1
1506521435,22383576,54.31,1.25954708,0
1506521435,22383575,54.31,0.21955667,0
1506521435,22383574,54.30,0.13820807,0
1506521434,22383571,54.20,0.23200000,0
1506521392,22383517,54.14,20.00000000,0
1506521354,22383465,54.14,10.00000000,0
1506521089,22383152,53.91,0.72310428,1
1506521002,22383077,54.13,3.00369481,1
1506520964,22382996,54.09,2.42465136,1
1506520927,22382969,53.90,21.91379000,1
1506520430,22382591,53.89,15.16000000,1
1506520245,22382447,54.14,6.97519561,1
1506520218,22382437,54.22,2.41727775,1
1506520218,22382436,54.22,15.16000000,1
1506520217,22382435,54.20,1.00000000,0
1506520217,22382434,54.20,1.53144592,0
1506520215,22382430,54.14,0.12944589,0
1506520211,22382422,54.14,9.00055411,0
1506520203,22382413,54.14,0.87000000,0
1506520203,22382412,54.12,7.64000000,0
1506520203,22382411,54.10,1.28000000,0
1506520202,22382410,54.09,5.08000000,0
1506520181,22382391,54.10,5.56586271,1
1506520133,22382366,54.16,47.46332549,1
1506520104,22382312,53.98,0.90000000,1
1506520101,22382301,53.87,6.22673100,1
1506520101,22382299,53.88,1.53144592,1
1506520101,22382298,53.90,64.39263222,0
1506520100,22382296,53.98,4.28000000,1
1506520100,22382295,53.98,21.41000000,1
1506520100,22382294,54.10,21.27437598,1
1506520099,22382293,54.20,50.88481488,1
1506520094,22382286,54.20,11.12191500,1
1506520075,22382256,54.27,5.84484982,0
1506520071,22382246,54.21,60.00000000,0
1506519871,22381898,54.30,4.00000000,0
1506519736,22381822,54.22,15.44000000,0
1506519735,22381821,54.22,34.56000000,1
1506519686,22381803,54.30,5.86179193,0
1506519667,22381795,54.31,141.00000000,0
1506519638,22381777,54.30,8.92033038,0
1506519597,22381725,54.30,3.14611674,0
1506519309,22381573,54.14,8.43268793,1
1506519294,22381570,54.31,1.72000000,0
1506519044,22381448,54.31,5.13388326,0
1506518766,22381153,54.24,2.61000000,0
1506518722,22381097,54.14,1.23094000,1
1506518602,22381016,54.25,10.00000000,0
1506518602,22381015,54.25,2.00000000,0
1506518561,22381001,54.12,10.42218508,1
1506518399,22380827,54.30,5.00000000,0
1506518389,22380821,54.10,3.72562402,1
1506518171,22380693,54.12,0.48764245,1
1506518104,22380580,54.11,3.12209573,1
1506517976,22380440,54.23,21.51300000,0
1506517806,22380285,54.15,1.67933878,0
1506517790,22380271,54.15,7.43018694,1
1506517778,22380255,54.18,1.74479000,1
1506517772,22380251,54.18,1.00000000,1
1506517753,22380201,54.18,12.25521000,1
1506517725,22380160,54.18,10.00000000,1
1506517629,22380055,54.19,3.11540000,1
1506517601,22380037,54.19,3.13100000,0
1506517599,22380034,54.19,15.16000000,1
1506517488,22379879,54.19,9.99750000,0
1506517486,22379875,54.30,0.00250000,1
1506517464,22379866,54.30,0.49750000,1
1506517404,22379796,54.39,1.83397683,0
1506517389,22379783,54.22,7.11472336,1
1506517362,22379712,54.33,64.46000000,1
1506517360,22379701,54.33,1.61000000,1
1506517030,22379455,54.53,1.09756098,0
1506516994,22379434,54.54,2.28657865,0
1506516993,22379432,54.53,6.18000000,0
1506516993,22379431,54.50,1.33050000,0
1506516991,22379429,54.43,57.01000000,0
1506516788,22379226,54.45,6.60000000,0
1506516759,22379191,54.44,7.34000000,0
1506516745,22379170,54.40,11.25643382,1
1506516690,22379111,54.40,7.51510000,1
1506516687,22379103,54.40,0.62000000,1
1506516633,22379043,54.40,1.08000000,1
1506516625,22379033,54.40,0.98950000,1
1506516441,22378861,54.40,4.70000000,1
1506516281,22378701,54.53,1.41247782,0
1506516244,22378643,54.53,0.10966440,0
1506516200,22378605,54.40,2.00000000,1
1506516167,22378519,54.44,21.64554010,0
1506516163,22378512,54.44,40.38493340,0
1506516163,22378511,54.44,2.00000000,0
1506516162,22378510,54.43,2.20000000,0
1506516162,22378509,54.43,12.96188449,0
1506516152,22378493,54.43,2.05432851,0
1506516152,22378492,54.42,15.56073809,0
1506516151,22378490,54.43,0.14378700,0
1506516145,22378482,54.39,2.20847000,1
1506516143,22378474,54.39,3.96434000,1
1506516134,22378450,54.40,10.80346464,0
1506516124,22378431,54.40,7.65002765,0
1506516123,22378425,54.39,24.51958080,0
1506516092,22378382,54.40,1.04071700,0
1506516090,22378379,54.40,1.04071700,0
1506516088,22378376,54.40,1.04071700,0
1506516086,22378375,54.40,1.04071700,0
1506516084,22378372,54.37,1.04071700,0
1506516077,22378362,54.40,2.38363971,0
1506515899,22378229,54.19,36.09570000,1
1506515882,22378211,54.19,2.00000000,1
1506515649,22378071,54.32,5.32144224,0
1506515578,22378019,54.30,1.09000000,1
1506515577,22378018,54.30,63.40242000,1
1506515577,22378017,54.31,29.89328000,1
1506515576,22378014,54.31,15.56000800,1
1506515568,22378010,54.31,0.13000000,1
1506515564,22378008,54.31,0.96000000,1
1506515561,22378005,54.31,0.15000000,1
1506515557,22378003,54.31,0.90000000,1
1506515532,22377991,54.31,4.99448000,1
1506515508,22377968,54.31,0.56000000,1
1506515505,22377966,54.31,0.37000000,1
1506515502,22377963,54.31,3.15628000,1
1506515501,22377922,54.31,0.53000000,1
1506515497,22377916,54.31,0.24000000,1
1506515493,22377912,54.31,0.77000000,1
1506515489,22377904,54.31,0.63000000,1
1506515485,22377901,54.31,0.52000000,1
1506515481,22377890,54.31,0.95000000,1
1506515476,22377883,54.31,0.13000000,1
1506515472,22377880,54.31,0.42000000,1
1506515468,22377877,54.31,0.32000000,1
1506515465,22377874,54.31,0.45595200,1
1506515448,22377854,54.31,0.24000000,1
1506515444,22377850,54.31,0.11000000,1
1506515440,22377847,54.31,0.46000000,1
1506515436,22377841,54.31,0.38000000,1
1506515432,22377828,54.31,0.58000000,1
1506515427,22377825,54.31,0.75000000,1
1506515424,22377821,54.31,0.42000000,1
1506515420,22377818,54.31,0.83000000,1
1506515417,22377817,54.31,0.65000000,1
1506515397,22377791,54.30,20.00000000,1
1506515388,22377787,54.30,0.11614000,1
1506515385,22377782,54.30,0.43000000,1
1506515382,22377781,54.30,0.87000000,1
1506515376,22377776,54.30,0.60000000,1
1506515372,22377770,54.30,0.75000000,1
1506515369,22377765,54.30,0.46000000,1
1506515364,22377764,54.30,0.32000000,1
1506515360,22377760,54.30,0.21000000,1
1506515356,22377756,54.30,0.36000000,1
1506515353,22377751,54.30,0.46000000,1
1506515352,22377749,54.30,2.50000000,1
1506515349,22377745,54.30,1.97185000,1
1506515335,22377734,54.30,0.53959000,1
1506515328,22377725,54.30,0.96000000,1
1506515325,22377721,54.30,2.50000000,1
1506515324,22377720,54.30,0.99000000,1
1506515320,22377715,54.30,0.12000000,1
1506515317,22377711,54.30,0.53000000,1
1506515313,22377707,54.30,0.82000000,1
1506515270,22377680,54.15,17.56981306,1
1506515231,22377657,54.30,4.12016554,1
1506515229,22377656,54.30,0.27831428,0
1506515041,22377503,54.30,2.40000000,0
1506514980,22377470,54.18,2.03359000,1
1506514944,22377409,54.18,4.77832522,1
1506514935,22377393,54.16,14.11918800,1
1506514922,22377377,54.16,5.48764400,1
1506514886,22377295,54.17,5.30500000,1
1506514878,22377278,54.17,47.53247813,1
1506514852,22377240,54.17,5.48764352,1
1506514852,22377239,54.27,0.00000048,1
1506514828,22377201,54.27,2.71191000,1
1506514785,22377140,54.34,0.85885167,0
1506514784,22377139,54.28,9.72455959,0
1506514784,22377138,54.28,4.11857087,0
1506514753,22377128,54.28,0.25000000,0
1506514750,22377126,54.28,5.06000000,0
1506514697,22377067,54.28,3.67575534,0
1506514611,22376966,54.24,5.69792950,1
1506514611,22376963,54.26,0.00007899,1
1506514610,22376961,54.26,4.40785072,1
1506514608,22376956,54.26,2.18300775,1
1506514601,22376946,54.26,4.98919230,1
1506514600,22376943,54.26,5.05987024,1
1506514597,22376933,54.30,62.74359581,1
1506514597,22376930,54.30,3.94221903,1
1506514597,22376929,54.28,12.20847616,0
1506514597,22376928,54.27,6.10570900,0
1506514596,22376927,54.24,6.62055084,1
1506514596,22376926,54.25,0.00012516,1
1506514595,22376924,54.25,18.38987484,1
1506514594,22376921,54.28,0.89579136,1
1506514592,22376912,54.28,13.10420864,0
1506514587,22376905,54.25,0.02800000,1
1506514587,22376904,54.28,40.00000000,1
1506514495,22376776,54.16,0.24679700,1
1506514426,22376681,54.26,0.41114500,0
1506514346,22376631,54.26,1.10848200,0
1506514247,22376484,54.15,4.14000000,1
1506514181,22376398,54.10,1.31018000,1
1506514147,22376374,54.10,4.19400000,1
1506514135,22376363,54.10,12.90300000,1
1506513944,22376194,54.23,5.06453992,0
1506513873,22376144,54.00,14.79897072,0
1506513873,22376143,54.00,73.98778240,0
1506513873,22376142,54.03,25.92838100,1
1506513526,22375754,54.38,2.43949982,0
1506513415,22375621,54.24,31.13009132,1
1506513351,22375549,54.30,1.00000000,0
1506513305,22375508,54.22,7.43630700,0
1506513219,22375442,54.12,35.29256600,1
1506513208,22375426,54.12,0.25000000,1
1506513195,22375411,54.14,57.87000000,1
1506513136,22375374,54.00,16.19936030,0
1506513129,22375373,53.93,4.93951844,1
1506512953,22375202,54.00,5.44666700,0
1506512942,22375190,54.00,1.00000000,0
1506512908,22375146,54.00,1.00000000,0
1506512898,22375133,54.00,20.00000000,0
1506512785,22375066,54.05,2.76854764,0
1506512783,22375060,54.05,0.25000000,0
1506512737,22374984,54.05,0.25000000,0
1506512690,22374940,53.95,34.62687988,0
1506512598,22374883,54.05,45.88352500,0
1506512585,22374872,54.09,40.76250000,0
1506512494,22374766,54.18,3.68253968,0
1506512477,22374743,54.19,4.60000000,0
1506512469,22374727,54.20,4.00560794,0
1506512467,22374724,53.87,21.09000000,1
1506512465,22374721,54.17,2.00000000,1
1506512437,22374640,54.20,58.30261572,1
1506512428,22374615,54.20,3.72785778,1
1506512428,22374613,54.21,1.52214222,1
1506512405,22374527,54.23,15.16000000,1
1506512399,22374518,54.22,30.00000000,1
1506512384,22374514,54.26,1.52074242,1
1506512384,22374513,54.27,1.52094782,1
1506512381,22374510,54.31,11.76358322,0
1506512381,22374509,54.28,0.47981678,0
1506512379,22374508,54.28,1.52018322,1
1506512363,22374480,54.37,1.51767190,1
1506512354,22374476,54.39,1.14711496,1
1506512328,22374452,54.39,0.37000000,1
1506512247,22374406,54.46,6.64246000,0
1506512242,22374403,54.47,0.00155230,1
1506512152,22374278,54.53,5.97651000,0
1506512150,22374273,54.43,2.21836770,0
1506512126,22374243,54.43,13.28163230,1
1506511938,22374012,54.67,3.95833653,0
1506511938,22374010,54.66,15.00000000,0
1506511917,22373981,54.46,20.37700000,1
1506511871,22373929,54.43,8.17477000,1
1506511869,22373923,54.43,72.52359770,1
1506511869,22373921,54.43,1.51600230,1
1506511806,22373811,54.64,1.77481186,1
1506511805,22373808,54.64,1.48287482,0
1506511805,22373807,54.61,15.00000000,0
1506511756,22373773,54.60,5.00000000,0
1506511565,22373575,54.44,3.63459010,1
1506511565,22373573,54.46,0.10999990,1
1506511477,22373465,54.60,4.02124542,0
1506511426,22373382,54.50,21.91941009,1
1506511425,22373380,54.50,50.00000000,0
1506511346,22373168,54.46,0.25000000,1
1506511314,22373037,54.60,11.65677655,0
1506511146,22372365,54.63,9.21330780,1
1506511142,22372352,54.63,16.49019000,1
1506511134,22372339,54.63,0.48000000,1
1506511134,22372336,54.63,4.80942800,1
1506511134,22372335,54.63,1.10156300,1
1506511134,22372334,54.63,9.89770900,1
1506511131,22372330,54.63,2.65510000,1
1506511130,22372329,54.63,18.89496100,1
1506511130,22372328,54.63,1.10156300,1
1506511130,22372327,54.63,10.00000000,1
1506511129,22372326,54.63,30.00000000,1
1506511126,22372321,54.64,0.20712518,0
1506511119,22372310,54.63,0.24000000,1
1506511108,22372287,54.63,16.49019000,1
1506511108,22372286,54.63,54.00000000,1
1506511102,22372284,54.63,4.09526462,1
1506511100,22372282,54.63,1.00000000,1
1506511098,22372281,54.63,5.00000000,1
1506511089,22372271,54.63,2.99250000,1
1506511088,22372269,54.63,0.62000000,1
1506511082,22372253,54.63,14.87351273,0
1506511072,22372245,54.63,0.12648727,1
1506511070,22372243,54.57,0.97014022,0
1506511062,22372229,54.46,1.15516897,1
1506511062,22372228,54.47,0.36000003,1
1506511061,22372225,54.47,1.15489124,1
1506511061,22372224,54.48,1.15461376,1
1506511056,22372215,54.48,0.36000000,1
1506511030,22372133,54.57,0.54198048,0
1506511024,22372124,54.50,65.27559614,1
1506511010,22372091,54.50,40.00000000,1
1506511009,22372090,54.50,25.52578543,1
1506511000,22372073,54.50,5.08555894,1
1506511000,22372071,54.50,1.51405906,1
1506510952,22371937,54.57,0.00000005,1
1506510947,22371912,54.57,1.51212075,1
1506510849,22371585,54.58,11.97714024,1
1506510849,22371584,54.58,1.51184431,1
1506510849,22371583,54.60,25.00000000,1
1506510848,22371582,54.61,1.51101545,1
1506510843,22371570,54.86,1.50438600,0
1506510833,22371532,54.87,59.84034991,0
1506510832,22371531,54.82,1.51408073,0
1506510832,22371530,54.80,0.17189200,0
1506510832,22371529,54.78,81.09510771,0
1506510830,22371524,54.77,39.39742529,0
1506510728,22371111,54.77,10.60767368,0
1506510680,22370905,54.73,3.84260190,0
1506510666,22370864,54.78,15.40069368,1
1506510666,22370861,54.75,2.81000000,1
1506510663,22370848,54.75,1.50755558,0
1506510659,22370818,54.77,18.21252510,0
1506510657,22370814,54.70,0.45500000,1
1506510656,22370812,54.78,8.90489229,0
1506510655,22370811,54.74,3.33000000,0
1506510655,22370810,54.74,1.46572100,1
1506510655,22370808,54.72,0.51707097,0
1506510655,22370807,54.72,1.00000000,0
1506510655,22370806,54.72,3.00000000,0
1506510648,22370794,54.71,1.50890316,0
1506510646,22370791,54.68,0.85789778,1
1506510645,22370786,54.70,8.52220704,1
1506510645,22370785,54.70,1.51756242,0
1506510645,22370784,54.70,1.52074242,0
1506510644,22370782,54.69,5.15549968,1
1506510644,22370780,54.69,1.52102217,0
1506510642,22370775,54.68,0.00000003,1
1506510641,22370771,54.68,0.85789778,1
1506510634,22370732,54.68,0.65183320,0
1506510633,22370730,54.68,1.82425018,0
1506510631,22370723,54.67,1.82458387,0
1506510626,22370696,54.68,1.82391662,0
1506510624,22370681,54.68,1.82425018,0
1506510623,22370680,54.68,1.82425018,0
1506510621,22370676,54.68,0.01911494,0
1506510621,22370675,54.68,1.52130203,0
1506510621,22370674,54.67,0.28397453,0
1506510621,22370673,54.67,1.23760746,0
1506510620,22370669,54.66,1.52186205,0
1506510620,22370667,54.65,1.52214222,0
1506510620,22370664,54.64,1.52242249,0
1506510619,22370662,54.63,1.52270286,0
1506510619,22370661,54.62,1.51971224,0
1506510619,22370660,54.62,1.52298334,0
1506510618,22370659,54.60,1.08842257,0
1506510618,22370658,54.60,0.10000000,0
1506510618,22370657,54.60,0.33193463,0
1506510618,22370654,54.60,7.61380081,0
1506510617,22370651,54.60,1.82692308,0
1506510615,22370645,54.60,1.82692308,0
1506510614,22370641,54.59,1.51194768,1
1506510611,22370621,54.54,0.25000000,1
1506510609,22370613,54.60,1.82692308,0
1506510607,22370604,54.60,4.59450032,0
1506510607,22370600,54.60,32.31092963,0
1506510606,22370598,54.58,0.17326400,0
1506510606,22370595,54.57,16.96000000,0
1506510606,22370594,54.55,0.55580637,0
1506510605,22370590,54.55,0.96577562,0
1506510605,22370589,54.55,0.86282200,0
1506510595,22370543,54.55,0.65884509,0
1506510594,22370540,54.52,1.17039619,0
1506510587,22370520,54.52,1.82960381,0
1506510581,22370498,54.50,39.59450032,0
1506510578,22370480,54.50,1.83027523,0
1506510573,22370464,54.50,15.00000000,0
1506510567,22370435,54.50,37.08186800,0
1506510564,22370429,54.50,1.51408073,0
1506510561,22370415,54.50,11.82927572,0
1506510561,22370414,54.48,1.52354460,0
1506510561,22370413,54.47,7.29473368,0
1506510557,22370406,54.47,54.56172277,0
1506510557,22370405,54.47,1.52391434,0
1506510557,22370403,54.44,0.52466836,0
1506510557,22370402,54.44,1.00000000,0
1506510556,22370401,54.44,1.04989923,0
1506510556,22370400,54.42,1.20460000,0
1506510556,22370399,54.42,0.13519530,0
1506510551,22370382,54.42,0.18320470,0
1506510539,22370348,54.41,0.00844130,0
1506510536,22370337,54.40,1.34270568,0
1506510533,22370324,54.40,0.18327206,0
1506510532,22370310,54.37,0.44911997,0
1506510531,22370308,54.37,0.00112694,0
1506510531,22370306,54.37,1.52551200,0
1506510527,22370290,54.34,0.19962600,0
1506510520,22370256,54.32,0.54000000,1
1506510517,22370246,54.32,0.98000000,1
1506510516,22370244,54.32,0.25000000,1
1506510512,22370230,54.30,0.24000000,1
1506510504,22370173,54.31,0.68000000,0
1506510502,22370167,54.31,0.77491300,1
1506510422,22369901,54.33,2.17088373,1
1506510418,22369900,54.33,0.00000528,0
1506510332,22369756,54.32,8.48262150,1
1506510331,22369753,54.32,0.70000000,1
1506510311,22369710,54.28,13.04870000,1
1506510206,22369574,54.32,5.16000000,1
1506510206,22369573,54.32,10.00000000,1
1506510194,22369554,54.33,1.52776200,0
1506510193,22369551,54.32,3.00000000,0
1506510154,22369481,54.30,29.00000000,1
1506510147,22369460,54.30,1.00000000,1
1506510138,22369443,54.30,1.51971224,0
1506510133,22369437,54.31,7.82825350,0
1506510133,22369435,54.31,1.52852057,0
1506510124,22369410,54.30,1.08842257,1
1506510121,22369394,54.30,0.10000000,1
1506510112,22369374,54.30,1.19668000,0
1506510110,22369372,54.29,0.18097645,0
1506510109,22369371,54.28,1.52861463,0
1506510090,22369334,54.13,0.50000000,1
1506510086,22369311,54.29,1.34785777,0
1506510085,22369309,54.22,0.00027264,0
1506510080,22369289,54.22,11.02630000,0
1506510078,22369286,54.22,5.43987000,0
1506510075,22369278,54.22,0.20000000,0
1506510073,22369272,54.22,0.10000000,0
1506510055,22369208,54.22,1.00000000,0
1506510054,22369205,54.22,9.19955736,0
1506509960,22368992,54.09,1.00000000,1
1506509890,22368830,54.22,1.03400000,0
1506509890,22368828,54.21,0.00000500,0
1506509876,22368786,54.21,3.18361700,0
1506509872,22368776,54.21,4.48237800,0
1506509868,22368764,54.21,2.77000000,0
1506509864,22368755,54.21,4.72400000,0
1506509741,22368491,54.08,40.00000000,1
1506509718,22368390,54.13,2.60999500,0
1506509639,22368152,54.06,1.00000000,1
1506509637,22368140,53.92,21.36758161,0
1506509628,22368114,53.92,28.63241839,0
1506509558,22367975,53.92,20.00000000,0
1506509472,22367871,53.78,6.97248048,1
1506509443,22367813,53.77,5.01066132,1
1506509443,22367811,53.77,29.33200000,1
1506509443,22367810,53.77,29.33200000,1
1506509443,22367809,53.77,29.33200000,1
1506509443,22367808,53.77,2.00601598,1
1506509392,22367704,53.78,37.61123019,0
1506509378,22367687,53.79,2.38876981,0
1506509378,22367686,53.78,0.49047019,0
1506509374,22367676,53.77,11.73137467,1
1506509351,22367658,53.78,29.73079000,1
1506509286,22367581,53.80,1.00000000,0
1506509277,22367571,53.80,1.00000000,0
1506509272,22367565,53.71,15.59460935,0
1506509272,22367564,53.71,1.00000000,0
1506509272,22367556,53.71,12.73736700,0
1506509270,22367545,53.71,17.61000000,0
1506509261,22367537,53.80,1.00000000,0
1506509259,22367533,53.80,10.60000000,1
1506509228,22367516,53.81,2.74874000,0
1506509219,22367489,53.81,2.00297342,0
1506509217,22367485,53.81,1.99961732,0
1506509208,22367469,53.80,9.40000000,1
1506509202,22367463,53.81,7.22240802,0
1506509202,22367462,53.81,30.89363200,1
1506509202,22367461,53.82,2.72684200,0
1506509195,22367452,53.82,1.07709000,0
1506509190,22367448,53.82,1.00000000,0
1506509189,22367445,53.82,0.91607200,0
1506509188,22367444,53.82,0.10131700,0
1506509187,22367442,53.82,7.22160265,0
1506509169,22367402,53.88,11.11707398,1
1506509169,22367399,53.88,14.87050600,1
1506509168,22367397,53.88,17.74214700,1
1506509148,22367375,53.88,1.78050000,1
1506509120,22367353,53.88,11.26663300,1
1506509109,22367346,53.88,13.72275300,1
1506509097,22367255,53.88,29.50038702,1
1506509067,22367222,53.89,40.00000000,1
1506509058,22367213,53.90,10.78026500,1
1506508848,22367025,54.21,0.88138719,0
1506508848,22367022,54.21,15.00000000,1
1506508846,22367016,53.91,3.48590000,0
1506508846,22367015,53.91,22.75237968,0
1506508839,22367004,53.92,13.76172032,1
1506508769,22366909,54.03,1.36100000,0
1506508735,22366859,54.20,4.44445802,1
1506508734,22366856,54.20,5.55554198,0
1506508734,22366855,54.10,10.00000000,0
1506508726,22366852,53.91,40.00000000,1
1506508669,22366707,53.93,7.46289900,1
1506508660,22366694,53.92,32.53710100,0
1506508568,22366614,53.92,30.00000000,1
1506508566,22366608,53.91,10.00000000,1
1506508552,22366595,54.00,10.00000000,1
1506508427,22366407,54.09,15.16000000,1
1506508425,22366401,54.09,15.16000000,0
1506508242,22366021,53.93,39.97368000,1
1506508220,22365985,54.13,68.93336943,0
1506508219,22365984,54.12,0.06029731,0
1506508219,22365982,54.05,31.00633326,0
1506508186,22365877,54.05,0.99999962,0
1506508186,22365876,54.00,0.00000038,0
1506508180,22365862,54.00,1.75394900,0
1506507960,22365373,53.79,39.97368000,1
1506507913,22365263,53.79,1.21784010,1
1506507913,22365262,53.82,10.00000000,1
1506507870,22365118,53.83,1.00000000,1
1506507829,22364979,54.12,2.93970269,0
1506507829,22364978,54.11,38.22885645,0
1506507829,22364977,54.00,1.52193420,0
1506507813,22364949,53.86,38.22885645,1
1506507812,22364943,54.00,0.00000419,1
1506507811,22364939,54.00,15.98978000,1
1506507808,22364922,54.00,1.74482355,1
1506507751,22364816,54.00,19.00000000,1
1506507713,22364711,54.00,67.98600000,1
1506507708,22364702,54.07,73.97817644,1
1506507704,22364689,54.11,47.53247813,0
1506507699,22364670,54.00,228.00000000,1
1506507677,22364614,54.00,19.95006000,1
1506507674,22364606,54.00,45.82736800,1
1506507673,22364604,54.00,1.46868000,1
1506507673,22364603,54.00,78.24455800,1
1506507670,22364589,54.00,243.00000000,1
1506507669,22364583,54.00,34.91782300,1
1506507668,22364581,54.00,25.27424134,1
1506507668,22364580,54.01,14.72575866,1
1506507667,22364573,54.04,1.52597774,0
1506507659,22364558,54.01,0.00828225,0
1506507652,22364545,54.00,0.32051745,1
1506507619,22364460,54.00,60.00000000,0
1506507619,22364458,54.00,1.00000000,0
1506507619,22364456,54.00,1.69350000,0
1506507618,22364453,54.00,45.17268113,0
1506507618,22364451,54.00,0.48000000,0
1506507618,22364449,54.00,2.00000000,0
1506507618,22364448,53.99,4.88000000,0
1506507618,22364447,53.99,1.53737519,0
1506507618,22364445,53.97,100.00000000,0
1506507618,22364444,53.95,1.51258811,0
1506507618,22364442,53.90,0.00000004,0
1506507566,22364331,53.90,22.75297400,0
1506507555,22364292,53.90,1.91332100,0
1506507554,22364290,53.90,5.98928226,0
1506507554,22364288,53.90,2.99729874,0
1506507553,22364287,53.90,0.72273400,0
1506507550,22364277,53.90,17.27622800,0
1506507549,22364270,53.80,4.75403000,0
1506507548,22364266,53.80,0.35000000,0
1506507547,22364261,53.80,0.72271600,0
1506507543,22364244,53.80,14.25321500,0
1506507542,22364231,53.80,0.72286800,0
1506507527,22364187,53.80,24.80240700,0
1506507524,22364182,53.80,10.15355100,0
1506507517,22364158,53.80,5.73141300,0
1506507512,22364146,53.71,27.97531202,1
1506507512,22364145,53.71,0.50222000,1
1506507501,22364110,53.68,5.08217700,1
1506507494,22364064,53.80,6.00000000,0
1506507487,22364025,53.69,4.32000000,0
1506507486,22364022,53.69,0.50135000,0
1506507483,22364009,53.69,1.53441798,0
1506507476,22363986,53.80,28.49000000,0
1506507469,22363940,53.80,59.98490000,0
1506507454,22363890,53.80,9.00000000,0
1506507444,22363857,53.89,40.03490000,1
1506507444,22363851,53.89,19.95000000,0
1506507417,22363735,53.86,15.00000000,0
1506507398,22363680,53.87,7.50044200,0
1506507395,22363671,53.88,3.23100000,0
1506507387,22363658,53.87,7.71260000,1
1506507377,22363641,53.87,52.27230000,1
1506507363,22363601,53.88,10.00000000,0
1506507355,22363572,53.87,37.61144431,0
1506507355,22363571,53.86,2.70099461,0
1506507355,22363570,53.86,10.38568708,0
1506507354,22363568,53.76,4.09530000,0
1506507349,22363554,53.66,10.94910000,1
1506507340,22363526,53.76,4.09530000,0
1506507338,22363515,53.76,4.09530000,0
1506507338,22363514,53.76,4.09530000,0
1506507338,22363513,53.76,4.09530000,0
1506507338,22363512,53.76,4.09530000,0
1506507334,22363492,53.64,76.69040000,1
1506507324,22363448,53.63,99.80000000,1
1506507315,22363394,53.75,12.05283100,0
1506507312,22363344,53.63,9.37190000,1
1506507311,22363340,53.64,57.57000000,1
1506507309,22363319,53.76,4.09530000,0
1506507309,22363317,53.76,4.09530000,0
1506507308,22363316,53.76,1.89356905,0
1506507308,22363313,53.76,38.35753095,0
1506507308,22363312,53.76,40.25110000,0
1506507306,22363297,53.75,10.08000000,0
1506507271,22363025,53.68,111.95510849,0
1506507271,22363023,53.66,2.76002549,0
1506507252,22362885,53.50,45.09279789,1
1506507252,22362883,53.56,0.00490211,1
1506507242,22362842,53.56,2.39230000,1
1506507238,22362829,53.74,1.02109565,0
1506507238,22362828,53.74,8.92514749,0
1506507237,22362818,53.74,26.07485251,1
1506507236,22362813,53.74,8.82986600,1
1506507233,22362808,53.75,4.09530000,0
1506507233,22362807,53.75,4.09530000,0
1506507233,22362806,53.74,14.76000000,0
1506507233,22362805,53.73,4.66344371,0
1506507232,22362803,53.56,9.72511851,1
1506507232,22362801,53.71,0.09528149,1
1506507231,22362798,53.73,0.00013809,1
1506507227,22362790,53.73,9.83986191,1
1506507225,22362781,53.71,15.16000000,0
1506507222,22362773,53.53,99.80000000,1
1506507214,22362744,53.72,5.00000000,0
1506507212,22362733,53.47,5.40410000,1
1506507211,22362731,53.49,32.50000000,1
1506507209,22362720,53.73,1.12227670,0
1506507201,22362698,53.50,1.11980000,1
1506507191,22362651,53.69,47.78530000,1
1506507190,22362646,53.72,1.53680282,1
1506507190,22362642,53.85,4.09526462,1
1506507188,22362631,53.89,28.03599925,1
1506507188,22362626,53.88,12.21000000,0
1506507188,22362623,53.88,30.57857030,1
1506507188,22362619,53.88,57.29000000,1
1506507187,22362615,53.86,38.35248700,1
1506507187,22362613,53.72,3.00000000,0
1506507185,22362602,53.63,1.54790476,0
1506507184,22362600,53.60,9.00000000,0
1506507184,22362598,53.58,0.34923675,0
1506507168,22362531,53.52,37.93690000,0
1506507167,22362529,53.52,37.93690000,0
1506507167,22362527,53.52,37.93690000,0
1506507167,22362525,53.52,37.93690000,0
1506507167,22362522,53.52,25.73270857,0
1506507162,22362475,53.52,12.20419143,0
1506507161,22362474,53.52,32.16353187,0
1506507161,22362473,53.51,14.51000000,0
1506507156,22362451,53.40,0.49900000,1
1506507154,22362441,53.50,1.12227670,0
1506507141,22362389,53.52,1.19000000,0
1506507141,22362388,53.51,4.00000000,0
1506507139,22362373,53.50,6.64316900,0
1506507136,22362360,53.41,26.96800000,1
1506507131,22362344,53.51,4.00000000,0
1506507127,22362329,53.52,2.26900400,0
1506507126,22362313,53.52,1.18484300,0
1506507126,22362308,53.41,0.36830000,1
1506507120,22362265,53.49,1.67298400,0
1506507116,22362253,53.41,75.04470000,1
1506507113,22362244,53.53,1.12952113,1
1506507112,22362234,53.53,36.80742800,1
1506507111,22362228,53.53,19.06305087,0
1506507111,22362225,53.52,3.00000000,0
1506507110,22362216,53.48,36.80541600,1
1506507105,22362175,53.40,6.60440900,1
1506507104,22362172,53.40,8.15499500,1
1506507104,22362166,53.40,73.57714700,1
1506507096,22362132,53.40,26.04780000,1
1506507086,22362057,53.33,33.90310000,1
1506507075,22361993,53.26,99.80000000,1
1506507065,22361920,53.32,3.00000000,0
1506507065,22361916,53.30,1.55740752,0
1506507065,22361914,53.25,8.46610000,1
1506507055,22361849,53.22,9.98000000,1
1506507044,22361799,53.18,13.41820000,1
1506507023,22361699,53.05,0.99800000,1
1506506981,22361623,53.04,9.46810000,1
1506506965,22361600,53.04,22.72450000,1
1506506954,22361571,53.04,20.32930000,1
1506506943,22361550,53.03,9.21160000,1
1506506933,22361519,53.01,9.22160000,1
1506506917,22361455,53.00,9.22160000,1
1506506898,22361356,53.04,9.22160000,1
1506506836,22361203,53.00,0.79840000,1
1506506813,22361176,53.04,3.38930000,1
1506506793,22361153,53.06,15.12970000,1
1506506777,22361134,53.06,29.98990000,1
1506506767,22361126,53.08,9.21160000,1
1506506756,22361106,53.05,9.22160000,1
1506506598,22360755,53.16,63.06321600,0
1506506553,22360615,52.96,2.65270000,1
1506506543,22360595,53.18,11.65000000,0
1506506501,22360578,53.14,3.49492000,0
1506506501,22360576,53.13,17.05000000,0
1506506494,22360575,53.13,17.05000000,0
1506506494,22360574,53.12,69.08778240,0
1506506477,22360553,53.12,4.90000000,0
1506506449,22360531,52.94,13.76150000,1
1506506439,22360509,52.93,14.23450000,1
1506506429,22360476,52.91,16.61870000,1
1506506422,22360462,53.10,3.95939800,0
1506506396,22360373,52.81,34.47600000,1
1506506376,22360345,53.05,1.61280000,1
1506506362,22360324,53.04,5.06260500,0
1506506352,22360296,53.06,4.30000000,0
1506506342,22360273,53.04,0.21205000,1
1506506302,22360215,52.80,1.84440000,1
1506506253,22360128,52.70,41.71096031,0
1506506252,22360126,52.70,71.38083856,0
1506506252,22360123,52.70,208.00000000,0
1506506251,22360121,52.70,15.00000000,0
1506506250,22360120,52.70,0.47817742,0
1506506250,22360118,52.70,1.00000000,1
1506506250,22360117,52.75,5.85000000,1
1506506250,22360116,52.76,112.00000000,1
1506506250,22360114,52.78,25.00000000,1
1506506250,22360111,52.81,100.00000000,1
1506506249,22360108,52.82,20.00000000,1
1506506249,22360106,52.83,29.23000000,1
1506506249,22360105,52.87,15.58000000,1
1506506249,22360104,52.88,73.98778240,1
1506506193,22359969,52.86,0.99800000,1
1506506172,22359843,52.83,1.15894612,1
1506506172,22359841,52.90,14.37995388,1
1506506164,22359786,53.11,14.88868762,0
1506506134,22359542,52.90,15.53890000,1
1506506120,22359526,52.90,15.53890000,1
1506506110,22359518,52.90,15.53890000,1
1506506103,22359511,53.12,15.50000000,0
1506506060,22359471,52.91,3.46310000,1
1506506050,22359467,52.90,3.46335954,1
1506506050,22359466,52.91,0.00274046,1
1506506013,22359439,52.91,1.63680000,1
1506505996,22359412,52.91,1.99600000,1
1506505986,22359351,52.91,8.76250000,1
1506505946,22359327,52.90,13.00000000,1
1506505929,22359312,52.90,1.16778658,1
1506505835,22359178,53.00,10.00000000,0
1506505774,22359044,52.90,15.37220000,1
1506505728,22359014,52.82,0.32864000,1
1506505662,22358942,53.10,3.75743879,0
1506505623,22358888,52.82,11.06021459,1
1506505623,22358885,52.84,0.05000000,1
1506505585,22358797,52.85,13.56290000,1
1506505575,22358781,52.84,19.95000000,1
1506505575,22358780,53.00,0.01000000,1
1506505542,22358731,53.00,4.99000000,1
1506505540,22358727,53.12,4.50131777,0
1506505535,22358719,53.12,9.02108433,0
1506505472,22358517,53.08,0.00205086,1
1506505471,22358516,53.08,1.01800000,1
1506505276,22358255,53.06,3.05190000,1
1506505255,22358241,53.06,66.94190000,1
1506505191,22358155,53.00,7.98400000,0
1506505156,22358139,52.81,0.99800000,1
1506505100,22358052,52.78,6.98600000,1
1506505090,22358032,52.75,45.82320000,1
1506505036,22358008,52.72,12.66970000,1
1506505026,22358000,52.71,0.99800000,1
1506504658,22357588,52.84,9.79190000,1
1506504658,22357587,52.85,57.15000000,1
1506504647,22357530,53.11,127.51496892,1
1506504647,22357524,53.11,3.99755226,1
1506504627,22357509,53.14,11.12721600,0
1506504627,22357508,53.13,11.48000000,0
1506504627,22357506,53.12,2.00000000,0
1506504627,22357505,53.00,3.39278400,0
1506504624,22357463,52.85,0.00000028,0
1506504590,22357400,52.79,0.11480000,1
1506504578,22357384,52.85,1.45735700,0
1506504570,22357374,52.85,1.93585100,0
1506504561,22357358,52.85,16.98845790,0
1506504561,22357354,52.85,2.13491100,0
1506504559,22357353,52.85,0.63300000,0
1506504536,22357297,52.85,3.34589700,0
1506504517,22357265,52.85,26.67389100,0
1506504502,22357240,52.76,4.99000000,1
1506504446,22357172,52.85,64.48333822,0
1506504446,22357171,52.84,41.13000000,0
1506504406,22357143,52.83,32.48827645,1
1506504405,22357142,52.83,3.11794200,0
1506504402,22357138,52.83,1.00000000,0
1506504384,22357121,52.83,37.00309900,0
1506504379,22357114,52.83,8.39923500,0
1506504347,22357067,52.75,88.62748374,1
1506504318,22357020,52.83,0.47972400,0
1506504278,22356934,52.70,0.00000534,0
1506504083,22356789,52.70,4.52172800,0
1506504059,22356768,52.70,6.16365600,0
1506504049,22356759,52.70,4.52173300,0
1506504016,22356727,52.70,5.43244200,0
1506503996,22356702,52.70,6.01178200,0
1506503919,22356667,52.70,1.70000000,0
1506503716,22356485,52.70,18.70948766,0
1506503456,22356407,52.70,18.97349600,0
1506503448,22356404,52.70,9.62248900,0
1506503447,22356403,52.70,31.00900000,0
1506503444,22356402,52.70,9.37000000,0
1506503425,22356399,52.70,5.79067000,0
1506503416,22356392,52.70,1.17475400,0
1506503385,22356381,52.70,3.65875700,0
1506502509,22356014,52.73,0.97320614,0
1506502174,22355858,52.58,1.00000000,1
1506502074,22355779,52.66,5.00000000,1
1506502043,22355761,52.82,0.28322605,0
1506501723,22355510,52.64,30.06600000,1
1506501627,22355479,52.60,2.00000000,0
1506501090,22355150,52.82,9.44244604,0
1506501068,22355141,52.60,2.01542182,1
1506500991,22355097,52.79,3.88230000,1
1506500906,22355053,52.79,48.99376714,1
1506500896,22355045,52.62,4.00000000,1
1506500703,22354877,52.82,3.87728589,0
1506500700,22354875,52.82,0.00062986,1
1506500699,22354874,52.82,0.44910000,1
1506500697,22354871,52.83,0.44972986,0
1506500690,22354867,52.83,3.88680673,0
1506500561,22354794,52.81,1.68358265,0
1506500286,22354527,52.88,2.66168683,0
1506500104,22354365,52.67,10.00000000,1
1506500002,22354266,52.87,0.77908076,0
1506499991,22354255,52.86,2.43094967,0
1506499853,22354208,52.90,1.57996219,0
1506499849,22354207,52.90,1.34000000,0
1506499848,22354205,52.63,1.59951686,0
1506499847,22354204,52.63,46.31200000,1
1506499588,22354101,52.71,22.71950000,1
1506499513,22354065,52.58,61.28615975,1
1506499513,22354063,52.58,4.65707191,0
1506499513,22354062,52.71,51.12488381,0
1506499511,22354060,52.71,14.19300000,1
1506499348,22354020,52.84,31.72000000,0
1506499348,22354019,52.83,18.28000000,0
1506499088,22353926,52.88,4.18085023,0
1506498956,22353850,52.89,3.63849498,0
1506498856,22353796,52.85,2.14474929,0
1506498840,22353780,52.91,3.27399848,0
1506498159,22353379,52.97,8.85544442,0
1506498128,22353361,52.86,15.00000000,1
1506497889,22353199,52.85,0.86877980,1
1506497889,22353198,52.86,15.00000000,1
1506497551,22352890,52.94,9.18529282,1
1506497471,22352763,52.89,34.90000000,1
1506497471,22352762,52.90,15.00000000,1
1506497395,22352650,52.95,4.36565855,0
1506497395,22352649,52.95,7.45231400,0
1506497369,22352639,52.95,11.11226545,0
1506497346,22352619,52.95,61.89876200,0
1506497336,22352612,52.84,39.86020000,1
1506497325,22352609,52.90,42.35123400,0
1506497288,22352597,52.90,6.64876600,0
1506497223,22352583,52.73,11.47520000,1
1506497223,22352582,52.74,28.36500000,1
1506497142,22352556,52.78,10.13970000,1
1506497122,22352553,52.68,14.92051410,1
1506497122,22352552,52.79,0.04948590,1
1506497110,22352549,52.79,9.13580110,1
1506497110,22352548,52.79,15.65459890,1
1506496992,22352501,52.83,1.56089771,0
1506496980,22352495,52.84,3.04433600,0
1506496974,22352489,52.83,14.91218922,0
1506496971,22352484,52.77,14.76491800,0
1506496970,22352483,52.78,9.18488820,1
1506496969,22352482,52.78,5.57962507,0
1506496967,22352479,52.79,177.34500000,1
1506496780,22352351,52.62,42.70306654,1
1506496779,22352350,52.63,100.00000000,1
1506496779,22352349,52.64,91.00000000,1
1506496779,22352348,52.64,5.54000000,1
1506496779,22352347,52.81,144.29000000,1
1506496779,22352346,52.82,1.46693346,1
1506496779,22352345,52.83,15.00000000,1
1506496715,22352299,52.69,14.76491789,1
1506496715,22352298,52.94,7.57238211,1
1506496713,22352297,52.94,14.81000000,1
1506496703,22352294,52.90,3.14428500,0
1506496659,22352284,52.90,37.68900000,0
1506496631,22352278,52.90,33.94971500,0
1506496625,22352273,52.90,24.21700000,0
1506496623,22352269,52.89,12.07190000,1
1506496616,22352264,52.89,25.54571789,0
1506496520,22352207,52.76,2.90420000,1
1506496496,22352191,52.65,8.03300000,1
1506496486,22352183,52.65,9.99000000,1
1506496476,22352174,52.74,4.99000000,1
1506496455,22352168,52.74,12.34182381,1
1506496455,22352167,52.74,2.62817619,1
1506496449,22352163,52.73,1.45656002,1
1506496422,22352154,52.68,14.97000000,1
1506496412,22352153,52.72,14.97000000,1
1506496390,22352143,52.70,14.97000000,1
1506496370,22352134,52.72,8.10080000,1
1506496353,22352129,52.74,8.10080000,1
1506496312,22352095,52.72,14.97000000,1
1506496185,22351988,52.69,0.19070000,1
1506496182,22351987,52.94,0.19059312,0
1506496180,22351986,52.87,0.77012467,0
1506496149,22351980,52.77,0.50000000,1
1506495909,22351833,52.87,0.80000000,0
1506495909,22351832,52.86,6.10000000,0
1506495856,22351796,52.62,1.72360000,1
1506495283,22351425,52.85,27.87360454,0
1506495214,22351349,52.55,4.37627533,1
1506495214,22351348,52.55,23.78000000,1
1506495213,22351347,52.55,1.57012467,1
1506495213,22351346,52.67,15.00000000,1
1506495202,22351337,52.59,3.66111189,1
1506495202,22351336,52.71,1.51258811,1
1506495195,22351335,52.90,5.18431200,1
1506494803,22351185,52.77,18.26085322,1
1506494773,22351164,52.77,1.59390000,1
1506494599,22351065,52.78,7.72260000,1
1506494262,22350924,52.90,18.85992370,0
1506493828,22350742,52.86,0.10965200,0
1506493817,22350736,52.84,2.00000000,0
1506493590,22350612,52.92,24.34958427,1
1506493588,22350611,52.86,9.60000000,0
1506493493,22350577,53.03,11.40000000,1
1506493480,22350570,53.02,1.00000000,0
1506493442,22350557,52.96,0.20000000,0
1506493428,22350554,52.97,0.20000000,0
1506493420,22350552,52.95,1.00000000,0
1506493414,22350551,52.98,0.20000000,0
1506493394,22350549,52.97,0.20000000,0
1506493107,22350405,52.99,0.00000014,0
1506493069,22350362,52.99,20.25131300,0
1506493064,22350360,52.99,16.38063786,0
1506493054,22350353,52.99,122.68515300,0
1506493054,22350352,52.99,25.68289600,0
1506493052,22350351,52.99,15.00000000,1
1506492995,22350320,53.03,0.58400000,0
1506492988,22350317,53.00,0.99800000,1
1506492908,22350291,52.94,2.68221760,1
1506492908,22350290,52.95,23.13000000,1
1506492908,22350289,53.02,73.98778240,1
1506492906,22350288,53.27,80.58355662,0
1506492905,22350287,53.26,10.05000000,0
1506492905,22350286,53.19,15.34000000,0
1506492903,22350285,53.18,11.67914678,0
1506492816,22350204,52.94,19.96000000,1
1506492694,22350137,53.19,18.26085322,0
1506492648,22350091,53.26,26.61671798,1
1506492648,22350090,53.26,8.18000000,1
1506492648,22350089,53.26,2.68000000,1
1506492646,22350087,52.94,29.94000000,1
1506492645,22350086,53.25,1.54790476,0
1506492643,22350085,53.26,17.57598741,1
1506492643,22350084,53.26,2.02000000,0
1506492642,22350083,53.25,10.10000000,0
1506492642,22350082,53.15,1.56182027,0
1506492641,22350081,53.14,1.56219223,0
1506492639,22350079,53.12,5.80778834,0
1506492638,22350078,53.12,3.00000000,0
1506492638,22350077,52.99,0.52707666,0
1506492616,22350052,52.88,2.84630000,1
1506492302,22349870,52.95,34.79324591,0
1506492218,22349855,52.87,20.25940000,1
1506492208,22349853,52.86,21.42210000,1
1506492192,22349851,52.84,32.36020000,1
1506492172,22349843,52.84,99.80000000,1
1506492162,22349840,52.84,0.99800000,1
1506492150,22349834,52.84,36.12470000,1
1506492140,22349830,52.81,6.80940000,1
1506492130,22349801,52.80,56.86610000,1
1506491887,22349685,52.78,1.99980500,0
1506491868,22349676,52.78,13.06675400,0
1506491858,22349674,52.78,2.00000000,0
1506491783,22349643,52.78,2.16238845,0
1506491783,22349642,52.78,15.00214455,0
1506491775,22349641,52.78,10.76914100,0
1506491759,22349635,52.78,6.29761300,0
1506491727,22349629,52.68,46.40900000,1
1506491726,22349628,52.78,29.83698961,0
1506491711,22349610,52.59,0.12880000,1
1506491699,22349605,52.69,4.83130000,1
1506491699,22349604,52.70,15.00000000,1
1506491679,22349596,52.66,10.85130000,1
1506491629,22349565,52.77,11.96014709,0
1506491626,22349559,52.78,9.01582600,0
1506491144,22349386,52.77,10.37220700,0
1506491066,22349356,52.62,1.47229651,1
1506490793,22349285,52.66,8.13970000,1
1506490712,22349253,52.66,3.67470000,1
1506490692,22349247,52.66,0.99800000,1
1506490682,22349244,52.66,66.94190000,1
1506490672,22349242,52.66,77.37800000,1
1506490661,22349239,52.65,57.12560000,1
1506490647,22349232,52.52,2.96410000,1
1506490644,22349231,52.78,75.35785500,1
1506490641,22349229,52.70,14.76000000,1
1506490640,22349228,52.70,37.75250059,0
1506490640,22349227,52.69,14.76000000,0
1506490640,22349226,52.68,65.24749941,0
1506490637,22349224,52.55,14.97000000,1
1506490617,22349219,52.54,84.80000000,1
1506490617,22349218,52.55,15.00000000,1
1506490607,22349212,52.52,42.66150000,1
1506490607,22349211,52.53,15.00000000,1
1506490604,22349210,52.64,6.09044200,0
1506490596,22349204,52.52,99.80000000,1
1506490576,22349187,52.52,14.97000000,1
1506490473,22349126,52.51,14.97000000,1
1506490463,22349120,52.50,9.37700000,1
1506490463,22349119,52.50,28.06500000,1
1506490452,22349111,52.49,8.13970000,1
1506490428,22349089,52.48,5.10780000,1
1506490428,22349088,52.49,15.00000000,1
1506490421,22349083,52.55,1.98700000,0
1506490331,22349050,52.38,3.31040000,1
1506490290,22349034,52.41,2.22922067,1
1506490268,22349030,52.41,3.35888315,1
1506490258,22349022,52.37,78.62650000,1
1506490138,22348993,52.52,0.26807300,0
1506490132,22348989,52.51,2.62869100,0
1506490035,22348976,52.36,57.32520000,1
1506489962,22348953,52.34,10.45310000,1
1506489935,22348940,52.35,3.94910000,1
1506489888,22348922,52.51,5.66931000,0
1506489655,22348859,52.31,0.80840000,1
1506489647,22348857,52.49,1.61821299,0
1506489639,22348852,52.48,1.04133333,0
1506489627,22348843,52.31,6.76650000,1
1506489621,22348838,52.48,1.60666666,0
1506489603,22348827,52.53,2.15694000,0
1506489595,22348820,52.30,2.14670000,1
1506489594,22348819,52.55,0.66570886,0
