date,tid,price,amount,type
1506556546,22426657,0.00005026,831.49900517,1
1506556544,22426655,0.00005005,4171.47686293,0
1506556186,22426537,0.00004997,6993.72532900,1
1506556162,22426525,0.00005064,38835.66350710,1
1506556162,22426524,0.00005063,9270.48034007,1
1506556160,22426522,0.00005011,2272.00000000,0
1506556160,22426521,0.00005011,1159.40250000,0
1506555963,22426395,0.00005002,4241.72298569,0
1506555963,22426394,0.00005002,1187.01440000,0
1506555902,22426362,0.00005011,1099.09259628,0
1506555894,22426356,0.00005013,19.37861559,0
1506555893,22426355,0.00005012,3182.74484723,0
1506555892,22426354,0.00005012,1178.13030000,0
1506555464,22426186,0.00005004,125.85375000,1
1506555447,22426181,0.00005011,4607.05830900,0
1506555446,22426180,0.00005008,1162.17270000,0
1506555446,22426179,0.00005000,187.63000000,0
1506555358,22426120,0.00005000,812.37000000,0
1506555249,22426050,0.00004992,7500.00073000,1
1506555185,22425994,0.00004992,0.00000006,0
1506555167,22425987,0.00004992,1970.34795500,0
1506555159,22425983,0.00004992,3043.56046000,0
1506555141,22425973,0.00004991,521.81220200,0
1506554977,22425857,0.00004975,300.00000000,1
1506554854,22425768,0.00004992,125.00000000,1
1506554775,22425580,0.00005012,2400.90018100,0
1506554774,22425578,0.00005012,15879.75040298,0
1506554774,22425576,0.00005011,219.44977402,0
1506554577,22425376,0.00005000,169.67143300,1
1506554576,22425375,0.00004977,25383.75729654,0
1506554576,22425374,0.00004977,100.37191182,1
1506554575,22425373,0.00004978,19556.35489400,0
1506554575,22425372,0.00005000,910.00000000,1
1506554575,22425371,0.00005000,1295.00000000,1
1506554575,22425370,0.00005000,375.00000000,1
1506554574,22425369,0.00005003,1878.30000000,0
1506554574,22425368,0.00005003,501.21589764,1
1506554461,22425280,0.00005010,755.55964453,0
1506554040,22425015,0.00005006,870.33542377,1
1506553959,22424966,0.00005026,2004.53879825,0
1506553304,22424488,0.00005037,4368.34663490,0
1506552999,22424325,0.00005032,101.55604133,0
1506552997,22424324,0.00005015,880.98310914,0
1506552239,22423866,0.00005019,11.76576607,1
1506552239,22423865,0.00005019,0.06223393,1
1506552239,22423864,0.00005040,160.00000000,1
1506551969,22423675,0.00005036,792.30023828,0
1506551862,22423568,0.00005019,512.93776607,1
1506551721,22423494,0.00005031,100.00000000,1
1506551188,22423144,0.00005055,624.78694362,0
1506551186,22423138,0.00005051,274.95340723,0
1506550974,22422926,0.00005056,1646.30300632,0
1506550972,22422925,0.00005055,326.67731553,0
1506550845,22422807,0.00005061,9854.77178423,0
1506550392,22422152,0.00005067,518.25828729,0
1506549936,22421672,0.00005042,795.47398426,0
1506549934,22421671,0.00005052,733.89600000,1
1506549873,22421576,0.00005065,4726.55478775,0
1506549428,22420918,0.00005083,1864.87074562,0
1506549385,22420821,0.00005051,815.44000000,0
1506549383,22420818,0.00005052,384.56000000,1
1506549199,22420580,0.00005085,644.40648968,0
1506549066,22420488,0.00005082,904.17607125,0
1506549066,22420487,0.00005080,226.04401775,0
1506549060,22420482,0.00005081,1395.33344288,0
1506549060,22420481,0.00005080,279.06668858,0
1506548952,22420381,0.00005084,431.17191188,0
1506548938,22420378,0.00005068,7204.33983200,1
1506548938,22420377,0.00005069,2246.80000000,1
1506548840,22420288,0.00005102,2959.89768718,0
1506548840,22420287,0.00005098,2041.95137982,1
1506548840,22420286,0.00005098,1046.89938800,1
1506548838,22420285,0.00005097,2041.95137982,0
1506548665,22420133,0.00005098,2463.77834444,0
1506548665,22420132,0.00005097,6298.51400000,1
1506548664,22420131,0.00005096,2238.70000000,0
1506548542,22420000,0.00005065,2000.00000000,1
1506548454,22419959,0.00005096,520.96193937,1
1506548350,22419697,0.00005097,505.91570280,0
1506548204,22419514,0.00005083,887.37693281,0
1506548200,22419513,0.00005083,510.14833759,0
1506548146,22419458,0.00005063,1881.71789690,1
1506548077,22419419,0.00005085,88.27472960,0
1506547371,22418974,0.00005054,774.40000000,1
1506547370,22418973,0.00005055,1225.60000000,1
1506546791,22418541,0.00005065,1140.85844027,0
1506546662,22418463,0.00005070,934.83708086,0
1506546458,22418161,0.00005088,6000.63227201,0
1506546371,22418096,0.00005065,2170.00000000,0
1506546335,22418075,0.00005064,500.32879147,0
1506546184,22417885,0.00005068,434.75098658,0
1506545946,22417749,0.00005060,4038.93280632,1
1506545940,22417741,0.00005060,300.00000000,1
1506545768,22417606,0.00005069,41.00000000,1
1506545714,22417514,0.00005075,508.88532019,0
1506545567,22417383,0.00005070,3072.99090500,1
1506545532,22417352,0.00005070,13458.67256200,1
1506545527,22417349,0.00005070,3072.99090500,1
1506545517,22417342,0.00005070,2977.34562800,1
1506545517,22417341,0.00005070,2009.20730100,1
1506545498,22417329,0.00005076,1922.96671340,1
1506545434,22417253,0.00005087,1054.95538522,0
1506545345,22417128,0.00005070,490.79269900,1
1506545099,22416892,0.00005088,1264.24347600,1
1506545084,22416886,0.00005087,47149.92300000,1
1506545079,22416883,0.00005088,4742.72278700,1
1506545079,22416882,0.00005088,2529.48414600,1
1506545075,22416874,0.00005087,50950.07700000,0
1506545031,22416819,0.00005085,431.30363815,0
1506544996,22416784,0.00005085,300.00000000,0
1506544913,22416734,0.00005085,491.00000000,0
1506544794,22416509,0.00005071,438.81977500,1
1506544769,22416494,0.00005073,1000.00000000,1
1506544751,22416480,0.00005072,6143.23900000,1
1506544663,22416151,0.00005070,250.00000000,1
1506544590,22416106,0.00005085,1623.39591466,0
1506544589,22416105,0.00005082,274.38384434,0
1506544587,22416103,0.00005070,250.00000000,1
1506544469,22416001,0.00005071,250.30267210,1
1506544261,22415882,0.00005088,367.61615566,0
1506543974,22415580,0.00005105,429.91557296,1
1506543921,22415524,0.00005101,2933.26661439,0
1506543687,22415343,0.00005084,5000.00000000,0
1506543684,22415341,0.00005079,2235.40000000,1
1506543530,22415218,0.00005098,449.19007453,0
1506543413,22415101,0.00005104,1868.33855799,0
1506543250,22414986,0.00005099,2335.28789958,0
1506543139,22414815,0.00005103,1000.82912013,0
1506543059,22414724,0.00005103,2733.27844135,0
1506542998,22414632,0.00005103,2435.40683991,1
1506542774,22414267,0.00005090,6182.78055009,1
1506542774,22414266,0.00005100,98.00000000,1
1506542562,22413855,0.00005108,2515.00000000,0
1506542557,22413847,0.00005113,156.07353804,0
1506542468,22413503,0.00005100,900.00000000,0
1506542391,22413343,0.00005091,1000.00000000,1
1506542388,22413341,0.00005092,510.53891181,0
1506542387,22413340,0.00005091,943.87585100,1
1506542384,22413339,0.00005092,189.46108819,0
1506542366,22413286,0.00005091,221.56722542,0
1506542296,22413215,0.00005090,738.38440300,1
1506542288,22413176,0.00005090,399.98000000,1
1506542273,22413146,0.00005091,334.19083500,0
1506542259,22413133,0.00005090,3000.00000000,1
1506542256,22413130,0.00005090,1924.18981500,1
1506542244,22413106,0.00005090,5409.41797300,1
1506542232,22413086,0.00005090,8007.25964500,1
1506542226,22413084,0.00005091,230.03902849,0
1506542210,22413070,0.00005091,1077.64368493,0
1506542206,22413067,0.00005090,244.98386700,1
1506542185,22413035,0.00005090,8301.00000000,1
1506542184,22413030,0.00005090,7476.00834300,1
1506542174,22413000,0.00005090,23810.20573900,1
1506542173,22412998,0.00005091,254.21262770,0
1506542162,22412973,0.00005090,500.00000100,1
1506542160,22412970,0.00005091,280.92435069,0
1506542148,22412956,0.00005090,572.63300000,1
1506542148,22412955,0.00005091,235.12217639,0
1506542140,22412943,0.00005090,2199.31047600,1
1506542139,22412942,0.00005090,875.94176600,1
1506542137,22412941,0.00005090,5319.48354600,1
1506542132,22412937,0.00005090,6151.20000000,0
1506542093,22412836,0.00005090,105.48762278,0
1506542027,22412726,0.00005089,745.00000000,1
1506541984,22412656,0.00005091,1058.05008839,1
1506541778,22412429,0.00005094,1319.90950137,0
1506541776,22412427,0.00005092,1213.60269290,0
1506541727,22412275,0.00005097,3223.80000000,0
1506541726,22412273,0.00005091,1776.20000000,0
1506541479,22411758,0.00005089,170.00000000,0
1506541431,22411642,0.00005088,47.40000000,1
1506541317,22411450,0.00005109,64.39616363,0
1506541019,22410969,0.00005097,682.32646654,0
1506541019,22410968,0.00005092,6220.60000000,0
1506541017,22410962,0.00005083,3324.10871623,0
1506541017,22410960,0.00005083,591.47535505,0
1506540976,22410873,0.00005071,1322.33892620,1
1506540838,22410616,0.00005103,221.04663923,0
1506540733,22410490,0.00005109,456.79819925,0
1506540659,22410446,0.00005079,3209.91537396,1
1506540657,22410444,0.00005083,925.57664404,1
1506540653,22410440,0.00005085,1840.29997215,1
1506540581,22410322,0.00005117,11226.68868477,0
1506540579,22410321,0.00005089,1839.25647451,0
1506540539,22410273,0.00005089,392.74351119,0
1506540444,22410161,0.00005087,1000.00000000,1
1506540438,22410160,0.00005119,13511.27427231,0
1506540437,22410159,0.00005111,2226.10000000,0
1506540409,22410150,0.00005088,1346.79998886,1
1506540215,22409884,0.00005109,429.53865727,0
1506540196,22409874,0.00005111,430.86147524,0
1506540165,22409835,0.00005130,663.55575048,1
1506540165,22409834,0.00005100,1288.43546824,0
1506540163,22409833,0.00005089,0.00000020,0
1506540146,22409822,0.00005089,1778.83916000,0
1506540079,22409703,0.00005089,26765.96060400,0
1506540035,22409674,0.00005088,4509.16725629,0
1506539753,22409446,0.00005088,1602.50530660,0
1506539565,22409331,0.00005089,1298.39064649,0
1506539223,22408919,0.00005089,156.80958931,0
1506539207,22408901,0.00005088,4448.39150943,0
1506539028,22408592,0.00005071,781.11596994,1
1506538770,22408186,0.00005087,3937.94520409,0
1506538770,22408185,0.00005087,1160.37640000,0
1506538710,22408014,0.00005071,21436.43807083,1
1506538710,22408013,0.00005072,794.71484717,1
1506538709,22408012,0.00005073,12075.10300000,1
1506538466,22407571,0.00005089,331.10736162,1
1506538424,22407488,0.00005089,977.73599509,1
1506538155,22406952,0.00005112,985.06161971,1
1506538155,22406951,0.00005103,1695.82931031,0
1506538155,22406950,0.00005103,163.54267000,0
1506538155,22406949,0.00005100,1345.22191292,1
1506538153,22406942,0.00005097,1697.81607844,0
1506538152,22406936,0.00005100,394.71392156,1
1506538150,22406934,0.00005100,1695.82927978,1
1506538148,22406926,0.00005100,719.19966536,1
1506538140,22406885,0.00005100,2001.40000000,1
1506538058,22406742,0.00005109,390.48972402,0
1506538046,22406738,0.00005101,3212.56904600,1
1506537932,22406589,0.00005116,5711.90207193,0
1506537930,22406587,0.00005109,3070.67687150,0
1506537922,22406578,0.00005100,5351.17000000,1
1506537921,22406574,0.00005100,999.63600000,1
1506537918,22406565,0.00005101,879.12679797,0
1506537837,22406443,0.00005102,7631.44989008,1
1506537837,22406442,0.00005102,2191.55010992,1
1506537805,22406429,0.00005101,879.12679747,1
1506537792,22406398,0.00005101,879.12679684,1
1506537766,22406376,0.00005100,1171.15306188,1
1506537766,22406375,0.00005107,2090.57070922,1
1506537693,22406297,0.00005119,226.13459660,0
1506537691,22406295,0.00005107,1048.03232811,0
1506537659,22406234,0.00005107,1149.29645575,0
1506537657,22406228,0.00005108,376.00000000,0
1506537571,22406149,0.00005124,233.66491022,0
1506537415,22406015,0.00005126,10879.59754194,0
1506537412,22406006,0.00005126,512.26648458,0
1506537378,22405967,0.00005131,40.25589553,0
1506537321,22405873,0.00005129,1376.42756872,0
1506537321,22405871,0.00005128,30318.18500000,0
1506537319,22405870,0.00005120,18739.90200000,0
1506537269,22405772,0.00005107,782.67437200,1
1506537156,22405472,0.00005118,1085.00000000,0
1506537145,22405444,0.00005105,2527.00000000,1
1506536986,22405226,0.00005102,1355.42239000,1
1506536827,22404928,0.00005117,0.00001328,1
1506536775,22404831,0.00005120,5236.40862000,0
1506536764,22404805,0.00005195,396.44100096,0
1506536764,22404804,0.00005195,1307.94014230,0
1506536764,22404803,0.00005192,1047.28172401,1
1506536764,22404801,0.00005192,9744.49955589,1
1506536763,22404799,0.00005125,2215.00000000,0
1506536763,22404798,0.00005123,5236.40862004,1
1506536762,22404796,0.00005121,1574.16467700,1
1506536761,22404792,0.00005121,2033.65345216,0
1506536709,22404680,0.00005117,439.45257927,1
1506536508,22404220,0.00005118,571.91719800,0
1506536419,22403943,0.00005103,574.53202713,1
1506536410,22403914,0.00005102,301.50804254,0
1506536403,22403896,0.00005117,191.54833672,0
1506536390,22403838,0.00005118,541.98912220,0
1506536379,22403815,0.00005102,140.54233573,1
1506536365,22403765,0.00005102,51.56204666,1
1506536364,22403763,0.00005121,27.79480858,0
1506536341,22403680,0.00005107,678.05632258,0
1506536340,22403677,0.00005102,326.60008277,0
1506536338,22403659,0.00005112,29.75799414,1
1506536325,22403561,0.00005105,451.80818602,1
1506536290,22403359,0.00005087,466.61382567,1
1506536285,22403334,0.00005121,113.90010000,0
1506536249,22403122,0.00005106,294.63709403,0
1506536208,22402861,0.00005106,268.74750049,0
1506536204,22402823,0.00005105,200.00000000,0
1506536101,22402161,0.00005108,494.79233681,1
1506536088,22402094,0.00005105,477.86675093,1
1506535973,22401343,0.00005117,1200.82821966,0
1506535601,22400382,0.00005154,424.92568878,0
1506535493,22400303,0.00005090,2017.10000000,1
1506535475,22400282,0.00005114,2000.00000000,0
1506535440,22400260,0.00005083,421.11373000,1
1506535345,22400178,0.00005086,1193.76060000,0
1506535202,22400064,0.00005072,41.87678421,1
1506535135,22399988,0.00005087,147.08158050,0
1506535135,22399987,0.00005087,617.80664848,0
1506535135,22399986,0.00005086,1666.48237113,0
1506534971,22399853,0.00005100,391.17882353,0
1506534916,22399794,0.00005074,125.09207922,1
1506534838,22399745,0.00005087,4719.25804010,0
1506534838,22399744,0.00005087,1977.05000000,1
1506534838,22399743,0.00005085,5144.46243929,0
1506534836,22399741,0.00005084,1979.97905542,0
1506534836,22399740,0.00005084,1183.96970000,0
1506534585,22399547,0.00005086,1056.73358238,0
1506534583,22399545,0.00005084,120.08056305,0
1506534517,22399483,0.00005084,676.82926829,0
1506534455,22399403,0.00005084,248.84901500,0
1506534441,22399380,0.00005084,629.24115366,1
1506534391,22399337,0.00005099,442.79956854,0
1506534073,22399188,0.00005105,130.06856023,0
1506533961,22399054,0.00005093,226.29214456,1
1506533961,22399053,0.00005094,200.26886020,1
1506533959,22399051,0.00005095,8954.43899524,1
1506533876,22398975,0.00005109,1141.76042278,0
1506533859,22398969,0.00005109,2391.66177334,0
1506533515,22398770,0.00005110,200.00000000,1
1506533511,22398767,0.00005107,5187.75947500,1
1506533508,22398764,0.00005133,46.94272355,0
1506533506,22398763,0.00005104,2157.73365600,1
1506533420,22398674,0.00005118,2533.72039859,0
1506533335,22398633,0.00005122,126.29324483,0
1506533102,22398471,0.00005110,76.51350294,1
1506533085,22398456,0.00005123,373.10560218,1
1506533081,22398454,0.00005123,163.48990683,1
1506533068,22398439,0.00005139,437.07841992,0
1506533034,22398412,0.00005123,1611.91494100,1
1506533005,22398397,0.00005123,9313.65400000,1
1506532979,22398389,0.00005123,1014.26000000,1
1506532978,22398388,0.00005124,559.43100000,1
1506532964,22398385,0.00005127,271.67271308,0
1506532962,22398382,0.00005126,1546.73227134,0
1506532948,22398364,0.00005123,2051.30782600,1
1506532934,22398360,0.00005123,9232.93000000,1
1506532926,22398356,0.00005123,9357.55790000,1
1506532913,22398343,0.00005123,300.00000000,1
1506532912,22398342,0.00005123,11090.19257700,1
1506532910,22398339,0.00005123,4335.52641800,1
1506532907,22398334,0.00005123,1246.57670000,1
1506532894,22398324,0.00005123,8484.94202800,1
1506532892,22398323,0.00005123,5109.63852100,1
1506532880,22398321,0.00005123,5901.66220000,1
1506532878,22398319,0.00005123,154.09578400,1
1506532868,22398308,0.00005123,458.99322500,1
1506532867,22398305,0.00005123,6556.55193300,1
1506532849,22398288,0.00005123,3807.66000000,1
1506532849,22398287,0.00005123,3246.65094000,1
1506532842,22398279,0.00005123,312.31300000,1
1506532841,22398278,0.00005123,6395.68000000,1
1506532827,22398276,0.00005123,1633.66847500,1
1506532822,22398271,0.00005123,1612.53000000,1
1506532820,22398268,0.00005123,1757.60000000,1
1506532818,22398262,0.00005123,643.99400000,1
1506532777,22398243,0.00005123,28432.22258300,1
1506532777,22398242,0.00005124,10148.87443800,1
1506532743,22398206,0.00005123,58261.79361800,1
1506532727,22398197,0.00005123,980.99694700,1
1506532722,22398193,0.00005123,955.71236100,1
1506532721,22398192,0.00005123,1232.49390800,1
1506532706,22398182,0.00005123,14456.17552200,1
1506532700,22398175,0.00005123,846.75472900,1
1506532698,22398171,0.00005138,435.61015959,0
1506532696,22398170,0.00005123,929.32574192,1
1506532696,22398169,0.00005124,197.04040308,1
1506532584,22398089,0.00005123,2175.22108662,1
1506532583,22398088,0.00005124,238.23999122,1
1506532568,22398079,0.00005123,75.22141951,1
1506532567,22398076,0.00005124,263.27448468,1
1506532562,22398064,0.00005123,47.55841346,1
1506532562,22398063,0.00005124,290.93749073,1
1506532532,22398046,0.00005123,9036.57832847,1
1506532531,22398045,0.00005124,321.50497853,1
1506532517,22398033,0.00005123,75.79294131,1
1506532516,22398031,0.00005124,355.28188269,1
1506532456,22397995,0.00005123,6378.48298800,1
1506532453,22397994,0.00005123,803.68252900,1
1506532453,22397993,0.00005124,392.62569100,1
1506532402,22397972,0.00005123,198.19193300,1
1506532397,22397967,0.00005123,7620.21929917,1
1506532397,22397966,0.00005124,433.89042358,1
1506532397,22397965,0.00005124,454.03235425,1
1506532318,22397929,0.00005123,1803.94112200,1
1506532303,22397921,0.00005123,2688.11605000,1
1506532287,22397917,0.00005124,5816.81585500,1
1506532165,22397863,0.00005149,4091.14559722,0
1506532165,22397862,0.00005148,5808.85440278,0
1506532156,22397843,0.00005126,5814.72141600,0
1506532089,22397799,0.00005152,1087.64285714,0
1506531881,22397630,0.00005153,236.19444983,0
1506531863,22397608,0.00005143,3768.06027610,1
1506531862,22397607,0.00005143,8226.13281413,1
1506531861,22397605,0.00005143,1121.11083815,0
1506531840,22397573,0.00005138,676.37232386,0
1506531454,22397299,0.00005143,178.58740034,0
1506531390,22397258,0.00005143,885.36943418,0
1506531268,22397221,0.00005148,570.48193473,0
1506531122,22397144,0.00005150,10211.65048543,0
1506531044,22397116,0.00005124,55.01159257,1
1506530757,22396975,0.00005124,6093.95248380,1
1506530649,22396863,0.00005124,253.63962704,1
1506530253,22396424,0.00005157,2205.00000000,1
1506530204,22396395,0.00005148,3632.18185856,0
1506530204,22396394,0.00005149,192.13483767,1
1506530048,22396319,0.00005160,986.58000000,1
1506530047,22396318,0.00005159,1534.36290300,1
1506530033,22396297,0.00005164,1006.38010500,0
1506529993,22396257,0.00005182,50.00000000,0
1506529988,22396255,0.00005182,1331.08452335,0
1506529872,22396138,0.00005192,787.70704931,0
1506529815,22396102,0.00005191,781.11596994,0
1506529756,22396061,0.00005143,5014.96757490,1
1506529637,22395932,0.00005195,299.59941000,0
1506529569,22395841,0.00005210,1.05969289,0
1506529567,22395839,0.00005194,431.00000000,0
1506529467,22395779,0.00005195,100.99328203,1
1506529454,22395772,0.00005196,172.37285723,1
1506529413,22395732,0.00005210,39.00000000,1
1506529211,22395576,0.00005211,2084.75315760,0
1506529211,22395575,0.00005211,1418.29117170,1
1506529211,22395574,0.00005211,220.96756860,1
1506529209,22395570,0.00005210,1639.25874030,0
1506529185,22395557,0.00005212,760.76880276,0
1506529185,22395556,0.00005211,1947.63414689,1
1506529184,22395554,0.00005210,8532.00000000,0
1506529088,22395460,0.00005220,573.57953966,1
1506529088,22395459,0.00005220,627.88126811,0
1506529088,22395458,0.00005220,2303.83191253,1
1506529087,22395457,0.00005206,3139.40634053,0
1506529087,22395456,0.00005206,5860.88793500,1
1506529085,22395454,0.00005205,6656.53000000,1
1506529064,22395441,0.00005207,286.96950518,0
1506529010,22395398,0.00005202,1078.73567858,0
1506528937,22395344,0.00005180,2303.83191253,0
1506528903,22395303,0.00005204,2157.78900845,0
1506528883,22395294,0.00005206,862.75374567,0
1506528828,22395219,0.00005215,430.78389261,0
1506528827,22395218,0.00005215,19137.18101630,0
1506528790,22395186,0.00005200,240.57692307,0
1506528604,22395023,0.00005194,0.00000027,1
1506528596,22394994,0.00005194,917.32732500,1
1506528593,22394977,0.00005189,1257.00000000,0
1506528593,22394975,0.00005188,1615.67267473,0
1506528533,22394835,0.00005174,1257.05742000,1
1506528524,22394817,0.00005175,923.84258000,1
1506528517,22394811,0.00005198,509.94844170,0
1506528517,22394806,0.00005199,2246.93718211,1
1506528516,22394805,0.00005199,2549.68813045,0
1506528366,22394667,0.00005191,1278.63224812,1
1506528339,22394648,0.00005171,125.19530072,1
1506528332,22394644,0.00005165,149.99263504,1
1506528246,22394585,0.00005161,181.60791133,1
1506528138,22394456,0.00005155,96.36075000,0
1506528137,22394455,0.00005190,1729.77957610,1
1506528130,22394450,0.00005156,768.34439088,1
1506528125,22394444,0.00005155,641.39966101,1
1506528123,22394438,0.00005161,2400.14933831,1
1506528026,22394370,0.00005153,849.57212900,1
1506528023,22394368,0.00005157,849.07771300,1
1506528016,22394366,0.00005160,82.34694000,1
1506528007,22394357,0.00005155,1769.00000000,0
1506528007,22394356,0.00005155,627.00000000,0
1506527991,22394346,0.00005155,1425.14522688,0
1506527981,22394342,0.00005155,235.88748787,0
1506527973,22394333,0.00005155,716.00000000,0
1506527973,22394332,0.00005154,284.00000000,0
1506527884,22394287,0.00005179,16.58022784,1
1506527883,22394285,0.00005166,414.40642320,1
1506527883,22394282,0.00005166,439.20000000,0
1506527811,22394203,0.00005184,1093.69097222,1
1506527811,22394202,0.00005166,1512.20000000,1
1506527810,22394201,0.00005162,9791.44227944,0
1506527698,22393975,0.00005154,280.49393251,0
1506527698,22393974,0.00005154,234.00616567,0
1506527655,22393920,0.00005151,4725.10192195,0
1506527553,22393828,0.00005140,62.72348000,1
1506527550,22393826,0.00005140,578.78385269,1
1506527542,22393817,0.00005139,916.47049800,0
1506527510,22393781,0.00005132,999.99994334,1
1506527405,22393682,0.00005149,1092.13556030,0
1506527285,22393561,0.00005159,2416.43934109,0
1506527282,22393554,0.00005124,40.35078806,1
1506527282,22393552,0.00005124,1133.48499902,1
1506527140,22393400,0.00005124,152.40049027,1
1506527105,22393371,0.00005124,1692.69608200,1
1506527104,22393368,0.00005124,2952.29608170,0
1506527104,22393366,0.00005124,1460.13585106,1
1506527081,22393295,0.00005126,168.00567223,1
1506527076,22393286,0.00005125,236.87315065,1
1506527073,22393284,0.00005136,201.96767913,0
1506526932,22393091,0.00005131,262.51899400,1
1506526801,22392753,0.00005133,3214.81507570,0
1506526751,22392638,0.00005152,163.48990683,0
1506526751,22392637,0.00005152,140.04968944,0
1506526686,22392559,0.00005145,1129.60344800,1
1506526684,22392551,0.00005145,1804.87664257,1
1506526684,22392550,0.00005146,1409.93843343,1
1506526655,22392497,0.00005147,4500.00000000,0
1506526610,22392440,0.00005153,94.16456433,0
1506526597,22392425,0.00005160,0.00000567,1
1506526569,22392381,0.00005160,514.19022570,1
1506526566,22392371,0.00005167,414.63750725,0
1506526498,22392189,0.00005184,995.30092592,0
1506526471,22392156,0.00005163,9289.01887400,1
1506526430,22392110,0.00005181,1116.68326578,0
1506526379,22391931,0.00005188,1503.77062451,0
1506526292,22391792,0.00005160,1287.80976863,1
1506526288,22391779,0.00005163,1247.08252900,1
1506526271,22391738,0.00005165,788.58797000,1
1506526215,22391562,0.00005173,200.00000000,0
1506526104,22391272,0.00005169,704.83207583,0
1506526066,22391188,0.00005170,38.58820116,0
1506526019,22391090,0.00005130,160.53508285,1
1506526019,22391088,0.00005176,432.02125193,0
1506526013,22391072,0.00005128,233.27463610,1
1506525964,22390895,0.00005192,23021.26483051,0
1506525951,22390853,0.00005163,483.00697269,0
1506525925,22390825,0.00005144,172.82004403,1
1506525917,22390817,0.00005147,241.42352419,1
1506525882,22390766,0.00005171,858.42235544,0
1506525871,22390745,0.00005170,433.77373816,0
1506525859,22390731,0.00005160,7966.00000000,1
1506525843,22390692,0.00005164,276.56174771,1
1506525573,22390090,0.00005180,567.00000000,1
1506525549,22390039,0.00005199,712.21177149,0
1506525282,22389428,0.00005205,424.00000000,0
1506524817,22388457,0.00005184,111.05921137,1
1506524815,22388456,0.00005185,130.60061777,1
1506524791,22388415,0.00005207,806.03245630,0
1506524789,22388408,0.00005206,1437.70816200,0
1506524765,22388365,0.00005179,210.25537341,1
1506524761,22388357,0.00005163,289.02055965,1
1506524739,22388322,0.00005185,5173.35584491,1
1506524698,22388261,0.00005198,191.80454020,0
1506524653,22388197,0.00005186,222.89319789,1
1506524619,22388144,0.00005193,2862.08589685,0
1506524619,22388143,0.00005192,2338.86910315,0
1506524616,22388134,0.00005180,356.98211509,1
1506524611,22388121,0.00005192,4799.72227100,0
1506524511,22387976,0.00005192,535.00789676,1
1506524255,22387466,0.00005155,7140.71578947,1
1506524216,22387394,0.00005168,1284.85587154,0
1506524129,22387288,0.00005171,102.68765600,0
1506523994,22387038,0.00005200,544.60596154,0
1506523860,22386821,0.00005231,507.38998279,0
1506523827,22386776,0.00005226,933.41504018,0
1506523781,22386731,0.00005205,328.50240154,1
1506523735,22386650,0.00005223,572.13366666,1
1506523732,22386629,0.00005221,370.72190607,1
1506523732,22386628,0.00005221,1419.10056993,1
1506523716,22386585,0.00005221,204.66615100,1
1506523690,22386514,0.00005226,1582.80080367,0
1506523688,22386486,0.00005225,661.89227800,0
1506523680,22386471,0.00005207,237.22912086,0
1506523665,22386436,0.00005204,122.26259847,1
1506523661,22386422,0.00005205,174.26279498,1
1506523658,22386419,0.00005218,131.90925895,1
1506523637,22386361,0.00005230,430.31089866,0
1506523635,22386359,0.00005228,641.46126793,0
1506523619,22386321,0.00005200,633.63271314,0
1506523615,22386313,0.00005200,2942.11198130,0
1506523604,22386287,0.00005200,2321.00891356,0
1506523604,22386283,0.00005200,2168.20000000,0
1506523596,22386268,0.00005198,3460.37139200,0
1506523596,22386267,0.00005198,3436.10504400,0
1506523593,22386259,0.00005198,8064.95360800,0
1506523525,22386169,0.00005289,606.42257515,0
1506523524,22386168,0.00005288,809.20024044,0
1506523524,22386166,0.00005288,150.00000000,0
1506523524,22386164,0.00005278,819.79912763,0
1506523524,22386162,0.00005268,870.07434432,0
1506523523,22386159,0.00005258,736.24018909,0
1506523523,22386158,0.00005250,1000.00000000,0
1506523523,22386157,0.00005250,75.00000000,0
1506523523,22386155,0.00005249,18931.02989016,1
1506523522,22386154,0.00005249,744.32528500,1
1506523522,22386152,0.00005248,872.75903709,0
1506523522,22386150,0.00005238,992.43021456,0
1506523522,22386149,0.00005235,247.72299221,0
1506523521,22386148,0.00005235,3721.62642498,1
1506523521,22386147,0.00005235,2974.50000000,1
1506523521,22386146,0.00005233,1563.10000000,0
1506523521,22386145,0.00005232,744.32528500,0
1506523520,22386144,0.00005228,817.00097096,0
1506523520,22386143,0.00005223,3721.62642498,0
1506523518,22386141,0.00005218,537.26254333,0
1506523501,22386115,0.00005193,143.76840673,1
1506523492,22386104,0.00005186,227.44280653,1
1506523491,22386103,0.00005217,1635.42857800,1
1506523484,22386100,0.00005182,314.22434157,1
1506523470,22386075,0.00005176,1019.33621170,1
1506523465,22386071,0.00005218,1968.03049732,1
1506523464,22386067,0.00005221,14615.53284765,1
1506523464,22386065,0.00005221,1421.08246935,1
1506523440,22386043,0.00005219,353.90453381,0
1506523435,22386040,0.00005229,25511.15473788,0
1506523435,22386039,0.00005225,244.95688562,0
1506523382,22385957,0.00005225,307.33856459,0
1506523380,22385956,0.00005219,86.99099671,0
1506523369,22385939,0.00005220,5000.00000000,0
1506523369,22385937,0.00005219,498.61391391,0
1506523347,22385917,0.00005202,481.68999151,1
1506523267,22385798,0.00005215,14020.82776900,0
1506523225,22385741,0.00005219,884.85610270,0
1506523225,22385740,0.00005215,650.65995976,0
1506523224,22385739,0.00005205,100.00005719,1
1506523223,22385733,0.00005205,728.49072450,0
1506523040,22385423,0.00005205,85.44495677,1
1506523040,22385422,0.00005200,59.61329150,0
1506523038,22385421,0.00005199,814.15675112,0
1506523032,22385412,0.00005189,488.89445700,0
1506523029,22385406,0.00005189,56.73597996,0
1506523013,22385356,0.00005179,901.28170932,0
1506523013,22385352,0.00005172,0.00000048,0
1506522973,22385296,0.00005172,1270.79999952,0
1506522973,22385295,0.00005169,806.70659764,0
1506522973,22385294,0.00005169,512.34739865,0
1506522973,22385293,0.00005168,548.28850619,0
1506522922,22385253,0.00005168,1033.55243808,0
1506522902,22385224,0.00005157,445.70948905,1
1506522854,22385197,0.00005168,1930.15905573,0
1506522750,22385140,0.00005165,433.28751210,0
1506522739,22385128,0.00005164,452.78601859,0
1506522732,22385121,0.00005134,1651.80151568,1
1506522732,22385119,0.00005138,4866.12848870,1
1506522730,22385118,0.00005159,614.37119596,0
1506522730,22385117,0.00005159,468.50102967,0
1506522728,22385112,0.00005146,0.00000047,0
1506522708,22385098,0.00005146,1012.73422600,0
1506522655,22385049,0.00005141,2302.53000000,1
1506522654,22385047,0.00005159,145.05892614,0
1506522652,22385032,0.00005149,55.16779937,0
1506522590,22384992,0.00005159,55.06086450,0
1506522588,22384991,0.00005149,0.00000020,0
1506522514,22384912,0.00005138,10000.00000000,1
1506522493,22384892,0.00005138,964.21221947,1
1506522490,22384889,0.00005149,793.31370100,0
1506522471,22384862,0.00005139,529.52411496,0
1506522409,22384794,0.00005134,1181.48680000,0
1506522406,22384786,0.00005117,6874.53900700,0
1506522394,22384755,0.00005132,300.00000000,0
1506522393,22384753,0.00005130,1012.39943068,0
1506522393,22384752,0.00005129,673.27091025,0
1506522143,22384348,0.00005126,1094.05423332,0
1506522114,22384302,0.00005128,435.84730889,0
1506522076,22384258,0.00005114,616.09236614,1
1506522074,22384252,0.00005111,556.68397312,1
1506522053,22384184,0.00005109,450.00000000,0
1506521993,22384133,0.00005127,489.61361419,0
1506521991,22384132,0.00005120,605.05316770,0
1506521906,22384050,0.00005120,438.14511718,0
1506521633,22383796,0.00005117,414.31913230,0
1506521632,22383795,0.00005116,7384.21015641,0
1506521543,22383715,0.00005093,2350.29923424,0
1506521500,22383663,0.00005083,3046.95750541,0
1506521499,22383661,0.00005082,5579.05002790,0
1506521498,22383660,0.00005082,1187.50360000,0
1506521345,22383447,0.00005078,197.51072217,0
1506521345,22383446,0.00005066,2100.35447483,0
1506521339,22383429,0.00005060,632.70668036,1
1506521291,22383353,0.00005075,2316.88917028,1
1506521233,22383264,0.00005079,1175.01254114,1
1506521223,22383253,0.00005079,527.09272500,1
1506521213,22383246,0.00005079,788.51015194,1
1506521205,22383244,0.00005079,760.05900202,1
1506521179,22383234,0.00005079,1094.16306483,1
1506521169,22383232,0.00005078,3720.03627216,1
1506521157,22383229,0.00005099,41.01863110,0
1506521134,22383219,0.00005074,333.60712273,1
1506521122,22383208,0.00005070,333.60712273,1
1506521040,22383106,0.00005100,4216.60549019,0
1506521039,22383105,0.00005087,627.38481628,0
1506520972,22383013,0.00005087,1943.08059760,0
1506520971,22383012,0.00005085,3744.98109573,0
1506520884,22382935,0.00005083,2747.41038757,0
1506520662,22382770,0.00005132,7699.30572876,1
1506520662,22382769,0.00005132,5063.24917241,1
1506520661,22382768,0.00005088,4019.57203366,0
1506520661,22382767,0.00005088,300.00000000,0
1506520661,22382766,0.00005088,0.00000024,0
1506520659,22382762,0.00005086,5525.78383949,0
1506520535,22382684,0.00005084,2214.36998426,0
1506520508,22382668,0.00005086,736.93629571,0
1506520508,22382667,0.00005079,874.39494554,0
1506520506,22382665,0.00005078,216.79590985,0
1506520019,22382132,0.00005088,1176.27152098,0
1506520019,22382131,0.00005087,0.00000002,0
1506520000,22382108,0.00005087,1068.06310200,0
1506519891,22381912,0.00005070,10004.00000000,0
1506519888,22381910,0.00005069,3125.48712468,0
1506519718,22381812,0.00005085,2208.67748279,0
1506519675,22381800,0.00005082,1101.31975600,0
1506519559,22381696,0.00005083,3363.73990873,1
1506519556,22381690,0.00005083,1207.48320000,1
1506519555,22381689,0.00005083,4500.00000000,1
1506519551,22381682,0.00005085,185.52049500,0
1506519550,22381681,0.00005085,136.85833940,0
1506519550,22381680,0.00005084,683.46515060,0
1506519542,22381667,0.00005081,56.93288723,0
1506519533,22381661,0.00005084,520.47324940,0
1506519485,22381643,0.00005089,5852.30057000,1
1506519462,22381632,0.00005107,4449.63305267,0
1506519395,22381613,0.00005081,260.83684315,1
1506519395,22381612,0.00005081,1239.16315685,1
1506519393,22381610,0.00005089,136.68029082,0
1506519393,22381609,0.00005081,1200.57710000,1
1506519382,22381599,0.00005081,3365.40857475,0
1506519381,22381598,0.00005081,5199.80741430,0
1506519268,22381556,0.00005089,1097.62723521,0
1506519266,22381553,0.00005084,1192.99270000,0
1506519266,22381552,0.00005084,2180.00000000,0
1506519211,22381533,0.00005097,49.83382381,1
1506519209,22381532,0.00005089,146.09999986,0
1506519076,22381467,0.00005075,1225.88389200,0
1506518990,22381331,0.00005084,1596.80000000,0
1506518956,22381271,0.00005084,1596.80000000,0
1506518921,22381255,0.00005088,466.20000000,1
1506518904,22381244,0.00005089,1342.87984900,0
1506518904,22381243,0.00005080,146.10000000,0
1506518754,22381131,0.00005075,901.54808600,1
1506518616,22381029,0.00005099,97.66620906,0
1506518491,22380942,0.00005064,1320.63412206,1
1506518491,22380941,0.00005065,752.42537586,1
1506518475,22380926,0.00005062,4542.71936538,1
1506518475,22380925,0.00005063,1501.95971562,1
1506518473,22380924,0.00005065,2819.85362700,1
1506518460,22380893,0.00005072,11423.56900630,1
1506518460,22380892,0.00005072,1558.26280000,0
1506518452,22380888,0.00005075,665.09257028,1
1506518451,22380887,0.00005077,1350.00000000,0
1506518394,22380824,0.00005079,58.50000000,0
1506518392,22380823,0.00005079,1455.06645234,1
1506518390,22380822,0.00005082,1455.06645200,1
1506518301,22380800,0.00005078,1418.17849500,1
1506518299,22380798,0.00005099,609.01284383,1
1506518295,22380797,0.00005099,390.98715617,0
1506518189,22380712,0.00005099,208.80000000,0
1506518114,22380640,0.00005100,64.50656234,1
1506518113,22380639,0.00005129,143.06550984,0
1506518113,22380638,0.00005129,373.24804648,0
1506518111,22380635,0.00005129,61.07194384,0
1506517982,22380448,0.00005131,384.77996491,0
1506517979,22380445,0.00005131,60.03956343,0
1506517977,22380441,0.00005130,484.98517580,0
1506517754,22380207,0.00005109,176.00000000,1
1506517752,22380200,0.00005109,4493.86330400,1
1506517720,22380149,0.00005111,212.80470320,1
1506517720,22380148,0.00005112,308.98517580,1
1506517554,22379927,0.00005117,1283.21018200,1
1506517552,22379925,0.00005116,1065.09691400,1
1506517472,22379871,0.00005138,249.64830673,0
1506517423,22379826,0.00005141,2184.62361408,0
1506517407,22379800,0.00005119,592.38484079,0
1506517389,22379784,0.00005128,2824.16224648,0
1506517356,22379680,0.00005127,525.31031792,0
1506517332,22379667,0.00005120,481.40527343,1
1506517331,22379666,0.00005120,615.30028868,0
1506517183,22379563,0.00005129,5662.32638058,0
1506517183,22379562,0.00005128,14629.18600000,0
1506517172,22379557,0.00005115,1081.64947267,1
1506517172,22379556,0.00005117,15091.10098152,1
1506517138,22379531,0.00005113,516.35052733,1
1506517082,22379492,0.00005125,1040.44448780,0
1506517069,22379481,0.00005127,1095.17300565,0
1506516848,22379270,0.00005122,8852.67161265,0
1506516600,22379016,0.00005101,588.58151854,1
1506516571,22378984,0.00005131,1742.12757423,0
1506516571,22378982,0.00005131,1115.94486057,0
1506516571,22378981,0.00005130,12141.92756520,0
1506516540,22378943,0.00005091,0.00000042,0
1506516535,22378938,0.00005091,1589.91841600,0
1506516521,22378925,0.00005091,1589.91841553,1
1506516454,22378880,0.00005147,5147.77695745,1
1506516454,22378878,0.00005098,23598.00000000,0
1506516454,22378877,0.00005098,7299.67682112,1
1506516453,22378876,0.00005096,311.40933220,0
1506516453,22378875,0.00005095,306.53863336,0
1506516453,22378874,0.00005090,1557.04666100,0
1506516452,22378873,0.00005089,24875.87800000,1
1506516452,22378872,0.00005087,5435.37143200,1
1506516452,22378871,0.00005087,1843.07999700,1
1506516451,22378870,0.00005087,2039.00000000,1
1506516279,22378691,0.00005064,49.28593996,0
1506516278,22378690,0.00005044,0.00000045,0
1506516273,22378689,0.00005044,1947.47259200,0
1506516181,22378585,0.00005044,2433.12419414,1
1506516100,22378389,0.00005062,25.53200316,1
1506516098,22378388,0.00005059,2192.80000000,0
1506515683,22378090,0.00005067,1781.14371300,1
1506515682,22378089,0.00005093,4924.88965246,1
1506515682,22378088,0.00005068,5199.80741404,1
1506515681,22378087,0.00005066,1183.31750000,0
1506515575,22378012,0.00005059,1181.57880000,0
1506515561,22378006,0.00005053,10991.86785900,0
1506515194,22377624,0.00005056,591.87460443,0
1506515010,22377491,0.00005057,2959.84248532,0
1506515009,22377490,0.00005053,1197.62810000,0
1506514971,22377461,0.00005046,1190.09480000,0
1506514956,22377430,0.00005034,10400.00000000,1
1506514945,22377415,0.00005044,3784.77246200,0
1506514939,22377400,0.00005042,1208.29567516,0
1506514936,22377394,0.00005044,5932.03636057,1
1506514929,22377388,0.00005044,2192.80000000,1
1506514917,22377370,0.00005051,234.32390479,0
1506514902,22377337,0.00005046,127.63052501,0
1506514902,22377335,0.00005046,234.32390479,0
1506514894,22377310,0.00005047,677.00599683,0
1506514886,22377296,0.00005048,293.51997930,0
1506513858,22376135,0.00005061,1425.77190000,0
1506513857,22376134,0.00005057,1195.22810000,0
1506513826,22376110,0.00005059,1333.48211108,0
1506513826,22376107,0.00005056,2191.40000000,1
1506513826,22376106,0.00005056,1187.43920000,1
1506513824,22376101,0.00005049,1207.30640000,0
1506513459,22375693,0.00005079,589.19432959,0
1506513364,22375591,0.00005067,1300.40000000,1
1506513314,22375511,0.00005078,223.43402914,0
1506513289,22375497,0.00005066,291.98683908,1
1506513282,22375491,0.00005066,292.10189287,1
1506513230,22375450,0.00005069,5199.80741420,0
1506513230,22375449,0.00005069,4250.53259480,0
1506513054,22375323,0.00005073,1202.26180000,0
1506513054,22375322,0.00005073,227.16408835,0
1506513053,22375321,0.00005072,941.30698044,0
1506512989,22375223,0.00005070,294.11814644,0
1506512957,22375203,0.00005070,294.11814644,1
1506512811,22375091,0.00005087,459.41360330,0
1506512784,22375064,0.00005092,1906.40534171,1
1506512784,22375063,0.00005092,1711.65809112,1
1506512783,22375059,0.00005076,292.75100000,0
1506512782,22375057,0.00005074,250.10357944,0
1506512780,22375052,0.00005080,3920.28642056,1
1506512778,22375049,0.00005080,1053.90000000,1
1506512770,22375045,0.00005078,1348.70000000,1
1506512766,22375038,0.00005078,4165.65000000,1
1506512642,22374920,0.00005078,71943.72500000,1
1506512628,22374895,0.00005078,10012.15087800,1
1506512427,22374603,0.00005078,441.56715242,0
1506512261,22374417,0.00005078,39.28731784,0
1506512100,22374205,0.00005088,117.98136000,1
1506512042,22374112,0.00005092,440.65514532,0
1506511991,22374066,0.00005102,547.43571149,1
1506511981,22374053,0.00005101,1301.43932562,0
1506511904,22373963,0.00005076,157.83452752,1
1506511851,22373878,0.00005101,1195.50000000,0
1506511838,22373852,0.00005103,1182.68080000,0
1506511738,22373751,0.00005120,581.20507812,0
1506511662,22373653,0.00005114,522.43703558,0
1506511565,22373571,0.00005103,952.65725300,0
1506511556,22373553,0.00005099,0.00000041,0
1506511556,22373552,0.00005095,1173.10930000,0
1506511555,22373550,0.00005099,2578.94290600,0
1506511458,22373443,0.00005113,140.21298733,1
1506511370,22373223,0.00005120,1195.48590969,1
1506511368,22373215,0.00005121,4419.68959591,1
1506511274,22372960,0.00005151,2672.41040575,0
1506511242,22372839,0.00005117,830.96199200,1
1506511234,22372790,0.00005118,1825.13134700,1
1506511230,22372760,0.00005167,495.08571981,0
1506511227,22372721,0.00005170,568.86866537,0
1506511226,22372705,0.00005169,395.58504683,0
1506511218,22372622,0.00005169,86.71044115,0
1506511218,22372621,0.00005169,123.14009544,0
1506511216,22372608,0.00005135,9019.12689786,0
1506511216,22372605,0.00005135,5000.00000000,0
1506511216,22372598,0.00005125,3693.64116627,0
1506511214,22372590,0.00005125,1434.79056243,0
1506511214,22372588,0.00005124,95.65270416,0
1506511020,22372101,0.00005103,208.06299213,1
1506510953,22371941,0.00005099,596.40905204,1
1506510831,22371527,0.00005103,3506.84323169,1
1506510831,22371526,0.00005101,918.71394436,0
1506510831,22371525,0.00005101,4593.56972181,0
1506510734,22371128,0.00005103,39.09484617,0
1506510671,22370880,0.00005090,1278.86848300,1
1506510643,22370778,0.00005107,5030.35872332,0
1506510641,22370774,0.00005100,457.59625635,0
1506510614,22370640,0.00005090,500.00000000,1
1506510545,22370364,0.00005100,2955.38535800,0
1506510542,22370352,0.00005100,139.18095751,0
1506510542,22370351,0.00005100,5519.68240535,0
1506510533,22370318,0.00005099,9454.16160200,1
1506510524,22370275,0.00005112,554.57252283,1
1506510480,22370074,0.00005130,676.60000000,1
1506510374,22369818,0.00005128,159.30308400,1
1506510168,22369519,0.00005174,11887.20892926,0
1506510167,22369517,0.00005173,1043.13647099,0
1506510167,22369515,0.00005172,3134.33226357,1
1506510167,22369513,0.00005172,1249.80000000,1
1506510167,22369512,0.00005172,958.57100000,1
1506510166,22369508,0.00005148,3961.48527317,0
1506510166,22369505,0.00005146,5215.68235497,0
1506510164,22369502,0.00005145,500.00000000,0
1506509947,22368969,0.00005156,1094.06826997,0
1506509919,22368905,0.00005132,200.00000000,1
1506509900,22368869,0.00005126,647.25984000,1
1506509898,22368863,0.00005136,969.31713890,0
1506509871,22368772,0.00005136,969.12315927,0
1506509870,22368767,0.00005135,1004.96183057,0
1506509836,22368715,0.00005139,967.60710891,1
1506509663,22368250,0.00005141,4460.51516919,0
1506509554,22367969,0.00005135,971.28159688,0
1506509515,22367922,0.00005122,425.75700000,1
1506509434,22367799,0.00005122,3821.02188200,0
1506509318,22367617,0.00005121,6854.24230549,0
1506509318,22367616,0.00005120,1255.96108351,0
1506509261,22367538,0.00005091,866.71662900,1
1506509165,22367391,0.00005090,1734.13151700,1
1506508881,22367058,0.00005119,545.38738034,0
1506508760,22366893,0.00005104,350.01722899,0
1506508760,22366892,0.00005100,631.33998101,0
1506508721,22366811,0.00005088,3606.64230468,1
1506508720,22366807,0.00005100,1961.49799700,0
1506508720,22366806,0.00005100,100.00000000,1
1506508627,22366659,0.00005128,3583.80000000,0
1506508610,22366654,0.00005117,1692.21860464,1
1506508523,22366548,0.00005138,574.80149600,1
1506508505,22366515,0.00005137,206.81618153,1
1506508504,22366514,0.00005140,947.22982447,1
1506508503,22366511,0.00005140,100.95631000,1
1506508502,22366510,0.00005141,106.11763757,1
1506508501,22366508,0.00005140,830.48208600,1
1506508398,22366325,0.00005123,5987.88596794,1
1506508398,22366321,0.00005125,398.11403206,1
1506508394,22366303,0.00005198,1981.98698030,0
1506508388,22366273,0.00005199,2117.91801600,1
1506508388,22366270,0.00005199,5371.38435100,1
1506508388,22366268,0.00005199,5669.91032000,1
1506508387,22366261,0.00005234,3212.82593574,0
1506508387,22366259,0.00005234,2090.02618500,1
1506508386,22366254,0.00005230,512.08597027,0
1506508386,22366253,0.00005229,28685.68878270,0
1506508386,22366252,0.00005229,1553.96026748,0
1506508386,22366250,0.00005229,2130.59913344,0
1506508386,22366249,0.00005229,3257.98506293,0
1506508385,22366248,0.00005229,48210.82311800,1
1506508385,22366242,0.00005228,162.75338351,0
1506508385,22366241,0.00005214,229.63473106,0
1506508385,22366240,0.00005214,6922.10483800,1
1506508384,22366238,0.00005207,1000.00000000,0
1506508384,22366237,0.00005198,100.00000000,0
1506508384,22366236,0.00005198,5992.42522800,1
1506508384,22366235,0.00005198,3414.72900000,1
1506508383,22366234,0.00005198,6922.10483800,1
1506508383,22366230,0.00005197,9359.41870483,0
1506508383,22366226,0.00005174,15377.40102000,0
1506508383,22366224,0.00005174,7965.43900000,1
1506508382,22366223,0.00005173,597.38583287,1
1506508382,22366221,0.00005155,2139.69521085,0
1506508381,22366216,0.00005154,2986.92916435,1
1506508380,22366213,0.00005154,56523.39500000,1
1506508380,22366210,0.00005154,9791.44227944,0
1506508267,22366069,0.00005139,4981.16582494,0
1506508139,22365777,0.00005118,0.00000023,0
1506508119,22365759,0.00005118,3988.22929100,0
1506508112,22365748,0.00005118,219.81242672,0
1506508110,22365743,0.00005118,792.90990700,0
1506508075,22365663,0.00005133,4500.00000000,0
1506508070,22365642,0.00005133,2008.24145000,0
1506508055,22365609,0.00005104,200.00000000,1
1506507987,22365428,0.00005156,105.51415826,0
1506507978,22365416,0.00005156,149.40000000,0
1506507933,22365307,0.00005156,555.27540729,0
1506507887,22365172,0.00005146,0.00000024,1
1506507887,22365171,0.00005147,9791.44227944,1
1506507887,22365169,0.00005169,0.00000032,1
1506507845,22365047,0.00005169,1362.20189100,1
1506507842,22365034,0.00005168,3137.79810868,0
1506507794,22364894,0.00005186,4.68870807,1
1506507761,22364841,0.00005192,3100.00000000,0
1506507760,22364839,0.00005186,42.19837254,1
1506507740,22364800,0.00005189,5625.55648553,0
1506507731,22364769,0.00005186,421.98372541,1
1506507691,22364645,0.00005188,158.27563608,0
1506507656,22364552,0.00005188,68.47147263,0
1506507643,22364531,0.00005167,20043.97694885,1
1506507643,22364530,0.00005170,14908.54956011,1
1506507629,22364500,0.00005188,3441.66557440,0
1506507553,22364284,0.00005188,1434.87505593,1
1506507553,22364283,0.00005188,95.65833707,1
1506507549,22364269,0.00005189,89.55224936,0
1506507544,22364249,0.00005189,2385.66203434,0
1506507544,22364248,0.00005188,15925.22000000,0
1506507438,22363836,0.00005191,1304.75515314,0
1506507433,22363802,0.00005191,3743.17349761,1
1506507420,22363744,0.00005191,5545.92537100,1
1506507400,22363691,0.00005191,6094.94638600,1
1506507400,22363689,0.00005200,654.40942308,0
1506507396,22363674,0.00005191,3795.34140300,1
1506507388,22363663,0.00005191,820.61334239,0
1506507350,22363559,0.00005190,239.67244000,0
1506507319,22363424,0.00005191,51.35130000,1
1506507315,22363396,0.00005191,513.00000000,1
1506507308,22363311,0.00005200,500.00000000,0
1506507286,22363110,0.00005200,489.81980769,0
1506507280,22363089,0.00005200,255.00000000,1
1506507083,22362042,0.00005183,248.49830693,1
1506507030,22361729,0.00005188,108.90574402,0
1506506988,22361628,0.00005194,419.00022000,0
1506506939,22361527,0.00005198,603.79317036,0
1506506879,22361272,0.00005207,1109.40201900,1
1506506780,22361139,0.00005195,156.35228841,1
1506506767,22361127,0.00005210,599.99994281,1
1506506669,22361032,0.00005159,1109.40201900,1
1506506662,22361021,0.00005156,229.37820400,1
1506506657,22361015,0.00005162,230.21948856,1
1506506653,22361012,0.00005167,428.16852918,1
1506506653,22361011,0.00005177,733.07618382,1
1506506644,22360991,0.00005177,174.60000000,1
1506506638,22360972,0.00005228,301.56661649,0
1506506638,22360971,0.00005219,522.90000000,0
1506506638,22360970,0.00005209,1000.00000000,0
1506506638,22360969,0.00005194,11342.03775408,0
1506506635,22360940,0.00005194,17723.32126492,0
1506506626,22360895,0.00005194,39956.50527857,0
1506506626,22360893,0.00005192,198.27896143,0
1506506622,22360872,0.00005194,44.11170243,0
1506506622,22360871,0.00005193,2661.24206709,0
1506506622,22360867,0.00005177,1511.93517750,0
1506506622,22360861,0.00005177,331.00192000,0
1506506621,22360857,0.00005177,1463.34896190,0
1506506574,22360714,0.00005198,1023.64881254,0
1506506573,22360713,0.00005198,5096.67358577,0
1506506567,22360708,0.00005234,10324.55011618,1
1506506567,22360707,0.00005234,10670.69752800,1
1506506567,22360705,0.00005234,4697.68433900,1
1506506566,22360704,0.00005232,11325.20051162,1
1506506566,22360703,0.00005229,841.64002820,0
1506506566,22360702,0.00005229,1559.12103700,1
1506506566,22360701,0.00005229,1500.00000000,1
1506506565,22360700,0.00005229,10750.81214600,1
1506506565,22360699,0.00005229,3763.47238000,1
1506506565,22360698,0.00005229,15281.84595700,1
1506506565,22360697,0.00005229,1522.00000000,1
1506506565,22360696,0.00005229,1469.21984426,1
1506506564,22360694,0.00005219,578.85962120,0
1506506564,22360692,0.00005219,50.00000000,0
1506506564,22360689,0.00005209,736.15844271,0
1506506564,22360687,0.00005209,2074.63223538,1
1506506563,22360684,0.00005199,740.44796445,0
1506506563,22360682,0.00005189,986.08268542,0
1506506562,22360681,0.00005188,32928.31346232,0
1506506562,22360680,0.00005179,527.43880272,0
1506506561,22360679,0.00005178,1241.71890781,0
1506506561,22360678,0.00005170,307.78541010,0
1506506561,22360677,0.00005170,476.79123031,1
1506506560,22360676,0.00005169,563.42902765,0
1506506560,22360672,0.00005161,66163.00300000,0
1506506560,22360669,0.00005161,6172.01800000,0
1506506560,22360666,0.00005161,2383.95615157,1
1506506560,22360660,0.00005160,8786.00000000,0
1506506559,22360652,0.00005159,1000.00000000,1
1506506559,22360650,0.00005159,561.60887207,0
1506506512,22360584,0.00005158,3019.37766576,0
1506506510,22360582,0.00005149,335.59426297,0
1506506479,22360556,0.00005133,3000.00000000,1
1506506440,22360510,0.00005137,500.00000000,0
1506506436,22360496,0.00005129,176.49986909,0
1506506404,22360402,0.00005149,655.78500679,0
1506506403,22360398,0.00005139,518.86024823,0
1506506403,22360393,0.00005137,631.96938123,1
1506506403,22360391,0.00005137,3159.84690613,1
1506506403,22360389,0.00005131,1241.71890781,0
1506506402,22360388,0.00005129,900.42838357,0
1506506402,22360385,0.00005123,291.99087794,0
1506506401,22360383,0.00005120,232.69390416,0
1506506401,22360382,0.00005120,774.00000000,0
1506506400,22360381,0.00005119,689.24518545,0
1506506400,22360379,0.00005111,635.77265608,0
1506506399,22360378,0.00005110,0.00000002,0
1506506391,22360371,0.00005110,4305.99999998,0
1506506390,22360370,0.00005110,1272.03546702,0
1506506390,22360369,0.00005109,587.57606700,0
1506506386,22360363,0.00005104,738.36994170,1
1506506384,22360359,0.00005104,870.48718798,1
1506506383,22360355,0.00005104,634.26319041,1
1506506383,22360354,0.00005104,159.56779800,1
1506506382,22360353,0.00005109,807.86053879,1
1506506381,22360352,0.00005109,339.33576076,1
1506506381,22360351,0.00005109,176.49986909,1
1506506361,22360323,0.00005110,423.08241000,0
1506506282,22360167,0.00005102,535.84707440,0
1506506277,22360151,0.00005102,299.12843000,0
1506506235,22360090,0.00005100,66.00000000,0
1506506188,22359922,0.00005092,95.06608995,0
1506506141,22359606,0.00005092,441.51099764,0
1506506140,22359598,0.00005092,326.86758951,0
1506506140,22359591,0.00005082,17.53642791,0
1506506135,22359549,0.00005082,317.67307961,0
1506506065,22359473,0.00005082,195.85852026,0
1506506047,22359464,0.00005083,909.79248230,1
1506506046,22359463,0.00005084,904.05205142,1
1506506045,22359462,0.00005083,547.91291523,1
1506506044,22359460,0.00005082,772.62679752,1
1506506043,22359458,0.00005082,904.92078199,1
1506506041,22359454,0.00005080,823.26335321,1
1506506040,22359453,0.00005081,874.95683121,1
1506506039,22359450,0.00005080,542.44894872,1
1506506038,22359449,0.00005080,182.98861831,1
1506506038,22359448,0.00005092,623.64152630,1
1506505930,22359315,0.00005092,70854.84700000,0
1506505930,22359314,0.00005091,4876.86900755,0
1506505901,22359279,0.00005069,233.28879058,1
1506505856,22359219,0.00005067,927.43593583,1
1506505851,22359208,0.00005071,487.15838167,1
1506505833,22359173,0.00005094,2604.44307027,0
1506505832,22359171,0.00005085,519.59434621,0
1506505832,22359169,0.00005084,1241.71890781,0
1506505830,22359166,0.00005083,231.79296900,0
1506505746,22359027,0.00005075,959.42286075,0
1506505713,22359006,0.00005068,695.23154377,1
1506505712,22359004,0.00005067,540.35536165,1
1506505710,22359000,0.00005067,805.15298097,1
1506505709,22358998,0.00005066,680.87545503,1
1506505708,22358996,0.00005067,561.17947071,1
1506505707,22358994,0.00005068,706.12233754,1
1506505706,22358993,0.00005066,727.87914817,1
1506505705,22358990,0.00005067,584.47688427,1
1506505704,22358989,0.00005066,546.09457133,1
1506505703,22358987,0.00005065,707.31787610,1
1506505703,22358986,0.00005075,179.26416457,1
1506505495,22358539,0.00005077,680.96434902,0
1506505284,22358282,0.00005076,5144.74586288,0
1506505284,22358281,0.00005076,275.29163979,0
1506505282,22358277,0.00005067,845.03224155,0
1506505248,22358236,0.00005061,670.00683847,0
1506505248,22358235,0.00005060,471.29814053,0
1506505218,22358165,0.00005060,2013.20810800,0
1506505191,22358157,0.00005060,703.59229249,0
1506505112,22358065,0.00005060,3629.90145898,0
1506505112,22358063,0.00005058,3188.09854106,0
1506505112,22358062,0.00005057,926.17548096,0
1506505111,22358061,0.00005055,40.00000000,0
1506505105,22358056,0.00005051,461.17002874,0
1506505105,22358055,0.00005050,1877.44352726,0
1506505102,22358054,0.00005050,3322.36388704,0
1506505102,22358053,0.00005047,0.36021896,0
1506505029,22358003,0.00005047,726.03170060,0
1506504930,22357875,0.00005038,1000.00000000,0
1506504929,22357874,0.00005037,949.80679572,0
1506504929,22357873,0.00005037,1241.71890781,0
1506504727,22357682,0.00005029,257.51174938,0
1506504722,22357675,0.00005021,237.26723214,1
1506504663,22357590,0.00005027,979.75230195,0
1506504652,22357553,0.00005022,44845.38462596,0
1506504652,22357552,0.00005021,5199.80741404,0
1506504599,22357412,0.00005022,2878.35344484,0
1506504598,22357411,0.00005022,44.72734005,0
1506504598,22357410,0.00005020,449.79572927,0
1506504598,22357409,0.00005017,724.21793694,0
1506504596,22357407,0.00005007,1396.93500262,0
1506504595,22357406,0.00005007,948.15860619,0
1506504595,22357405,0.00005007,164.63077981,0
1506504583,22357396,0.00005007,1396.93500300,0
1506504582,22357390,0.00005007,783.52782600,0
1506504582,22357389,0.00005007,447.33600000,0
1506504527,22357278,0.00004993,317.33313039,0
1506504497,22357231,0.00005015,2340.97148554,0
1506504496,22357228,0.00005007,2417.96704026,1
1506504496,22357225,0.00005007,3562.25061255,1
1506504495,22357222,0.00005007,549.29047178,0
1506504416,22357153,0.00005000,3450.12431667,1
1506504416,22357152,0.00005000,401.00000000,0
1506504416,22357151,0.00004997,948.87568333,0
1506504416,22357150,0.00004994,200.00000000,0
1506504412,22357147,0.00004990,1241.71890781,0
1506504318,22357018,0.00004982,402.53231552,1
1506504301,22356963,0.00004987,992.74283398,0
1506504141,22356835,0.00004978,432.92172081,0
1506503875,22356577,0.00004982,61.59044650,0
1506503875,22356576,0.00004982,238.40955350,0
1506503875,22356575,0.00004980,200.00000000,0
1506503842,22356564,0.00004974,500.00000000,1
1506503838,22356563,0.00004980,500.00000000,0
1506503728,22356507,0.00004979,3219.18296846,0
1506503728,22356506,0.00004977,599.27005248,0
1506503726,22356504,0.00004975,139.38552764,0
1506503414,22356391,0.00004975,160.61447236,0
1506503412,22356389,0.00004974,1007.98208676,0
1506503388,22356382,0.00004973,2779.06735022,0
1506503165,22356281,0.00004971,1294.64313015,0
1506503164,22356280,0.00004963,1370.63638031,0
1506502936,22356215,0.00004961,13932.12848985,0
1506502516,22356016,0.00004961,570.62164886,0
1506502111,22355815,0.00004958,2231.09999546,0
1506502111,22355814,0.00004949,769.54545454,0
1506502092,22355801,0.00004944,790.88638149,0
1506502092,22355800,0.00004940,1936.11361851,0
1506502091,22355797,0.00004940,2403.48067000,0
1506502069,22355768,0.00004940,163.13894100,0
1506502068,22355767,0.00004940,10093.10467104,1
1506501816,22355606,0.00004947,2500.00000000,0
1506501777,22355558,0.00004950,8047.94790200,0
1506501734,22355519,0.00004950,100.75818182,0
1506501720,22355508,0.00004943,4448.42617200,1
1506501569,22355442,0.00004951,3789.63262000,0
1506501539,22355416,0.00004951,164.22947945,1
1506501326,22355337,0.00004951,7951.14103563,1
1506501326,22355336,0.00004955,1603.91192637,1
1506501122,22355163,0.00004968,1568.51923069,0
1506501122,22355162,0.00004968,5379.03567331,0
1506501116,22355158,0.00004968,572.57300000,1
1506501108,22355155,0.00004967,242.76147813,0
1506501085,22355148,0.00004965,60.00000000,0
1506501064,22355140,0.00004967,542.37004227,0
1506501061,22355138,0.00004965,1306.61189950,0
1506501052,22355136,0.00004965,1386.77620200,0
1506501050,22355135,0.00004956,965.00000000,0
1506501048,22355134,0.00004965,1306.61189850,0
1506501048,22355133,0.00004964,0.00000050,0
1506501044,22355131,0.00004964,1971.41779400,0
1506501035,22355130,0.00004964,1963.08589900,0
1506501020,22355126,0.00004964,2727.00000000,0
1506500997,22355104,0.00004956,5654.01112210,1
1506500997,22355103,0.00004956,5850.98887790,1
1506500890,22355038,0.00004964,181.00000000,0
1506500501,22354731,0.00004964,4495.50000000,0
1506500498,22354720,0.00004964,1978.60264402,0
1506500391,22354601,0.00004935,232.61239212,1
1506500362,22354585,0.00004964,5882.83340048,0
1506500294,22354542,0.00004952,3592.69610108,1
1506500294,22354541,0.00004953,5592.70365812,1
1506500294,22354540,0.00004953,9309.32412560,1
1506500275,22354515,0.00004964,2870.24625200,0
1506500269,22354507,0.00004964,50000.00000000,0
1506500268,22354505,0.00004959,6182.67163241,0
1506500267,22354502,0.00004959,1760.50000000,1
1506500267,22354501,0.00004963,1872.40017159,1
1506500267,22354500,0.00004963,184.42819600,1
1506500220,22354447,0.00004964,1050.30000000,0
1506500196,22354436,0.00004964,1539.12575600,0
1506500192,22354431,0.00004964,247.63121000,0
1506500190,22354429,0.00004964,1478.91566300,0
1506500170,22354387,0.00004964,4124.97151800,0
1506500032,22354301,0.00004964,2989.36986300,0
1506499704,22354129,0.00004963,1169.93350795,0
1506499686,22354128,0.00004963,30148.28430385,0
1506499594,22354106,0.00004963,10800.86526587,0
1506499560,22354094,0.00004964,11129.54418609,0
1506499560,22354093,0.00004964,6549.93900000,0
1506499109,22353941,0.00004955,1295.03402400,0
1506499104,22353939,0.00004955,470.56597600,0
1506498757,22353686,0.00004922,8488.16160100,0
1506498737,22353667,0.00004921,1303.28063401,0
1506498676,22353625,0.00004905,930.12246085,1
1506498675,22353624,0.00004906,662.26213185,0
1506498674,22353623,0.00004905,4813.14947346,0
1506498170,22353380,0.00004875,19.85295775,0
1506497881,22353190,0.00004875,178.67661974,0
1506497872,22353184,0.00004874,1671.22952300,0
1506497869,22353166,0.00004874,178.67657095,0
1506497865,22353143,0.00004874,1472.70000000,1
1506497859,22353114,0.00004875,178.67661974,1
1506497574,22352896,0.00004890,565.33456032,0
1506497528,22352868,0.00004872,89.07437173,1
1506497250,22352588,0.00004893,2972.66850602,0
1506497249,22352587,0.00004887,216.02821048,0
1506496836,22352377,0.00004882,282.19500204,0
1506496147,22351976,0.00004876,785.34031387,0
1506496146,22351975,0.00004875,785.34031413,0
1506496137,22351966,0.00004871,2448.53756500,0
1506495736,22351751,0.00004871,375.85547115,0
1506495669,22351702,0.00004870,417.60000000,0
1506495662,22351692,0.00004870,464.00000000,1
1506495642,22351686,0.00004871,3622.82560209,1
1506495625,22351679,0.00004876,2701.74088221,1
1506495617,22351672,0.00004875,2701.74088221,0
1506495608,22351662,0.00004874,741.00000000,1
1506495419,22351547,0.00004874,4197.26858877,0
1506494369,22350955,0.00004883,1965.83493753,0
1506493800,22350722,0.00004883,476.29776776,0
1506493703,22350643,0.00004851,1417.41080100,1
1506493676,22350635,0.00004865,1314.43576567,0
1506493486,22350572,0.00004868,226.55699174,0
1506493080,22350367,0.00004865,476.45303186,0
1506491696,22349603,0.00004858,1196.94359818,0
1506491381,22349445,0.00004823,128.32197973,0
1506491310,22349437,0.00004823,3866.77619400,0
1506491127,22349380,0.00004823,251.72999083,1
1506491065,22349355,0.00004837,123.73433947,0
1506490869,22349317,0.00004839,1390.77474684,0
1506490869,22349316,0.00004838,6292.98100000,1
1506490869,22349315,0.00004835,4092.55635988,0
1506490867,22349314,0.00004834,597.03960934,0
1506490627,22349223,0.00004835,52.44364012,0
1506490530,22349157,0.00004814,98.23600000,1
1506490416,22349081,0.00004814,498.80360934,1
1506490271,22349031,0.00004842,574.55121850,0
1506489714,22348873,0.00004846,3898.46327951,0
1506489714,22348872,0.00004845,263.73194849,0
1506489296,22348612,0.00004848,986.38613861,0
1506489218,22348595,0.00004851,169.95382395,0
1506489155,22348551,0.00004858,2669.20543433,0
1506488911,22348379,0.00004859,2258.19469027,0
1506487747,22348040,0.00004846,426.28146925,0
1506487484,22347992,0.00004845,1201.00000000,1
1506487479,22347991,0.00004852,0.00000010,1
1506487473,22347990,0.00004852,4171.23194600,1
1506487450,22347986,0.00004852,5048.04605400,1
1506487441,22347984,0.00004852,150.00000000,1
1506487381,22347940,0.00004852,630.72199990,1
1506487317,22347883,0.00004853,10000.00000000,0
1506487203,22347826,0.00004853,479.03956315,0
1506486984,22347656,0.00004872,980.75513136,1
1506486982,22347655,0.00004848,3879.88429991,0
1506486323,22347376,0.00004851,478.49866007,0
1506485915,22347199,0.00004854,291.72126082,0
1506485149,22346740,0.00004850,569.94164948,0
1506484934,22346591,0.00004831,934.08047700,1
1506484927,22346587,0.00004843,2401.56844930,0
1506484883,22346495,0.00004853,955.97444879,0
1506484774,22346419,0.00004862,1238.43603455,1
1506484769,22346415,0.00004862,2929.52557100,1
1506484762,22346406,0.00004831,1238.47442863,1
1506484573,22346247,0.00004867,106.11758900,0
1506483977,22345831,0.00004829,204.82567335,0
1506483288,22345435,0.00004857,153.49063207,1
1506483288,22345434,0.00004832,6632.06700000,0
1506483288,22345433,0.00004830,395.70282257,1
1506483286,22345432,0.00004829,395.70282257,0
1506483062,22345337,0.00004831,11803.38252949,0
1506483060,22345336,0.00004829,470.14196742,0
1506482266,22344587,0.00004836,2936.85242500,1
1506482176,22344517,0.00004854,1205.67964565,0
1506481945,22344463,0.00004852,495.46372630,0
1506481820,22344399,0.00004866,20644.43588162,0
1506481818,22344397,0.00004854,1072.23407264,0
1506481582,22344288,0.00004849,627.01340482,1
1506481296,22344144,0.00004849,7372.99960300,1
1506481232,22344133,0.00004865,2401.69208633,0
1506481215,22344124,0.00004865,156.83453237,0
1506481050,22344071,0.00004850,2053.38809100,1
1506481048,22344070,0.00004850,5403.54457042,1
1506481048,22344069,0.00004851,985.00369458,1
1506480797,22344008,0.00004853,50.00000000,1
1506480611,22343956,0.00004855,1894.74548146,1
1506480602,22343955,0.00004869,1035.00369458,0
1506480522,22343922,0.00004855,9155.39285700,1
1506480462,22343910,0.00004855,4236.60855784,1
1506480455,22343906,0.00004855,3041.25310370,1
1506480402,22343856,0.00004877,449.97190896,0
1506480386,22343847,0.00004857,3730.19248500,1
1506480177,22343792,0.00004857,4360.61048371,1
1506480175,22343791,0.00004860,655.38951629,1
1506480174,22343790,0.00004860,344.21049425,1
1506480174,22343789,0.00004861,9340.49753575,1
1506479932,22343710,0.00004882,2135.49160180,0
1506479930,22343708,0.00004877,377.66555637,0
1506479701,22343641,0.00004882,530.00000000,0
1506479642,22343607,0.00004884,1196.54484029,0
1506479422,22343544,0.00004863,500.00000000,1
1506479416,22343540,0.00004880,2549.91516393,0
1506479329,22343522,0.00004883,2499.77677657,0
1506479258,22343479,0.00004882,260.00000000,0
1506479164,22343460,0.00004883,478.52979725,0
1506477834,22343140,0.00004883,428.78742576,0
1506477720,22343098,0.00004883,1502.59553553,0
1506477697,22343079,0.00004883,478.37436002,0
1506477521,22343008,0.00004882,2645.44972353,0
1506477307,22342961,0.00004880,2403.60553278,1
1506476546,22342815,0.00004869,45.92000000,1
1506476518,22342806,0.00004885,2391.92057318,0
1506476129,22342747,0.00004878,1197.63489134,0
1506475659,22342530,0.00004879,53.08464849,0
1506475451,22342453,0.00004871,217.34896572,1
1506475378,22342437,0.00004874,243.25379565,0
1506475262,22342359,0.00004874,854.60443167,0
1506474668,22342118,0.00004865,2237.70000000,1
1506474332,22341672,0.00004854,5500.00000000,0
1506474252,22341636,0.00004871,309.32126919,1
1506474216,22341617,0.00004871,4491.18811023,0
1506474177,22341603,0.00004870,5.13347022,0
1506474176,22341599,0.00004870,32.68665297,0
1506474151,22341534,0.00004871,896.22972695,0
1506474078,22341498,0.00004871,97.45288441,0
1506473966,22341455,0.00004868,600.00000000,0
1506473880,22341442,0.00004871,93.69184972,0
1506473871,22341439,0.00004869,2408.13842678,0
1506473671,22341385,0.00004873,1516.52154288,0
1506473429,22341344,0.00004892,479.36447260,0
1506472802,22341191,0.00004869,1000.00000000,0
1506472226,22340992,0.00004861,483.31536720,0
1506472064,22340949,0.00004858,57.53396459,0
1506471984,22340848,0.00004865,632.70668036,0
1506471538,22340198,0.00004830,1207.84745056,1
1506471538,22340197,0.00004831,5712.75254944,1
1506471365,22340138,0.00004831,100.00000000,1
1506471235,22339990,0.00004837,5748.95256100,1
1506471222,22339986,0.00004837,1338.25264200,1
1506471207,22339984,0.00004835,6124.57200000,1
1506471177,22339971,0.00004835,2640.43708800,1
1506470873,22339873,0.00004906,479.52364451,0
1506470701,22339829,0.00004872,246.33148604,0
1506470515,22339783,0.00004861,1952.18306052,1
1506470472,22339726,0.00004861,7069.16860000,1
