date,tid,price,amount,type
1506556542,22426652,0.17844,1007.05842810,0
1506556537,22426645,0.17949,711.61067468,1
1506556536,22426642,0.17926,450.00000000,0
1506556536,22426638,0.17844,1163.67840000,0
1506556536,22426634,0.17842,834.29537000,1
1506556535,22426632,0.17842,1476.07245000,1
1506556535,22426627,0.17839,5199.80741428,1
1506556535,22426626,0.17839,4171.47686000,1
1506556528,22426625,0.17842,1007.56641632,0
1506556520,22426618,0.17818,30.00000000,0
1506556020,22426436,0.17620,96.00000000,0
1506556020,22426435,0.17565,0.00000024,0
1506556019,22426434,0.17686,899.23185100,0
1506556018,22426433,0.17686,787.99879716,1
1506556016,22426431,0.17690,1662.08210000,1
1506555992,22426421,0.17686,500.00000000,1
1506555992,22426420,0.17686,1395.00000000,1
1506555988,22426419,0.17551,6886.97763377,1
1506555988,22426418,0.17552,20288.84300000,1
1506555988,22426417,0.17600,50.00000000,1
1506555988,22426416,0.17629,16385.54188000,1
1506555988,22426415,0.17650,5868.94011000,1
1506555988,22426414,0.17679,5199.80741404,1
1506555988,22426413,0.17681,2173.70000000,1
1506555967,22426401,0.17717,3828.06326300,1
1506555106,22425952,0.17713,12847.21729291,0
1506555106,22425951,0.17713,3094.86543900,0
1506555104,22425948,0.17713,450.00000000,1
1506555094,22425943,0.17718,169.17936632,0
1506555030,22425892,0.17718,309.56929900,0
1506555029,22425891,0.17718,5371.64466000,0
1506555026,22425885,0.17718,15556.60429000,1
1506555021,22425883,0.17719,3976.27975600,0
1506554977,22425859,0.17719,1097.25000000,0
1506554977,22425858,0.17719,300.00000000,0
1506554963,22425854,0.17719,980.06771000,0
1506554950,22425849,0.17719,980.06771000,0
1506554946,22425846,0.17719,2455.24108900,0
1506554945,22425845,0.17719,265.16331800,0
1506554941,22425840,0.17719,1151.79000000,0
1506554938,22425837,0.17719,2417.14000000,0
1506554937,22425836,0.17719,621.21900000,0
1506554937,22425835,0.17719,941.22642000,0
1506554936,22425834,0.17718,746.63083000,1
1506554934,22425831,0.17719,2417.00000000,0
1506554932,22425829,0.17719,3555.20250000,1
1506554908,22425812,0.17722,500.00000000,1
1506554906,22425810,0.17750,445.00000000,1
1506554905,22425809,0.17800,490.05490653,1
1506554892,22425805,0.17800,2207.85157982,1
1506554892,22425804,0.17800,2296.21236349,1
1506554892,22425803,0.17805,4236.62007400,1
1506554878,22425801,0.17805,104.76864000,1
1506554865,22425783,0.17821,909.71746815,0
1506554863,22425777,0.17820,887.08613000,0
1506554836,22425729,0.17805,429.58380400,1
1506554836,22425728,0.17806,3534.12370000,1
1506554832,22425720,0.17805,1229.02748200,1
1506554816,22425674,0.17803,807.26501400,1
1506554774,22425574,0.17821,4846.16833000,0
1506554774,22425573,0.17820,219.44977000,0
1506554581,22425378,0.17829,58.29833417,0
1506554553,22425357,0.17830,287.07756000,0
1506554540,22425346,0.17830,413.24579000,0
1506554487,22425300,0.17830,755.55965000,0
1506554474,22425287,0.17830,755.55965000,0
1506554449,22425271,0.17834,185.59554000,0
1506554436,22425256,0.17834,220.50954000,0
1506554409,22425219,0.17818,96.00000000,0
1506554396,22425209,0.17834,251.60850000,0
1506554383,22425201,0.17834,298.94078000,0
1506554369,22425195,0.17834,287.09340000,0
1506554356,22425186,0.17834,68.87114000,0
1506554343,22425172,0.17834,81.82709000,0
1506554330,22425167,0.17834,97.22031000,0
1506554317,22425159,0.17834,115.50928000,0
1506554304,22425148,0.17834,137.23875000,0
1506554291,22425145,0.17834,163.05593000,0
1506554277,22425140,0.17834,193.72983000,0
1506554269,22425138,0.17834,3000.00000000,0
1506554264,22425132,0.17834,230.17405000,0
1506554251,22425127,0.17834,273.47412000,0
1506554238,22425122,0.17834,324.91975000,0
1506554224,22425113,0.17834,386.04327000,0
1506554211,22425111,0.17834,458.66526000,0
1506554198,22425104,0.17834,544.94883000,0
1506554185,22425100,0.17834,647.46396000,0
1506554172,22425097,0.17834,769.26411000,0
1506554158,22425087,0.17834,913.97716000,0
1506554147,22425079,0.17834,242.00000000,1
1506554147,22425078,0.17835,105.94226000,1
1506554038,22425011,0.17836,1031.42638000,0
1506553657,22424777,0.17847,819.92207000,0
1506553644,22424769,0.17847,974.16484000,0
1506553630,22424764,0.17847,935.55749000,0
1506553617,22424757,0.17847,1111.55345000,0
1506553609,22424753,0.17849,1671.67340000,1
1506553609,22424752,0.17856,10054.04341000,1
1506553609,22424751,0.17857,15096.93245000,1
1506553588,22424732,0.17986,1733.53500000,0
1506553562,22424722,0.17993,999.11076529,1
1506553553,22424708,0.17995,45418.03311875,0
1506553553,22424707,0.17994,659.98887000,0
1506553553,22424706,0.17900,23943.30368125,0
1506553553,22424705,0.17899,3299.94433000,0
1506553404,22424566,0.17851,96.00000000,1
1506553325,22424500,0.17851,96.00000000,0
1506553038,22424353,0.17891,557.45225554,0
1506552970,22424320,0.17891,75.61502582,1
1506552968,22424319,0.17891,3203.60764400,1
1506552965,22424318,0.17891,1578.64173000,0
1506552795,22424217,0.17892,3181.11580000,0
1506552795,22424216,0.17891,2228.45220000,0
1506552434,22424013,0.17910,117.21727000,0
1506552234,22423856,0.17879,172.00000000,0
1506551967,22423674,0.17819,254.94000000,1
1506551875,22423588,0.17845,285.00000000,1
1506551611,22423402,0.17974,5385.77958644,0
1506551611,22423401,0.17974,163.93795000,0
1506551539,22423372,0.17990,845.75711000,0
1506551518,22423361,0.17938,333.39501475,1
1506551518,22423360,0.17938,1512.00585825,1
1506551370,22423279,0.18000,48.62172355,0
1506551320,22423253,0.18034,979.81385161,0
1506551319,22423252,0.18033,5935.27175100,0
1506551317,22423251,0.18000,4007.63274389,1
1506551281,22423228,0.17999,194.77776000,0
1506551227,22423166,0.17999,231.41912000,0
1506551186,22423134,0.17951,286.00000000,1
1506551185,22423132,0.17958,500.00000000,1
1506551135,22423053,0.18000,1897.44574100,1
1506550920,22422872,0.18000,821.46364700,1
1506550904,22422862,0.18005,69.80560955,1
1506550890,22422857,0.17979,172.00000000,0
1506550844,22422805,0.18000,2209.50477300,1
1506550640,22422580,0.18069,314.67916879,1
1506550536,22422396,0.18069,220.82151752,1
1506550514,22422382,0.18069,388.13146000,1
1506550488,22422359,0.18069,461.14629000,1
1506550475,22422341,0.18069,547.89658000,1
1506550462,22422306,0.18069,650.96624000,1
1506550448,22422245,0.18069,773.42524000,1
1506550447,22422244,0.18069,3050.88971900,1
1506550441,22422239,0.18069,918.92107000,0
1506550441,22422238,0.18069,1000.00000000,0
1506550440,22422237,0.18069,84.00000000,0
1506550308,22422093,0.18000,84.00000000,1
1506550214,22422015,0.18000,7306.01309854,1
1506550108,22421903,0.18069,220.82151752,0
1506550015,22421736,0.18000,466.44965000,1
1506549983,22421698,0.18064,612.06753390,0
1506549887,22421609,0.18065,1670.47104558,1
1506549887,22421607,0.18065,1091.78741000,0
1506549859,22421535,0.18000,328.53368600,0
1506549776,22421425,0.18062,500.00000000,0
1506549769,22421412,0.18000,961.50293100,1
1506549767,22421406,0.18000,1592.32891000,1
1506549759,22421376,0.18000,3000.00000000,1
1506549672,22421277,0.17980,5962.21120653,0
1506549665,22421272,0.17978,3063.64870548,0
1506549665,22421271,0.17980,3669.63285222,0
1506549660,22421263,0.17951,2608.00000000,1
1506549656,22421260,0.17986,6735.02656342,0
1506549649,22421235,0.17992,4521.28994316,0
1506549640,22421213,0.17995,75.09229815,0
1506549633,22421197,0.17951,2608.00000000,1
1506549627,22421194,0.17951,1127.76319200,1
1506549624,22421191,0.17951,370.23680800,1
1506549610,22421178,0.17988,172.00000000,0
1506549597,22421147,0.18023,166.03883926,0
1506549502,22421064,0.18000,1716.12000000,0
1506549501,22421062,0.18000,1519.52870548,0
1506549501,22421061,0.17980,196.59129452,0
1506549392,22420865,0.17980,1147.33388000,0
1506549265,22420614,0.17980,19411.13800000,0
1506549261,22420608,0.17980,27.73932147,0
1506549183,22420569,0.17980,27.73932147,0
1506549143,22420521,0.17980,3621.45818360,0
1506549139,22420519,0.17980,120.00000000,0
1506549105,22420508,0.17980,447.99999894,1
1506549000,22420424,0.17980,302.00000000,1
1506548819,22420267,0.18092,904.20285208,1
1506548819,22420265,0.18078,89.51000000,0
1506548815,22420261,0.18077,212.83546455,1
1506548815,22420260,0.18077,421.74555000,0
1506548814,22420259,0.17985,1657.12490095,0
1506548807,22420247,0.17985,125.80000000,0
1506548767,22420184,0.17981,747.34700000,1
1506548666,22420135,0.18000,850.00000000,0
1506548627,22420077,0.18000,1065.64858000,0
1506548613,22420069,0.18000,3150.09904000,0
1506548600,22420065,0.18000,3228.02183333,1
1506548599,22420061,0.18000,3228.02183333,1
1506548599,22420060,0.18000,500.00000000,0
1506548599,22420059,0.18000,180.00000000,0
1506548597,22420057,0.17999,4404.77481000,0
1506548487,22419975,0.17992,5552.79837000,0
1506548469,22419964,0.17980,0.00000106,0
1506548429,22419915,0.17980,962.24248000,0
1506548419,22419909,0.17980,617.75751894,0
1506548419,22419908,0.17978,0.00000106,0
1506548409,22419883,0.17959,201.00000000,0
1506548407,22419878,0.17959,40.00000000,0
1506548390,22419805,0.17978,3619.99630000,0
1506548377,22419734,0.17978,4035.89915000,0
1506548363,22419719,0.17978,4035.89915000,0
1506548361,22419714,0.17978,2496.17982095,0
1506548350,22419698,0.17976,3750.00000000,0
1506548323,22419676,0.17950,0.00000500,0
1506548315,22419671,0.17950,199.99999500,0
1506548315,22419669,0.17950,9133.26663500,0
1506548313,22419659,0.17950,588.11336500,0
1506548304,22419632,0.17938,332.61219396,0
1506548304,22419629,0.17938,145.22801000,0
1506548303,22419625,0.17938,1757.57174712,0
1506548301,22419618,0.17938,1754.35226892,0
1506548241,22419568,0.17942,555.96154275,0
1506548134,22419455,0.17938,561.92663619,0
1506548017,22419397,0.17939,479.76381069,0
1506547722,22419169,0.17877,916.80000000,1
1506547722,22419168,0.17878,9214.38000000,1
1506547655,22419148,0.17910,100.00000000,0
1506547505,22419072,0.17910,395.41509421,0
1506547504,22419071,0.17899,583.39282079,0
1506547493,22419064,0.17899,416.60717921,0
1506547493,22419063,0.17850,0.00000379,0
1506547386,22418993,0.17850,900.60294000,0
1506547380,22418986,0.17850,4067.19613000,0
1506547345,22418961,0.17850,40.86103000,0
1506547330,22418951,0.17807,569.00000000,1
1506547291,22418906,0.17850,1500.93986400,0
1506547286,22418902,0.17850,502.30341411,0
1506547284,22418896,0.17850,557.16911883,0
1506547228,22418870,0.17850,665.66159500,0
1506547215,22418864,0.17826,241.00000000,0
1506547140,22418834,0.17850,4732.75403300,0
1506547130,22418829,0.17850,251.16359400,0
1506547011,22418711,0.17850,1128.83053221,0
1506546981,22418696,0.17850,5360.04436000,0
1506546938,22418646,0.17866,1809.88148000,0
1506546934,22418644,0.17894,1004.63842629,1
1506546934,22418643,0.17898,517.03009000,1
1506546932,22418641,0.17898,3988.88022000,0
1506546920,22418609,0.17800,2206.47696600,0
1506546917,22418607,0.17800,2293.52303400,0
1506546545,22418375,0.17824,558.99932495,0
1506546543,22418366,0.17757,0.52915402,0
1506546514,22418315,0.17721,500.00000000,1
1506546508,22418298,0.17721,625.46000000,1
1506546412,22418120,0.17780,755.72084598,1
1506546298,22418015,0.17876,38.62452450,0
1506546296,22418014,0.17828,241.00000000,0
1506546277,22417969,0.17800,100.00000000,1
1506546277,22417968,0.17800,46.30000000,1
1506546277,22417967,0.17800,1400.00000000,1
1506546276,22417966,0.17800,1268.30859953,1
1506546217,22417909,0.17800,10731.69140047,1
1506546217,22417908,0.17800,255.00000000,1
1506546217,22417907,0.17800,1000.00000000,1
1506546217,22417906,0.17801,15220.67182000,1
1506546217,22417905,0.17871,243.01077953,1
1506546034,22417810,0.17871,1748.99278364,1
1506546032,22417809,0.17876,111.00721636,1
1506545966,22417765,0.17937,2834.69933656,0
1506545965,22417764,0.17900,1.78164796,0
1506545953,22417756,0.17876,5721.93480100,1
1506545951,22417754,0.17877,117.76251200,1
1506545946,22417751,0.17877,1985.28636400,1
1506545917,22417729,0.17900,438.21835204,1
1506545896,22417716,0.17900,336.00000000,1
1506545894,22417715,0.17900,11630.00000000,1
1506545891,22417713,0.17964,55.52805611,0
1506545891,22417712,0.17900,21030.78164796,1
1506545891,22417710,0.17901,1442.11590804,1
1506545860,22417676,0.17901,229.57365826,1
1506545847,22417650,0.17965,4511.90325633,0
1506545847,22417649,0.17964,3009.44157000,0
1506545845,22417647,0.17901,254.00000000,0
1506545814,22417628,0.17901,30.00000000,0
1506545765,22417604,0.17901,500.00000000,1
1506545612,22417438,0.17976,5549.10007788,0
1506545600,22417401,0.17940,2131.43506862,1
1506545535,22417355,0.17978,556.95138503,0
1506545516,22417340,0.17978,11100.00000000,0
1506545498,22417330,0.17978,557.51719885,0
1506545474,22417308,0.17978,1834.18126789,0
1506545473,22417307,0.17977,230.77984011,0
1506545451,22417272,0.17977,5549.34494076,0
1506545407,22417189,0.17978,9299.53128527,0
1506545407,22417188,0.17978,1828.10666110,1
1506545405,22417186,0.17977,502.26183457,0
1506545380,22417161,0.17978,2408.35962618,0
1506545380,22417160,0.17977,501.64037382,0
1506545318,22417109,0.17940,1968.56493138,1
1506545258,22417053,0.17940,1500.00000000,1
1506545100,22416894,0.17978,55.48481477,0
1506544929,22416750,0.17977,676.35944417,0
1506544927,22416746,0.17941,460.00000000,0
1506544770,22416495,0.17976,554.90999110,0
1506544766,22416492,0.17976,554.90999110,0
1506544704,22416329,0.17903,2525.12098778,0
1506544702,22416319,0.17908,6143.23900000,1
1506544540,22416041,0.17976,554.90999110,0
1506544458,22415995,0.17976,1000.48076800,0
1506544433,22415983,0.17976,2370.33856252,0
1506544431,22415982,0.17941,405.00000000,0
1506544393,22415964,0.17950,55.00000000,1
1506544391,22415963,0.17955,4400.00000000,1
1506544355,22415935,0.17978,460.00000000,0
1506544296,22415906,0.17978,113.55300923,0
1506544295,22415905,0.17975,718.83930916,0
1506544283,22415899,0.17975,566.16069084,0
1506544281,22415898,0.17950,2454.77884600,0
1506544246,22415873,0.17950,332.22115400,0
1506544215,22415767,0.17973,555.00261503,0
1506544161,22415726,0.17910,642.00000000,1
1506543947,22415549,0.17902,500.00000000,1
1506543937,22415541,0.17900,427.36000000,0
1506543936,22415540,0.17900,1353.33690751,0
1506543916,22415516,0.17900,6083.99600000,0
1506543904,22415507,0.17900,1671.78770949,0
1506543879,22415485,0.17900,2843.41938300,0
1506543857,22415477,0.17900,2570.84500000,0
1506543857,22415476,0.17900,1476.61500000,0
1506543851,22415472,0.17899,246.74118140,1
1506543849,22415470,0.17900,1000.00000000,1
1506543790,22415421,0.17980,40.00000000,0
1506543543,22415227,0.17983,300.00000000,0
1506543470,22415127,0.17857,281.10470380,1
1506543468,22415124,0.17950,830.00000000,1
1506543454,22415119,0.17985,440.00000000,0
1506543427,22415111,0.17983,3432.07618853,1
1506543426,22415110,0.17983,4882.78696000,0
1506543364,22415055,0.17992,1663.23921742,0
1506543326,22415040,0.17951,1000.00000000,0
1506543315,22415021,0.17950,500.00000000,1
1506543264,22414996,0.17950,2000.00000000,1
1506543258,22414990,0.17950,100.00000000,1
1506543211,22414937,0.17950,350.00000000,1
1506543210,22414934,0.17998,2838.62341906,0
1506543188,22414882,0.18000,760.38880100,1
1506543188,22414880,0.18000,3780.00000000,1
1506543153,22414840,0.17950,1000.00000000,1
1506543150,22414834,0.18000,3000.00000000,1
1506543123,22414802,0.17951,2456.96279640,0
1506543121,22414799,0.17955,6154.17873000,1
1506543092,22414764,0.18000,5544.78171206,1
1506543086,22414757,0.18000,293.84170700,1
1506543047,22414719,0.18098,27.55845950,0
1506543032,22414711,0.18097,790.86793391,0
1506543030,22414709,0.18089,1966.00000000,0
1506543018,22414684,0.18020,555.87033700,1
1506543018,22414682,0.18020,2705.74016500,1
1506543005,22414657,0.18091,1180.00000000,0
1506542997,22414628,0.18020,2435.40683991,1
1506542971,22414589,0.18020,6142.47186503,1
1506542946,22414551,0.18020,3120.70749200,1
1506542919,22414484,0.18021,1185.28383552,0
1506542875,22414451,0.18021,7574.39451000,1
1506542875,22414450,0.18022,97.84978945,1
1506542852,22414430,0.18021,7239.03620475,1
1506542833,22414390,0.18020,4747.32991600,1
1506542833,22414389,0.18022,180.00000000,1
1506542791,22414327,0.18095,3640.78474716,0
1506542564,22413860,0.18098,908.35422000,1
1506542499,22413602,0.18025,1966.00000000,1
1506542483,22413557,0.18098,1168.47894795,0
1506542479,22413553,0.18098,513.74168000,0
1506542468,22413501,0.18098,1608.23161300,0
1506542403,22413348,0.18098,100.00000000,0
1506542374,22413314,0.18016,820.00000000,1
1506542341,22413245,0.18097,5511.99773443,0
1506542339,22413241,0.18098,1752.71842193,0
1506542224,22413082,0.18099,458.55754461,0
1506542223,22413081,0.18069,5061.77104738,0
1506542113,22412877,0.18066,138.03636666,0
1506542107,22412871,0.18000,753.11900000,1
1506541983,22412655,0.18000,140.00000000,1
1506541851,22412547,0.18089,366.10332246,0
1506541832,22412526,0.18002,4842.12209096,1
1506541832,22412525,0.18005,5199.80741404,1
1506541830,22412522,0.18006,15136.59898000,1
1506541797,22412491,0.18100,598.73784531,0
1506541797,22412490,0.18099,367.44999999,0
1506541791,22412479,0.18100,3258.54662983,0
1506541791,22412478,0.18100,35.00000000,0
1506541791,22412477,0.18100,407.00000000,0
1506541791,22412476,0.18099,62.52197000,1
1506541790,22412475,0.18099,173.52492000,0
1506541790,22412473,0.18068,70.00000000,0
1506541790,22412472,0.18055,200.00000000,0
1506541788,22412467,0.18054,6833.57587552,0
1506541784,22412448,0.18054,9469.65924448,0
1506541783,22412446,0.18053,74.28352000,0
1506541783,22412444,0.18050,444.79836911,0
1506541783,22412441,0.18001,1065.83638292,1
1506541783,22412439,0.18017,0.47743168,1
1506541780,22412434,0.18017,200.00000000,0
1506541780,22412433,0.18017,500.00000000,0
1506541761,22412392,0.18000,9533.64378556,1
1506541760,22412390,0.18000,0.00000044,0
1506541760,22412388,0.18000,1499.99999956,0
1506541760,22412387,0.18000,7790.06664844,0
1506541706,22412191,0.18000,24264.19034758,0
1506541706,22412190,0.18000,200.00000000,0
1506541705,22412189,0.18000,460.10864502,0
1506541705,22412188,0.18000,233.62117740,0
1506541699,22412180,0.17995,1000.00000000,1
1506541695,22412174,0.18000,681.35248700,0
1506541695,22412173,0.18000,3196.65931535,0
1506541693,22412172,0.18000,500.00000000,0
1506541659,22412098,0.18000,500.00000000,0
1506541643,22412079,0.18000,737.04622222,0
1506541637,22412064,0.17999,10000.00000000,1
1506541635,22412061,0.18000,909.25350000,0
1506541633,22412059,0.17999,88.25765000,0
1506541597,22412006,0.18000,157.04096243,0
1506541597,22412005,0.18000,5700.57142857,0
1506541597,22412004,0.18000,1000.00000000,0
1506541565,22411899,0.18000,1000.00000000,0
1506541565,22411897,0.17999,47.40000000,0
1506541564,22411894,0.17990,1003.42348340,0
1506541564,22411889,0.17989,14185.60796000,0
1506541561,22411879,0.17980,10619.85216600,0
1506541560,22411878,0.17980,1003.42348300,0
1506541554,22411868,0.17980,305.00000000,0
1506541505,22411820,0.17980,7571.72435100,0
1506541463,22411714,0.17989,199.62321419,0
1506541432,22411645,0.17950,4834.16981710,1
1506541427,22411601,0.17950,11861.46662205,1
1506541407,22411578,0.17989,693.13619434,0
1506541398,22411563,0.17931,1000.00000000,1
1506541358,22411522,0.17990,444.46964981,0
1506541332,22411475,0.17989,65.99310690,0
1506541306,22411430,0.17926,14157.02620886,1
1506541304,22411425,0.17990,2456.19114200,0
1506541210,22411323,0.17990,5544.78171206,0
1506541202,22411309,0.17990,30.00000000,0
1506541201,22411308,0.17990,4691.87531004,0
1506541201,22411305,0.17980,7839.47116696,0
1506541200,22411304,0.17980,10744.62909200,0
1506541192,22411295,0.17980,832.14682981,0
1506541191,22411291,0.17980,4546.78121800,0
1506541191,22411290,0.17978,1500.00000000,0
1506541146,22411221,0.17963,1245.80569576,0
1506541111,22411145,0.17963,15139.73618424,0
1506541111,22411143,0.17963,1000.00000000,0
1506541111,22411141,0.17962,3654.40138876,0
1506541107,22411116,0.17962,1019.00319600,0
1506541107,22411115,0.17961,226.80250000,0
1506541052,22411047,0.17962,555.34250084,0
1506541038,22411028,0.17962,259.26560000,0
1506541031,22411004,0.17962,5828.25844766,0
1506541031,22411003,0.17960,1074.66801934,0
1506540959,22410835,0.17955,2158.29170088,0
1506540957,22410834,0.17955,3957.56583800,0
1506540957,22410833,0.17953,4065.68907000,0
1506540949,22410824,0.17955,240.00000000,0
1506540853,22410651,0.17955,3324.21576046,0
1506540847,22410636,0.17955,591.49438066,0
1506540844,22410628,0.17955,17841.71733300,0
1506540843,22410623,0.17955,7897.17726100,0
1506540740,22410501,0.17953,1105.68562357,0
1506540724,22410482,0.17955,5044.52914600,0
1506540674,22410456,0.17955,1550.71481800,0
1506540671,22410454,0.17955,4323.30827100,0
1506540669,22410453,0.17955,6109.47500300,0
1506540669,22410452,0.17954,336.66707000,0
1506540653,22410442,0.17955,1614.70713008,0
1506540653,22410441,0.17954,225.88210000,0
1506540578,22410320,0.17955,1509.41895846,0
1506540578,22410319,0.17954,330.55916000,0
1506540574,22410307,0.17955,18158.61753300,0
1506540574,22410305,0.17954,330.55916000,0
1506540551,22410284,0.17953,1438.87596000,0
1506540543,22410279,0.17954,392.91939838,1
1506540536,22410260,0.17955,1741.81377800,0
1506540536,22410258,0.17954,392.74356000,0
1506540526,22410248,0.17955,969.06175700,0
1506540526,22410247,0.17954,466.62601000,0
1506540501,22410213,0.17954,1223.89131000,1
1506540496,22410207,0.17954,554.40714000,1
1506540484,22410191,0.17954,658.70155000,0
1506540465,22410185,0.17954,277.79497605,0
1506540416,22410156,0.17910,539.16700000,1
1506540410,22410152,0.17954,15362.06195860,0
1506540409,22410151,0.17954,1347.36714310,0
1506540349,22410018,0.17950,2592.06089389,0
1506540194,22409857,0.17905,1000.00000000,1
1506540131,22409808,0.17900,0.00000019,0
1506540081,22409753,0.17900,13641.04130500,0
1506540080,22409752,0.17900,4501.58832500,0
1506539992,22409648,0.17900,2349.12408184,0
1506539923,22409592,0.17900,1671.78770949,0
1506539897,22409563,0.17853,177.82959795,1
1506539760,22409447,0.17900,1194.00000000,0
1506539743,22409441,0.17900,2000.00000000,0
1506539734,22409436,0.17900,5114.62219000,0
1506539734,22409435,0.17899,885.37781000,0
1506539687,22409411,0.17900,1195.11090000,0
1506539677,22409409,0.17900,229.57365826,0
1506539661,22409400,0.17900,215.27183022,0
1506539660,22409398,0.17899,1220.96564000,0
1506539659,22409397,0.17899,7463.47479410,0
1506539659,22409396,0.17899,5032.61829759,0
1506539622,22409369,0.17899,167.18911671,0
1506539525,22409289,0.17851,230.31935846,1
1506539306,22409008,0.17920,363.51279492,0
1506539079,22408683,0.17948,956.27800000,0
1506539035,22408598,0.17859,650.00000000,1
1506539012,22408574,0.17951,111.13653835,0
1506538917,22408468,0.17900,3510.00000093,0
1506538885,22408415,0.17883,8116.40806785,1
1506538885,22408414,0.17901,112.50000000,1
1506538885,22408413,0.17901,232.39733215,1
1506538877,22408395,0.17901,63.82241452,0
1506538876,22408392,0.17901,5128.92761400,0
1506538684,22407998,0.17808,72927.91658500,1
1506538683,22407997,0.17810,7433.40400000,1
1506538683,22407995,0.17859,558.54191164,1
1506538683,22407992,0.17860,5027.70907000,1
1506538682,22407990,0.17861,7709.02500000,0
1506538682,22407989,0.17878,1005.32617000,1
1506538682,22407988,0.17886,3507.55030000,1
1506538681,22407985,0.17893,7463.47479436,1
1506538681,22407984,0.17908,5199.80741404,1
1506538681,22407981,0.17916,11.24475496,1
1506538679,22407975,0.17957,2000.00000000,1
1506538665,22407939,0.17963,1122.41000000,0
1506538648,22407897,0.17963,76.52000000,0
1506538625,22407848,0.17963,832.96737739,0
1506538466,22407572,0.17957,331.17059594,0
1506538449,22407536,0.17958,151.24451497,0
1506538447,22407530,0.17957,1237.90559000,0
1506538424,22407491,0.17958,1300.88606000,0
1506538424,22407490,0.17958,977.92293690,0
1506538411,22407441,0.17958,319.54942000,0
1506538402,22407423,0.17959,2357.11660000,1
1506538362,22407302,0.17890,16123.85524504,0
1506538354,22407291,0.17890,3502.21820000,1
1506538292,22407213,0.17963,4093.62044215,0
1506538287,22407200,0.17963,1388.27896231,0
1506538264,22407164,0.17963,55.53081334,0
1506538259,22407154,0.17963,966.24216445,0
1506538198,22407005,0.17963,1545.60720000,0
1506538185,22406992,0.17963,892.01150000,0
1506538160,22406961,0.17963,1288.43547000,0
1506538154,22406944,0.17962,1345.22195000,0
1506538153,22406940,0.17930,0.00000018,0
1506538150,22406933,0.17930,5112.93129100,0
1506538148,22406927,0.17930,720.81544982,0
1506538147,22406923,0.17930,1695.82931000,0
1506538146,22406920,0.17900,1000.00000000,1
1506538141,22406890,0.17900,1836.29363000,0
1506538139,22406880,0.17900,163.70637000,0
1506538046,22406737,0.17859,119.00000000,1
1506538045,22406736,0.17900,31.00000000,1
1506538000,22406656,0.17930,2470.42394900,0
1506538000,22406655,0.17930,500.00000000,0
1506538000,22406653,0.17930,29.57605100,0
1506537995,22406651,0.17930,973.48545900,0
1506537937,22406595,0.17900,400.00000000,0
1506537937,22406594,0.17900,0.00000005,0
1506537931,22406588,0.17900,125.26280000,0
1506537923,22406580,0.17900,879.12680000,0
1506537923,22406579,0.17900,5351.17000000,0
1506537919,22406569,0.17900,1007.06000000,0
1506537915,22406564,0.17900,879.12680000,0
1506537805,22406428,0.17900,879.12680000,0
1506537791,22406396,0.17900,879.12679995,0
1506537791,22406395,0.17900,0.00000005,0
1506537751,22406361,0.17900,175.46482000,0
1506537745,22406356,0.17900,2385.44607995,0
1506537745,22406355,0.17900,687.04657334,0
1506537738,22406349,0.17900,647.17066000,0
1506537724,22406327,0.17900,47.10850000,0
1506537711,22406316,0.17900,47.10630000,0
1506537698,22406305,0.17900,1002.89586000,0
1506537685,22406281,0.17900,658.66470000,0
1506537671,22406250,0.17900,1048.03233000,0
1506537668,22406247,0.17900,2178.06057700,0
1506537664,22406244,0.17900,1114.53206704,0
1506537658,22406232,0.17900,1149.29646000,0
1506537645,22406219,0.17900,131.33530000,0
1506537632,22406207,0.17900,156.67690000,0
1506537619,22406196,0.17900,131.31070000,0
1506537605,22406185,0.17900,1000.76307262,0
1506537604,22406184,0.17877,376.00000000,0
1506537565,22406146,0.17930,996.93849000,0
1506537543,22406125,0.17928,556.45119366,0
1506537501,22406096,0.17852,700.00000000,1
1506537424,22406034,0.17939,849.68097600,0
1506537346,22405901,0.17958,929.68877380,0
1506537346,22405900,0.17957,5951.72344900,0
1506537346,22405899,0.17957,1400.00000000,0
1506537344,22405898,0.17950,329.72930362,0
1506537341,22405896,0.17950,170.27069638,0
1506537322,22405875,0.17950,849.68097626,1
1506537289,22405814,0.17950,876.57876500,1
1506537204,22405600,0.17950,10405.70676700,1
1506537203,22405598,0.17950,6917.29323300,1
1506537163,22405486,0.17885,158.00000000,1
1506537163,22405484,0.17899,879.12393000,1
1506537154,22405469,0.17959,216.64134974,0
1506537149,22405453,0.17959,555.43526922,0
1506537122,22405422,0.17899,158.00000000,1
1506537113,22405419,0.17899,962.87607000,1
1506537072,22405395,0.17963,3514.99599176,0
1506537070,22405391,0.17962,2038.78750000,0
1506537063,22405382,0.17955,184.39559543,0
1506537063,22405380,0.17955,201.37738457,0
1506537040,22405335,0.17955,0.00000335,1
1506537039,22405333,0.17955,384.73734000,1
1506537038,22405327,0.17955,201.37738792,0
1506537002,22405263,0.17960,4048.27655100,0
1506537002,22405261,0.17960,300.00000000,0
1506537002,22405258,0.17958,795.85429000,0
1506537001,22405257,0.17926,450.00000000,0
1506537001,22405256,0.17925,3979.27143000,0
1506536999,22405253,0.17900,1065.12362068,0
1506536998,22405250,0.17899,1000.00000000,1
1506536989,22405231,0.17813,210.40748343,1
1506536983,22405222,0.17899,1065.12362000,0
1506536973,22405198,0.17817,596.54072000,1
1506536973,22405196,0.17899,403.45928000,1
1506536945,22405132,0.17799,1000.00000000,1
1506536944,22405127,0.17899,403.45928000,0
1506536885,22405030,0.17899,496.69987150,0
1506536885,22405029,0.17898,130.81713041,0
1506536885,22405028,0.17898,130.81713041,0
1506536883,22405025,0.17897,1000.00000000,1
1506536883,22405024,0.17897,1029.22724000,0
1506536876,22405013,0.17781,1000.00000000,1
1506536874,22405007,0.17899,545.13112464,0
1506536872,22405005,0.17898,848.29820000,0
1506536870,22405001,0.17781,1000.00000000,1
1506536864,22404993,0.17780,1000.00000000,0
1506536852,22404981,0.17800,403.45928000,0
1506536851,22404979,0.17800,500.00000000,1
1506536851,22404978,0.17840,96.54072000,1
1506536801,22404878,0.17899,903.45927700,1
1506536786,22404858,0.17899,1000.00000000,1
1506536784,22404855,0.17899,2332.94934300,1
1506536782,22404847,0.17899,1000.00000000,1
1506536738,22404748,0.17822,1000.00000000,1
1506536716,22404696,0.17833,102.49536833,1
1506536716,22404695,0.17850,897.50463167,1
1506536698,22404661,0.17850,100.00000000,1
1506536692,22404647,0.17850,100.00000000,1
1506536688,22404644,0.17850,99.99992154,1
1506536688,22404643,0.17874,0.00007846,1
1506536680,22404605,0.17900,836.31614525,0
1506536628,22404522,0.17900,8082.20318000,1
1506536573,22404426,0.17900,115.00000000,1
1506536560,22404416,0.17900,1000.00000000,0
1506536553,22404390,0.17898,2290.61939882,0
1506536529,22404297,0.17874,173.10976838,1
1506536497,22404186,0.17888,708.12088000,0
1506536484,22404146,0.17888,4085.83850000,0
1506536470,22404108,0.17874,3272.36282000,0
1506536457,22404053,0.17874,2861.51621000,0
1506536444,22404015,0.17873,150.40822777,0
1506536432,22403985,0.17873,169.66562000,0
1506536418,22403941,0.17873,574.53203000,0
1506536403,22403891,0.17873,406.25563699,0
1506536401,22403877,0.17830,376.00000000,0
1506536391,22403844,0.17873,544.00751000,0
1506536384,22403827,0.17873,9298.07743524,0
1506536379,22403814,0.17873,555.11629000,0
1506536365,22403766,0.17873,51.56205000,0
1506536352,22403722,0.17873,521.74867000,0
1506536338,22403664,0.17873,541.34401000,0
1506536326,22403563,0.17873,451.80819000,0
1506536312,22403491,0.17873,243.81340000,0
1506536299,22403410,0.17873,243.81340000,0
1506536286,22403339,0.17873,473.11921000,0
1506536260,22403174,0.17873,829.84838000,0
1506536259,22403162,0.17873,500.00000000,0
1506536246,22403095,0.17873,294.63709000,0
1506536239,22403070,0.17845,1027.15880100,1
1506536233,22403039,0.17873,618.92682000,0
1506536231,22403020,0.17844,2261.78650000,1
1506536227,22402989,0.17869,3240.79635100,1
1506536220,22402938,0.17872,771.03881000,0
1506536215,22402909,0.17872,5000.00000000,0
1506536206,22402844,0.17872,268.74750000,0
1506536193,22402731,0.17850,200.00000000,0
1506536182,22402649,0.17782,27.34091000,0
1506536101,22402158,0.17782,494.79234000,0
1506536088,22402092,0.17782,477.86675000,0
1506535991,22401430,0.17782,3003.60000000,1
1506535985,22401400,0.17781,1996.40000000,0
1506535849,22400702,0.17700,947.28306255,0
1506535844,22400682,0.17700,812.02227745,0
1506535836,22400657,0.17700,240.69466000,0
1506535836,22400656,0.17700,1000.00000000,0
1506535609,22400386,0.17689,823.59602000,0
1506535609,22400385,0.17687,2536.40398000,0
1506535567,22400359,0.17823,441.77753464,1
1506535567,22400358,0.17800,222.41471911,0
1506535566,22400357,0.17749,1401.92166525,0
1506535566,22400356,0.17713,242.95234000,0
1506535566,22400355,0.17713,1214.76172000,0
1506535564,22400349,0.17600,1547.70346000,0
1506535558,22400339,0.17600,1531.36703000,0
1506535545,22400333,0.17600,611.00951000,0
1506535349,22400179,0.17544,290.00000000,0
1506535304,22400129,0.17544,600.00000000,1
1506535225,22400074,0.17651,8809.91700000,0
1506535225,22400073,0.17595,376.00000000,0
1506535208,22400068,0.17577,3000.00000000,0
1506535200,22400059,0.17531,373.54054000,1
1506535192,22400053,0.17800,5095.58528089,0
1506535192,22400052,0.17800,200.00000000,0
1506535191,22400051,0.17800,500.00000000,0
1506535191,22400049,0.17758,2097.29851242,0
1506535191,22400048,0.17749,863.02320799,0
1506535190,22400047,0.17748,12185.91700000,1
1506535190,22400046,0.17748,280.52453000,1
1506535190,22400044,0.17713,450.00000000,0
1506535190,22400042,0.17630,1000.00000000,0
1506535189,22400041,0.17630,1402.62266000,1
1506535189,22400037,0.17629,280.52453000,0
1506535189,22400036,0.17577,6920.56893218,0
1506535189,22400034,0.17576,1402.62266000,0
1506535188,22400033,0.17550,3285.37718000,0
1506535188,22400030,0.17528,29.28360000,0
1506535188,22400028,0.17528,1000.00000000,0
1506535186,22400024,0.17527,2510.83889126,0
1506535156,22400000,0.17527,256.04952359,0
1506535107,22399970,0.17483,5000.00000000,1
1506535070,22399943,0.17527,30.00000000,0
1506535004,22399884,0.17527,113.89686000,0
1506534860,22399757,0.17528,673.13692000,0
1506534847,22399751,0.17528,270.00000000,0
1506534839,22399746,0.17528,1982.17000000,0
1506534833,22399737,0.17500,917.56604676,0
1506534822,22399733,0.17500,314.17392000,1
1506534820,22399730,0.17528,2433.31507000,0
1506534806,22399723,0.17455,3812.10864232,1
1506534806,22399722,0.17470,3590.93660000,0
1506534805,22399720,0.17498,4037.56294435,1
1506534805,22399719,0.17499,5959.40000000,1
1506534803,22399715,0.17500,1200.00000000,1
1506534799,22399712,0.17500,300.00000000,1
1506534799,22399711,0.17500,200.00000000,1
1506534799,22399710,0.17500,6800.00000000,1
1506534799,22399709,0.17500,1000.00000000,1
1506534794,22399705,0.17529,1685.82608000,0
1506534792,22399703,0.17501,247.00000000,1
1506534792,22399702,0.17503,450.00000000,1
1506534792,22399700,0.17517,300.00000000,1
1506534786,22399685,0.17529,1019.90924000,1
1506534624,22399567,0.17540,5658.41425703,1
1506534620,22399565,0.17540,2400.00000000,1
1506534570,22399540,0.17540,2410.26971297,1
1506534561,22399532,0.17540,6000.00000000,1
1506534530,22399497,0.17542,170.00000000,1
1506534509,22399466,0.17542,30.00000000,1
1506534436,22399378,0.17577,156.17778916,0
1506534428,22399363,0.17544,500.00000000,1
1506534428,22399362,0.17544,500.00000000,1
1506534428,22399361,0.17544,900.00000000,1
1506534428,22399360,0.17544,263.63307732,1
1506534428,22399359,0.17550,726.36692268,1
1506534427,22399357,0.17550,200.00000000,1
1506534419,22399347,0.17550,217.63307732,1
1506534199,22399278,0.17623,658.22017624,1
1506534165,22399257,0.17623,2200.00000000,1
1506534033,22399148,0.17623,50.74830000,0
1506534031,22399142,0.17629,45.71115700,1
1506534030,22399139,0.17629,6000.00000000,1
1506533948,22399035,0.17630,285.62527482,0
1506533944,22399033,0.17630,1611.72754518,0
1506533940,22399028,0.17630,1102.64718000,1
1506533901,22398984,0.17630,1721.53363913,1
1506533778,22398929,0.17739,1314.09534291,0
1506533778,22398927,0.17739,1497.44984000,0
1506533771,22398920,0.17659,10.67723214,1
1506533770,22398919,0.17734,2808.50242754,1
1506533769,22398915,0.17667,3.85000000,0
1506533746,22398875,0.17700,5500.00000000,1
1506533733,22398870,0.17659,6500.00000000,1
1506533714,22398859,0.17659,11289.60781200,1
1506533691,22398845,0.17659,5000.00000000,1
1506533653,22398834,0.17660,1995.00035000,1
1506533649,22398832,0.17663,1996.40000000,1
1506533518,22398774,0.17659,500.00000000,1
1506533516,22398773,0.17659,646.86393391,1
1506533514,22398769,0.17700,3353.13606609,1
1506533472,22398728,0.17700,6138.72201421,1
1506533472,22398727,0.17701,200.00000000,1
1506533472,22398726,0.17747,0.15242379,1
1506533432,22398680,0.17749,863.45473870,1
1506533430,22398678,0.17749,536.54526130,0
1506533290,22398624,0.17749,281.00349315,0
1506533207,22398548,0.17747,304.84757621,1
1506533087,22398458,0.17748,146.12180968,0
1506533051,22398430,0.17725,2493.00000000,1
1506533023,22398408,0.17724,47.00000000,0
1506532855,22398290,0.17750,511.39752113,0
1506532849,22398286,0.17718,423.00000000,0
1506532700,22398174,0.17750,28.09876056,0
1506532624,22398138,0.17749,280.97357597,0
1506532583,22398087,0.17701,945.24836947,1
1506532577,22398086,0.17750,150.00000000,0
1506532567,22398074,0.17750,200.00000000,1
1506532558,22398058,0.17778,3250.02499195,0
1506532558,22398057,0.17777,1651.55958000,0
1506532558,22398056,0.17759,53.53049375,0
1506532557,22398055,0.17758,656.52849420,0
1506532467,22398002,0.17750,3100.00000000,1
1506532280,22397912,0.17750,0.00000030,1
1506532280,22397910,0.17751,2529.60641270,1
1506532233,22397892,0.17759,3644.33087449,0
1506532177,22397872,0.17759,71.53479492,0
1506532177,22397871,0.17759,1901.25956711,0
1506532163,22397858,0.17750,22060.58112625,1
1506532156,22397842,0.17750,4224.41900000,1
1506532155,22397836,0.17750,1790.66595700,1
1506532154,22397831,0.17750,15726.57314885,1
1506532154,22397829,0.17751,6313.06310000,1
1506532154,22397827,0.17758,1.86845115,1
1506532089,22397800,0.17759,842.53578467,0
1506532084,22397795,0.17758,3736.86654280,1
1506532080,22397786,0.17758,6515.07624178,1
1506532074,22397776,0.17759,3771.28089000,1
1506532070,22397765,0.17759,6515.07624178,1
1506532031,22397745,0.17758,1599.95748000,1
1506532029,22397743,0.17759,6400.04252000,1
1506532029,22397742,0.17759,195.00000000,1
1506532026,22397739,0.17827,643.48017053,0
1506531907,22397651,0.17800,167.77863200,1
1506531907,22397650,0.17824,500.00000000,1
1506531845,22397583,0.17886,1005.08777815,1
1506531843,22397582,0.17888,1342.17385957,0
1506531843,22397581,0.17880,22630.00000000,0
1506531843,22397580,0.17879,559.93777000,0
1506531843,22397579,0.17874,2799.68887000,0
1506531842,22397578,0.17850,2000.00000000,0
1506531842,22397577,0.17845,2122.03283833,0
1506531842,22397576,0.17825,13127.45100000,0
1506531840,22397574,0.17815,102.95445749,0
1506531683,22397467,0.17798,1138.14996066,1
1506531683,22397466,0.17798,470.00000000,1
1506531682,22397465,0.17798,633.68895382,0
1506531615,22397420,0.17753,4880.32839820,1
1506531488,22397334,0.17845,1117.96716167,0
1506531455,22397307,0.17841,1452.94222936,1
1506531455,22397305,0.17841,904.02800000,1
1506531454,22397302,0.17841,6515.07625569,1
1506531453,22397295,0.17841,928.90000000,1
1506531453,22397293,0.17841,3423.46337089,1
1506531453,22397292,0.17841,5681.47852000,1
1506531453,22397291,0.17841,1828.25700000,1
1506531453,22397290,0.17841,4654.16152800,1
1506531452,22397288,0.17841,3137.50800000,1
1506531450,22397287,0.17841,665.54621378,0
1506531327,22397237,0.17840,403.32713004,0
1506531326,22397236,0.17822,100.00000000,0
1506531011,22397105,0.17822,245.61738300,0
1506531010,22397104,0.17800,100.00000000,0
1506531010,22397103,0.17790,100.00000000,0
1506531010,22397102,0.17780,100.00000000,0
1506531008,22397101,0.17770,14.66904897,0
1506531000,22397098,0.17770,55.01159257,0
1506530791,22397014,0.17770,30.31935846,0
1506530791,22397013,0.17760,100.00000000,0
1506530789,22397012,0.17750,100.00000000,0
1506530780,22397005,0.17701,90.00000000,1
1506530751,22396965,0.17700,229.51764970,1
1506530678,22396885,0.17819,229.51764970,0
1506530673,22396881,0.17686,10000.00000000,1
1506530668,22396878,0.17687,234.85206570,1
1506530623,22396827,0.17838,234.85206570,0
1506530605,22396817,0.17705,234.82573847,1
1506530593,22396810,0.17841,1118.21086261,0
1506530575,22396791,0.17841,234.82573847,0
1506530570,22396779,0.17704,50.00000000,1
1506530570,22396769,0.17713,450.00000000,1
1506530567,22396746,0.17714,88.22810848,0
1506530565,22396745,0.17750,152.22911767,1
1506530549,22396733,0.17838,240.45722615,0
1506530513,22396696,0.17750,239.19646018,1
1506530471,22396652,0.17841,275.08155372,0
1506530438,22396627,0.17842,26.45889739,0
1506530438,22396626,0.17768,507.47845261,0
1506530407,22396609,0.17768,79.28154739,1
1506530403,22396598,0.17841,408.75046241,0
1506530401,22396594,0.17796,431.00000000,0
1506530399,22396593,0.17768,278.00000000,1
1506530357,22396568,0.17843,122.99013619,0
1506530331,22396549,0.17896,222.90048055,0
1506530319,22396537,0.17844,1793.09000000,1
1506530316,22396527,0.17844,2379.07000000,1
1506530312,22396524,0.17844,975.64219000,1
1506530312,22396522,0.17844,5880.38233300,1
1506530310,22396520,0.17844,1225.99965000,1
1506530300,22396504,0.17892,55.75150905,0
1506530299,22396500,0.17844,1142.86000000,1
1506530297,22396498,0.17844,1000.00000000,1
1506530295,22396496,0.17844,1000.00000000,1
1506530295,22396495,0.17844,1000.00000000,1
1506530295,22396493,0.17844,2201.09557100,1
1506530292,22396490,0.17844,7610.00213400,1
1506530291,22396489,0.17844,963.77259200,1
1506530286,22396478,0.17844,7744.21226900,1
1506530286,22396476,0.17845,2235.50225000,1
1506530282,22396466,0.17845,2597.00000000,1
1506530281,22396464,0.17845,149.20000000,1
1506530278,22396455,0.17844,2114.71400000,1
1506530276,22396453,0.17844,2608.00000000,1
1506530276,22396451,0.17844,173.00000000,1
1506530275,22396450,0.17844,5766.74329501,1
1506530275,22396447,0.17844,11169.47691900,1
1506530274,22396446,0.17844,2608.00000000,1
1506530274,22396445,0.17844,173.00000000,1
1506530273,22396444,0.17844,10155.79222100,1
1506530272,22396443,0.17844,2959.42781900,1
1506530271,22396442,0.17844,36695.83630900,1
1506530271,22396441,0.17844,4578.58969300,1
1506530271,22396440,0.17844,2542.25199300,1
1506530270,22396439,0.17844,5382.99124800,1
1506530270,22396437,0.17844,1130.33483258,1
1506530267,22396435,0.17847,38.90087970,0
1506530256,22396427,0.17848,199.72769572,0
1506530255,22396426,0.17848,192.13483767,0
1506530255,22396425,0.17848,165.86446661,0
1506530241,22396411,0.17768,500.00000000,1
1506530237,22396406,0.17768,207.10273953,1
1506530237,22396405,0.17769,200.00000000,1
1506530235,22396402,0.17800,400.00000000,1
1506530043,22396314,0.17890,5686.83936400,1
1506530042,22396313,0.17891,5134.73141000,1
1506530041,22396312,0.17890,2747.26015100,1
1506530037,22396311,0.17883,1349.69930000,0
1506530037,22396310,0.17881,14089.72295000,0
1506530037,22396309,0.17880,100.00000000,0
1506530037,22396308,0.17877,8840.37653100,0
1506530037,22396306,0.17870,100.00000000,0
1506530037,22396305,0.17860,100.00000000,0
1506530037,22396303,0.17850,100.00000000,0
1506529950,22396232,0.17787,500.00000000,0
1506529943,22396225,0.17787,1567.00000000,1
1506529920,22396205,0.17900,193.13983022,0
1506529786,22396082,0.17939,2780.27264619,0
1506529676,22395981,0.17986,188.53839430,0
1506529674,22395979,0.17970,369.83576361,0
1506529593,22395862,0.17900,712.43774000,0
1506529578,22395850,0.17900,4287.56226000,0
1506529577,22395849,0.17900,21.91597000,0
1506529564,22395832,0.17868,431.00000000,0
1506529424,22395738,0.17900,39.08403000,0
1506529422,22395737,0.17900,39.00000000,0
1506529230,22395589,0.17853,2255.72003692,1
1506529158,22395542,0.17944,708.19169700,0
1506529158,22395541,0.17920,700.00000000,0
1506529076,22395450,0.17920,300.00000000,0
1506528942,22395352,0.17880,1594.25497000,1
1506528942,22395351,0.17888,1096.37077099,1
1506528937,22395346,0.17888,4593.63000000,1
1506528937,22395343,0.17888,500.00000000,1
1506528936,22395339,0.17888,8210.04523000,1
1506528932,22395336,0.17889,714.40577000,1
1506528859,22395262,0.17995,998.99972214,1
1506528853,22395258,0.17998,705.83375930,0
1506528853,22395257,0.17926,294.17628026,0
1506528846,22395248,0.17926,155.82371974,0
1506528837,22395230,0.17888,3648.17591204,1
1506528811,22395197,0.17891,1000.00000000,0
1506528811,22395196,0.17889,5374.80650395,0
1506528726,22395130,0.17889,1190.80920000,0
1506528721,22395125,0.17889,4396.78248000,0
1506528709,22395117,0.17888,236.74222200,1
1506528708,22395115,0.17888,3845.65661000,1
1506528704,22395111,0.17888,66569.00000000,1
1506528699,22395105,0.17889,7428.51367000,1
1506528699,22395104,0.17889,4455.10063000,1
1506528697,22395102,0.17891,2321.81738912,0
1506528693,22395099,0.17889,324.31933000,1
1506528693,22395098,0.17889,791.38535000,1
1506528685,22395067,0.17889,4131.67312000,1
1506528657,22395052,0.17891,2386.53652675,0
1506528637,22395045,0.17891,501.79173886,0
1506528613,22395034,0.17891,2289.85434527,0
1506528613,22395033,0.17891,202.83591251,0
1506528613,22395032,0.17891,3729.68222000,0
1506528613,22395031,0.17890,2145.98751000,0
1506528612,22395030,0.17889,300.00000000,0
1506528589,22394967,0.17880,590.00000000,1
1506528568,22394940,0.17880,1619.97050000,1
1506528556,22394911,0.17880,79.40199200,1
1506528533,22394836,0.17880,2475.43084500,1
1506528524,22394816,0.17880,4016.88338600,1
1506528520,22394812,0.17880,6359.05830700,1
1506528511,22394800,0.17880,1015.00000000,1
1506528483,22394757,0.17880,250.00000000,0
1506528483,22394755,0.17880,1000.00000000,0
1506528483,22394754,0.17870,1000.00000000,0
1506528372,22394671,0.17880,1311.29904921,0
1506528371,22394670,0.17879,121.29084000,1
1506528370,22394669,0.17879,1635.90000000,0
1506528351,22394657,0.17864,364.15989273,0
1506528308,22394623,0.17768,1148.68684820,0
1506528253,22394598,0.17750,0.00000513,0
1506528253,22394596,0.17750,389.83012200,0
1506528237,22394579,0.17750,494.67585800,0
1506528191,22394502,0.17750,105.49401487,0
1506528190,22394501,0.17722,0.00000013,0
1506528181,22394495,0.17722,5572.01243700,0
1506528130,22394452,0.17720,774.82934537,0
1506528125,22394445,0.17700,641.39969359,0
1506528123,22394440,0.17700,2400.14933831,0
1506528120,22394433,0.17700,196.45096810,1
1506528006,22394355,0.17700,431.00000000,0
1506527965,22394324,0.17720,225.17065463,0
1506527947,22394311,0.17673,284.00000000,1
1506527883,22394283,0.17720,414.40642320,0
1506527761,22394079,0.17660,0.00000149,0
1506527733,22393998,0.17660,143.58972000,0
1506527639,22393898,0.17650,475.00000000,0
1506527636,22393895,0.17650,838.47535217,0
1506527636,22393894,0.17650,1418.64831047,0
1506527636,22393893,0.17650,42.87633736,0
1506527600,22393869,0.17650,2700.00000000,0
1506527564,22393835,0.17650,64.15377295,1
1506527550,22393827,0.17650,515.99763200,0
1506527548,22393824,0.17650,62.78627000,0
1506527544,22393819,0.17650,2420.21609800,0
1506527511,22393783,0.17652,999.99999986,0
1506527495,22393771,0.17632,2529.09569980,1
1506527492,22393766,0.17652,7898.42983500,0
1506527492,22393764,0.17650,1000.00000000,0
1506527484,22393757,0.17631,1000.00000000,1
1506527480,22393755,0.17631,7500.00000000,1
1506527458,22393738,0.17631,202.83591251,1
1506527452,22393729,0.17629,4377.60160100,1
1506527450,22393727,0.17629,5962.22912200,1
1506527388,22393664,0.17652,5015.33369000,0
1506527378,22393659,0.17651,3729.68222000,0
1506527348,22393615,0.17651,135.01784601,0
1506527307,22393578,0.17652,937.63546034,1
1506527283,22393555,0.17660,1174.21336972,0
1506527282,22393550,0.17652,353.38784740,1
1506527282,22393549,0.17653,9954.00215260,1
1506527266,22393536,0.17660,2116.25262202,0
1506527237,22393516,0.17660,467.00000000,0
1506527217,22393494,0.17654,1370.42837000,0
1506527216,22393490,0.17654,4863.57163000,1
1506527183,22393431,0.17660,1014.22542469,0
1506527108,22393376,0.17660,145.12156400,1
1506527108,22393375,0.17689,766.43132700,1
1506527016,22393240,0.17690,3465.91393984,0
1506527014,22393233,0.17689,2881.61034300,1
1506527006,22393209,0.17690,25752.04952100,0
1506527005,22393208,0.17689,3465.91394000,0
1506527000,22393194,0.17689,578.26669230,0
1506526993,22393181,0.17652,1289.14771070,0
1506526990,22393168,0.17652,2935.07664930,0
1506526987,22393161,0.17652,388.83564000,0
1506526987,22393159,0.17652,4184.85000000,0
1506526985,22393158,0.17652,300.00000000,1
1506526979,22393148,0.17689,3285.64000000,0
1506526963,22393123,0.17690,2748.75494100,0
1506526963,22393122,0.17690,6531.69143300,0
1506526961,22393119,0.17690,469.72016516,1
1506526900,22393003,0.17694,5700.00000000,1
1506526898,22392999,0.17690,2770.27983484,1
1506526897,22392997,0.17700,729.72016516,1
1506526854,22392913,0.17752,0.43900000,1
1506526843,22392878,0.17734,627.00000000,0
1506526837,22392844,0.17700,270.27983484,1
1506526837,22392842,0.17700,100.00000000,1
1506526837,22392841,0.17710,5630.00000000,1
1506526837,22392840,0.17713,0.40411709,1
1506526824,22392825,0.17713,808.16757089,1
1506526820,22392811,0.17713,1768.11594202,1
1506526801,22392751,0.17713,69.39130000,1
1506526800,22392748,0.17713,450.00000000,1
1506526800,22392746,0.17718,10840.64877326,1
1506526800,22392744,0.17743,691.45739784,1
1506526791,22392736,0.17743,1025.90473449,1
1506526776,22392692,0.17743,397.31100000,1
1506526776,22392691,0.17750,1000.00000000,1
1506526769,22392678,0.17768,2807.03011031,0
1506526764,22392670,0.17768,129.02358104,1
1506526761,22392659,0.17768,6457.56578149,1
1506526755,22392649,0.17768,6457.56577298,1
1506526753,22392639,0.17768,6457.56574487,1
1506526744,22392631,0.17768,623.86079200,1
1506526729,22392602,0.17768,1034.31303000,1
1506526726,22392594,0.17768,147.57505671,1
1506526726,22392593,0.17811,0.00011229,1
1506526673,22392523,0.17811,279.99988771,1
1506526651,22392484,0.17830,540.10095344,0
1506526649,22392481,0.17800,1000.00000000,0
1506526498,22392190,0.17743,31.81159451,1
1506526342,22391853,0.17961,1389.00000000,0
1506526287,22391771,0.17800,44.29319829,0
1506526239,22391622,0.17800,398.63878461,0
1506526236,22391615,0.17790,1000.00000000,0
1506526174,22391428,0.17800,57.06801710,0
1506526174,22391427,0.17800,4181.94198290,0
1506526174,22391426,0.17800,280.66853932,0
1506526172,22391421,0.17800,0.45221000,0
1506526172,22391419,0.17790,645.44679000,0
1506526165,22391399,0.17790,354.55321000,0
1506525906,22390802,0.17800,2345.00000000,1
1506525906,22390801,0.17800,403.04770869,1
1506525866,22390738,0.17800,2325.49581300,1
1506525857,22390727,0.17800,5982.42750700,1
1506525857,22390726,0.17810,5000.00000000,1
1506525853,22390712,0.17833,1073.93208000,1
1506525835,22390681,0.17833,2751.13584000,1
1506525824,22390659,0.17833,1073.93208000,1
1506525820,22390653,0.17834,2825.06792000,1
1506525820,22390652,0.17834,1000.00000000,1
1506525766,22390578,0.17934,3192.49087677,0
1506525744,22390545,0.17955,277.77950432,0
1506525720,22390478,0.17834,3995.62266129,1
1506525720,22390477,0.17834,1963.86250000,1
1506525669,22390368,0.17889,557.60869808,0
1506525639,22390291,0.17833,500.00000000,1
1506525600,22390163,0.17960,3668.59967282,1
1506525600,22390162,0.17960,947.61800000,1
1506525583,22390112,0.17960,3298.64542700,1
1506525581,22390106,0.17960,2307.73887600,1
1506525547,22390036,0.17958,6961.19595298,0
1506525547,22390034,0.17956,2243.40965000,0
1506525518,22389985,0.17812,560.00000000,1
1506525482,22389874,0.17858,393.76292136,1
1506525482,22389873,0.17859,451.50245000,1
1506525482,22389872,0.17883,2255.50358000,1
1506525482,22389870,0.17900,970.00000000,1
1506525481,22389868,0.17902,255.55356664,1
1506525481,22389866,0.17902,3673.67748200,1
1506525480,22389864,0.17904,1000.00000000,1
1506525308,22389469,0.17905,2071.29000000,1
1506525282,22389427,0.17973,4481.13000000,0
1506525171,22389115,0.17967,10547.39740664,0
1506525035,22388778,0.17902,2408.43926800,1
1506524993,22388700,0.17917,1677.45206500,1
1506524992,22388698,0.17917,5819.82534000,1
1506524985,22388679,0.17917,3778.08371800,1
1506524971,22388668,0.17982,554.72483595,0
1506524964,22388654,0.17917,813.97158700,1
1506524961,22388645,0.17917,4579.00104400,1
1506524957,22388640,0.17916,4166.81068000,0
1506524801,22388440,0.17794,39938.88525989,1
1506524801,22388439,0.17795,3792.92866731,1
1506524801,22388438,0.17795,3708.59250000,1
1506524756,22388353,0.17937,3683.22071890,0
1506524722,22388300,0.17813,18.52130211,0
1506524654,22388199,0.17813,222.89319789,0
1506524590,22388087,0.17813,6062.32000000,0
1506524491,22387961,0.17813,6333.75303400,1
1506524488,22387956,0.17813,401.19749100,1
1506524421,22387792,0.17872,1607.55617726,1
1506524419,22387788,0.17815,627.00000000,0
1506524353,22387591,0.17936,2224.46613146,0
1506524287,22387515,0.17721,2000.00000000,1
1506524205,22387369,0.17718,5462.58634674,1
1506524205,22387368,0.17726,4517.41365326,1
1506524200,22387363,0.17726,682.39376078,1
1506524163,22387320,0.17800,12141.42558382,1
1506524163,22387319,0.17824,253.03685679,1
1506524132,22387297,0.17955,88.88939014,0
1506524110,22387282,0.17824,6000.00000000,1
1506524070,22387225,0.17800,2135.94761486,1
1506524069,22387224,0.17800,1524.20000000,0
1506524069,22387222,0.17820,173.99999514,1
1506524069,22387220,0.17823,5008.92857000,1
1506524067,22387212,0.17824,3361.03133000,1
1506524048,22387164,0.17869,611.51577661,0
1506524046,22387160,0.17869,782.15700000,0
1506524026,22387103,0.17875,2920.47374900,1
1506524020,22387095,0.17886,190.31831614,1
1506524017,22387091,0.17886,2000.00000000,1
1506524010,22387074,0.17957,61.10463886,0
1506524009,22387067,0.17886,198.00000000,1
1506523997,22387043,0.17875,2910.00000000,0
1506523995,22387042,0.17967,865.00000000,0
1506523974,22386999,0.17986,482.99209885,1
1506523965,22386974,0.17992,200.00000000,1
1506523962,22386963,0.17997,3716.44187917,0
1506523934,22386905,0.18000,101.42777000,1
1506523930,22386902,0.18026,500.00000000,0
1506523916,22386896,0.18000,101.42777397,0
1506523909,22386889,0.17986,1270.38340000,1
1506523909,22386888,0.17987,1960.00000000,1
1506523908,22386887,0.18000,1000.00000000,1
1506523908,22386886,0.18026,129.76770000,1
1506523904,22386882,0.18062,129.79190000,0
1506523795,22386749,0.18000,846.17077682,1
1506523795,22386748,0.18000,328.50240000,1
1506523776,22386724,0.18038,2541.76870632,1
1506523775,22386722,0.18000,6458.23129368,0
1506523771,22386719,0.18000,3729.97242041,0
1506523767,22386715,0.17998,327.74679000,0
1506523764,22386712,0.17986,578.17726500,1
1506523763,22386710,0.18000,9811.79628591,1
1506523763,22386709,0.18000,788.16131425,1
1506523763,22386708,0.18000,3886.78671775,1
1506523750,22386694,0.18000,2472.66961206,0
1506523750,22386691,0.18000,842.96222222,0
1506523748,22386681,0.18000,489.73216588,0
1506523748,22386679,0.18000,64.04561187,0
1506523746,22386673,0.18000,363.58688000,0
1506523736,22386652,0.18000,572.36750813,0
1506523724,22386599,0.17986,579.23251100,1
1506523720,22386590,0.18039,436.06571000,0
1506523719,22386589,0.18000,1805.36400000,1
1506523706,22386570,0.18050,2320.64523000,0
1506523706,22386568,0.18000,1989.81538000,1
1506523680,22386469,0.18000,2305.07111000,0
1506523678,22386466,0.18000,2305.07111000,0
1506523677,22386463,0.18000,2000.00000000,0
1506523672,22386454,0.17986,661.89227800,1
1506523663,22386427,0.18000,10599.95760016,0
1506523662,22386424,0.18000,2796.31089168,1
1506523657,22386416,0.18065,2429.96309760,0
1506523652,22386401,0.18065,2815.63889000,0
1506523640,22386369,0.18000,3203.68910832,1
1506523640,22386368,0.18000,900.00000000,1
1506523640,22386367,0.18005,300.00000000,1
1506523640,22386366,0.18068,0.00000268,1
1506523625,22386328,0.18069,1156.47859704,0
1506523597,22386271,0.18079,250.84988108,0
1506523592,22386258,0.18068,31.96950000,1
1506523587,22386249,0.18068,2341.58799732,1
1506523587,22386248,0.18078,31.96950268,1
1506523586,22386246,0.18077,1968.03049732,0
1506523572,22386233,0.18078,4193.52102002,0
1506523548,22386204,0.18067,2992.18162000,0
1506523534,22386188,0.18067,979.21447000,0
1506523482,22386098,0.18094,4741.10401238,0
1506523472,22386079,0.18099,5683.75142273,1
1506523472,22386077,0.18054,624.33113000,0
1506523470,22386076,0.18032,535.60942000,0
1506523468,22386072,0.18032,1464.39058000,0
1506523464,22386064,0.18005,13103.94165000,0
1506523463,22386062,0.18005,678.06572000,1
1506523463,22386061,0.18005,7214.38502000,1
1506523463,22386060,0.18006,2000.00000000,1
1506523455,22386055,0.18005,1119.32166000,0
1506523450,22386051,0.18005,97.00000000,0
1506523446,22386050,0.18005,500.00000000,0
1506523442,22386047,0.18003,2171.12911595,1
1506523442,22386046,0.18005,244.70834000,0
1506523430,22386035,0.18005,2630.00000000,0
1506523428,22386033,0.18001,1000.00000000,0
1506523421,22386024,0.18000,8075.35028000,0
1506523420,22386023,0.18000,353.47820421,0
1506523420,22386022,0.18000,500.00000000,0
1506523420,22386021,0.18000,885.87179579,0
1506523418,22386017,0.18000,2368.39820421,0
1506523418,22386016,0.18000,5131.93179579,0
1506523416,22386011,0.18000,4679.21997838,0
1506523416,22386010,0.18000,1000.11478113,0
1506523416,22386008,0.18000,462.25832354,0
1506523415,22386004,0.18000,56.35724000,0
1506523408,22385998,0.18000,277.05555555,0
1506523402,22385992,0.18000,56.35724000,0
1506523402,22385988,0.18000,147.97164091,0
1506523401,22385987,0.18000,300.00000000,0
1506523401,22385986,0.18000,200.00000000,0
1506523401,22385985,0.18000,2520.81835909,0
1506523397,22385983,0.18000,4274.18164091,0
1506523397,22385982,0.18000,1000.00000000,0
1506523397,22385980,0.18000,1000.00000000,0
1506523397,22385978,0.18000,300.00000000,0
1506523397,22385977,0.18000,35.00019543,0
1506523397,22385976,0.18000,3215.61545337,0
1506523396,22385974,0.18000,249.90000000,0
1506523396,22385973,0.18000,2875.10000000,0
1506523396,22385972,0.18000,300.00000000,0
1506523396,22385971,0.18000,482.60271029,0
1506523374,22385949,0.18000,1.20436000,0
1506523374,22385948,0.17998,1727.33564000,0
1506523365,22385934,0.17998,945.81600000,0
1506523352,22385924,0.17983,320.70115186,0
1506523349,22385921,0.17981,137.01100000,0
1506523336,22385896,0.17989,137.01100000,0
1506523334,22385892,0.17990,0.00000200,1
1506523322,22385872,0.17998,5931.17533000,0
1506523318,22385871,0.17990,15672.31385000,1
1506523310,22385866,0.18000,109.66360000,0
1506523306,22385859,0.17990,1715.98401400,1
1506523306,22385858,0.17999,137.01100000,1
1506523291,22385841,0.18000,906.52932971,0
1506523291,22385840,0.18000,24000.00000000,0
1506523291,22385839,0.18000,100.00000000,0
1506523291,22385838,0.18000,30.00000000,0
1506523291,22385837,0.18000,141.00000000,0
1506523291,22385835,0.18000,500.00000000,0
1506523291,22385834,0.18000,2000.00000000,0
1506523291,22385833,0.18000,283.03194807,0
1506523280,22385819,0.17990,3924.07553100,1
1506523279,22385814,0.17990,174.21485000,1
1506523276,22385813,0.17990,174.04064000,1
1506523273,22385808,0.17990,2000.00000000,1
1506523269,22385803,0.18000,81.01883000,0
1506523256,22385785,0.18000,174.21485000,0
1506523243,22385759,0.17990,1339.37111300,1
1506523237,22385756,0.18000,133.76798710,0
1506523236,22385752,0.17999,205.13973000,0
1506523224,22385738,0.17965,7000.66930600,1
1506523224,22385737,0.17983,142.74579000,1
1506523216,22385702,0.18000,215.96638483,0
1506523216,22385701,0.18000,450.00000000,0
1506523216,22385700,0.18000,250.00000000,0
1506523216,22385699,0.17999,243.73037000,0
1506523214,22385691,0.17983,142.74579000,0
1506523204,22385679,0.17983,307.25421000,0
1506523202,22385671,0.17965,1000.00000000,1
1506523200,22385667,0.17965,352.41781732,1
1506523199,22385665,0.17965,360.90403503,1
1506523165,22385602,0.17999,259.00400000,0
1506523124,22385547,0.17963,91.77706000,0
1506523120,22385542,0.17963,535.70600000,0
1506523096,22385500,0.17957,4200.00000000,0
1506523084,22385476,0.17950,0.00000287,0
1506523071,22385462,0.17950,943.06463000,0
1506523053,22385445,0.17950,4056.93536713,0
1506523053,22385444,0.17949,1415.07707000,0
1506523051,22385443,0.17943,100.00000000,0
1506523042,22385426,0.17939,2333.08712581,0
1506523040,22385424,0.17926,447.43668695,0
1506523038,22385419,0.17926,2.56331305,0
1506523037,22385418,0.17900,3222.00000000,0
1506523037,22385417,0.17900,436.71668695,0
1506523028,22385403,0.17900,1906.28331305,0
1506523028,22385402,0.17900,10000.00518095,0
1506523028,22385401,0.17900,1511.86711000,0
1506523027,22385399,0.17900,1568.13289000,0
1506523027,22385398,0.17900,500.00000000,0
1506523027,22385396,0.17899,2220.06711000,0
1506523026,22385390,0.17890,200.00000000,0
1506523026,22385389,0.17873,630.66698000,0
1506523026,22385387,0.17870,4285.20300000,0
1506523020,22385374,0.17870,1214.79700000,0
1506523018,22385372,0.17860,200.00000000,0
1506523002,22385317,0.17820,0.00000486,0
1506522954,22385267,0.17820,400.82617000,0
1506522946,22385265,0.17820,106.35583614,0
1506522922,22385252,0.17820,108.82968575,0
1506522905,22385232,0.17801,292.37243000,1
1506522902,22385225,0.17801,1161.80385100,0
1506522901,22385222,0.17801,3693.44183900,1
1506522898,22385221,0.17800,574.02578652,0
1506522886,22385213,0.17749,2565.00000000,1
1506522818,22385175,0.17736,85.00000000,1
1506522812,22385173,0.17800,425.97421348,0
1506522812,22385172,0.17800,750.76735956,0
1506522808,22385171,0.17800,2297.35955056,0
1506522801,22385167,0.17732,3410.86077400,1
1506522756,22385144,0.17800,806.97129213,0
1506522740,22385129,0.17800,1144.90179775,0
1506522739,22385127,0.17783,1658.66611330,0
1506522738,22385126,0.17783,3000.87572400,0
1506522736,22385125,0.17781,617.20818176,0
1506522734,22385124,0.17781,382.79181824,1
1506522704,22385096,0.17781,629.94241176,0
1506522702,22385092,0.17781,543.58700000,0
1506522688,22385085,0.17782,543.58700000,0
1506522666,22385064,0.17782,513.79300000,0
1506522661,22385058,0.17782,258.00000000,1
1506522598,22385001,0.17783,55.16780000,0
1506522594,22384998,0.17783,1968.87296857,0
1506522584,22384988,0.17783,3638.01000000,0
1506522582,22384977,0.17783,989.91900000,0
1506522552,22384939,0.17783,1012.73423000,0
1506522517,22384916,0.17783,1012.73423000,0
1506522507,22384906,0.17758,1007.96060000,1
1506522505,22384905,0.17759,3500.03940000,1
1506522498,22384900,0.17783,3214.74569413,0
1506522497,22384899,0.17782,764.86438000,0
1506522497,22384898,0.17760,6159.07492587,0
1506522495,22384897,0.17760,10135.13513513,0
1506522493,22384893,0.17760,964.21222000,0
1506522490,22384890,0.17760,964.21222000,0
1506522471,22384867,0.17760,3277.36549900,0
1506522471,22384865,0.17759,4090.14545000,0
1506522349,22384697,0.17758,624.66711611,0
1506522348,22384696,0.17740,4997.64156436,0
1506522342,22384691,0.17646,4094.09434054,1
1506522340,22384687,0.17647,3556.44880000,1
1506522267,22384563,0.17734,934.98664000,0
1506522254,22384529,0.17739,616.68507694,0
1506522252,22384525,0.17713,0.62459324,0
1506522187,22384424,0.17700,1000.00000000,0
1506522169,22384387,0.17657,450.00000000,1
1506522061,22384201,0.17679,653.31483681,1
1506522059,22384197,0.17679,193.00000000,0
1506522043,22384176,0.17657,257.00000000,0
1506522029,22384165,0.17619,1478.68760600,1
1506521991,22384131,0.17624,1535.35682600,1
1506521976,22384118,0.17650,0.00000034,1
1506521976,22384117,0.17665,556.68402000,1
1506521976,22384116,0.17665,1273.05719000,1
1506521966,22384101,0.17713,449.37540676,0
1506521966,22384100,0.17711,2000.00000000,0
1506521965,22384099,0.17700,1480.12505200,1
1506521964,22384097,0.17700,1000.00000000,0
1506521962,22384096,0.17665,556.68402000,0
1506521949,22384083,0.17665,1399.31598000,0
1506521947,22384081,0.17650,1690.08200966,1
1506521947,22384079,0.17650,466.35692634,1
1506521923,22384064,0.17650,1690.08201366,0
1506521917,22384062,0.17650,4843.07065217,0
1506521909,22384051,0.17650,2562.10567000,0
1506521752,22383933,0.17664,1029.56295289,1
1506521750,22383929,0.17628,100.00000000,0
1506521738,22383926,0.17590,922.56021824,0
1506521716,22383905,0.17590,1077.46549176,0
1506521610,22383776,0.17628,653.40179000,0
1506521410,22383542,0.17561,568.02004441,0
1506521409,22383541,0.17664,46.85227192,0
1506521408,22383540,0.17664,3995.49434223,0
1506521408,22383539,0.17603,620.45801000,0
1506521408,22383538,0.17564,2881.27874390,0
1506521408,22383537,0.17562,3102.29005000,0
1506521408,22383536,0.17537,0.43645403,0
1506521407,22383535,0.17500,48.00000000,0
1506521407,22383534,0.17500,6922.52897800,0
1506521383,22383495,0.17500,564.30208000,0
1506521369,22383482,0.17500,3910.84490000,0
1506521357,22383473,0.17500,149.84252000,0
1506521356,22383472,0.17500,3761.00238000,0
1506521315,22383404,0.17500,4369.49881000,0
1506521303,22383388,0.17500,869.49881000,0
1506521302,22383386,0.17500,1000.00000000,0
1506521302,22383385,0.17500,2500.00000000,0
1506521286,22383338,0.17485,300.00000000,0
1506521286,22383337,0.17485,1068.99736852,0
1506521273,22383313,0.17485,3029.17291000,0
1506521263,22383293,0.17485,100.00000000,0
1506521254,22383288,0.17485,1930.59838033,0
1506521224,22383255,0.17485,1426.23134115,0
1506521213,22383247,0.17419,830.00000000,1
1506521013,22383086,0.17430,2000.00000000,0
1506520978,22383020,0.17489,290.03631751,0
1506520977,22383019,0.17487,13970.58128000,0
1506520976,22383018,0.17486,1421.16235000,1
1506520968,22383006,0.17486,2160.84910218,0
1506520968,22383005,0.17483,2229.53459000,0
1506520956,22382988,0.17489,285.18102807,0
1506520927,22382970,0.17489,1904.50284000,1
1506520886,22382940,0.17490,855.46026300,0
1506520873,22382925,0.17493,570.23163551,0
1506520815,22382904,0.17448,450.00000000,0
1506520800,22382876,0.17399,235.24736000,1
1506520702,22382809,0.17435,2229.53459000,1
1506520702,22382806,0.17460,1000.00000000,1
1506520700,22382804,0.17493,2570.46541000,1
1506520643,22382753,0.17460,2000.00000000,0
1506520629,22382742,0.17400,1000.00000000,0
1506520629,22382741,0.17400,12.35000000,0
1506520605,22382722,0.17366,1600.00000000,1
1506520578,22382707,0.17400,986.95000000,1
1506520578,22382706,0.17418,0.70000000,1
1506520548,22382689,0.17400,1000.00000000,0
1506520518,22382680,0.17380,390.90394351,0
1506520518,22382679,0.17380,3518.13549152,0
1506520515,22382678,0.17364,95.37850519,1
1506520515,22382677,0.17366,2332.08433981,1
1506520514,22382676,0.17380,180.52140000,1
1506520514,22382675,0.17380,180.00000000,1
1506520514,22382673,0.17401,1.54000000,1
1506520496,22382656,0.17380,2197.75000000,0
1506520492,22382653,0.17380,2045.70923068,1
1506520481,22382645,0.17380,1176.29076932,1
1506520480,22382644,0.17385,250.00000000,1
1506520480,22382643,0.17385,500.00000000,1
1506520480,22382642,0.17400,5732.75862068,1
1506520480,22382639,0.17400,2343.00000000,1
1506520479,22382637,0.17411,764.72412448,1
1506520479,22382636,0.17412,5000.00000000,1
1506520478,22382635,0.17413,11181.95061000,1
1506520448,22382604,0.17413,3659.21900000,1
1506520217,22382433,0.17411,3735.27587552,1
1506520215,22382429,0.17450,0.00000428,1
1506520209,22382417,0.17515,239.19646018,0
1506520207,22382415,0.17450,4260.26473572,0
1506520194,22382403,0.17450,5511.44955000,0
1506520184,22382396,0.17450,228.28571428,0
1506520179,22382390,0.17522,552.71766921,0
1506520177,22382389,0.17500,586.59458757,0
1506520133,22382365,0.17500,803.70497143,0
1506520120,22382335,0.17420,2731.16483260,1
1506520120,22382334,0.17420,572.00000000,1
1506520117,22382331,0.17500,1039.70044100,0
1506520116,22382329,0.17500,570.00000000,0
1506520069,22382238,0.17422,2198.94000000,1
1506520067,22382230,0.17423,244.20838078,1
1506519998,22382106,0.17563,623.69754597,1
1506519940,22382052,0.17563,41.34737801,0
1506519897,22381914,0.17564,244.20838078,0
1506519886,22381906,0.17600,2650.88337909,0
1506519886,22381905,0.17564,816.24458000,0
1506519886,22381904,0.17564,4081.22289000,0
1506519886,22381903,0.17564,7876.48500000,1
1506519884,22381902,0.17499,1615.00000000,0
1506519684,22381802,0.17499,385.00000000,1
1506519641,22381780,0.17538,149.75263728,0
1506519641,22381779,0.17537,135.24736272,0
1506519614,22381738,0.17534,0.00000016,1
1506519612,22381736,0.17534,1153.72917400,1
1506519596,22381723,0.17534,700.34817584,1
1506519595,22381722,0.17534,0.00000296,1
1506519573,22381708,0.17534,1854.07734704,0
1506519553,22381685,0.17534,4350.54624296,0
1506519553,22381684,0.17533,4101.85839000,0
1506519553,22381683,0.17531,5199.80741404,0
1506519546,22381673,0.17530,411.30465981,0
1506519538,22381664,0.17467,2575.16222578,0
1506519537,22381662,0.17467,1176.27152122,1
1506519496,22381652,0.17530,1068.06310000,0
1506519486,22381644,0.17529,4401.51408000,0
1506519483,22381641,0.17443,5403.12137317,0
1506519483,22381639,0.17466,5199.80741404,1
1506519483,22381637,0.17467,4228.87842000,0
1506519481,22381636,0.17467,3619.74910000,1
1506519347,22381584,0.17454,4966.36200000,1
1506519289,22381569,0.17445,3517.43782959,1
1506519289,22381568,0.17455,7759.30217000,1
1506519288,22381567,0.17470,2000.00000000,1
1506519288,22381566,0.17473,1741.00000000,1
1506519288,22381564,0.17475,0.00000041,1
1506519286,22381563,0.17500,94.60000000,1
1506519248,22381546,0.17530,102.42504278,0
1506519188,22381525,0.17530,1527.07278950,0
1506519188,22381524,0.17528,10520.00000000,0
1506519187,22381522,0.17526,2180.32705000,0
1506519139,22381502,0.17525,973.31560628,0
1506519110,22381483,0.17529,4552.45593017,0
1506519093,22381474,0.17529,284.49997147,0
1506519074,22381465,0.17529,2845.28495635,0
1506519059,22381455,0.17475,344.38268959,0
1506519056,22381453,0.17475,2007.19306798,1
1506519011,22381423,0.17475,2383.00000000,1
1506518999,22381332,0.17477,3000.00000000,1
1506518967,22381316,0.17533,1596.80000000,0
1506518949,22381265,0.17534,2125.38641000,0
1506518902,22381240,0.17535,146.10000000,0
1506518765,22381152,0.17535,404.06535500,0
1506518741,22381113,0.17535,73.57952000,0
1506518669,22381078,0.17535,500.00000000,0
1506518652,22381050,0.17535,489.37102937,0
1506518626,22381036,0.17535,278.01850354,0
1506518626,22381035,0.17535,603.72349817,0
1506518610,22381023,0.17535,30.00000000,0
1506518581,22381005,0.17531,1850.84700000,1
1506518564,22381002,0.17534,593.53153872,0
1506518556,22380999,0.17530,2000.00000000,0
1506518556,22380998,0.17529,2057.91181000,0
1506518481,22380931,0.17535,1000.00000000,0
1506518475,22380927,0.17466,303.96750000,1
1506518448,22380882,0.17551,100.00000000,0
1506518426,22380846,0.17521,385.00000000,0
1506518401,22380829,0.17466,156.27698000,1
1506518280,22380796,0.17582,4831.14139460,0
1506518279,22380795,0.17580,387.49621000,0
1506518279,22380794,0.17579,77.49924000,0
1506518279,22380793,0.17577,366.00000000,0
1506518277,22380792,0.17530,11.51003000,0
1506518267,22380748,0.17530,488.48997000,0
1506518260,22380746,0.17450,1905.45603310,1
1506518260,22380745,0.17530,1023.02006000,0
1506518249,22380738,0.17530,500.00000000,0
1506518206,22380719,0.17451,366.00000000,1
1506518184,22380705,0.17474,774.15933452,1
1506518184,22380703,0.17487,599.84066548,1
1506518183,22380699,0.17503,450.00000000,1
1506518162,22380680,0.17530,488.48997000,0
1506518149,22380671,0.17530,488.48997000,0
1506518122,22380651,0.17579,97.98204000,0
1506518121,22380650,0.17483,1104.91058120,1
1506518121,22380649,0.17483,143.06551000,0
1506518120,22380648,0.17487,102.24000000,0
1506518119,22380646,0.17487,1649.78390880,1
1506518116,22380643,0.17487,1950.46209120,1
1506518109,22380628,0.17581,547.51751000,0
1506518096,22380564,0.17581,138.72681000,0
1506518083,22380554,0.17581,138.72681000,0
1506518070,22380546,0.17581,138.72681000,1
1506518060,22380532,0.17581,133.22890000,1
1506518055,22380527,0.17582,4662.13140797,0
1506518054,22380526,0.17581,105.68424000,0
1506518054,22380525,0.17581,5317.14373503,0
1506518043,22380511,0.17581,133.22890000,0
1506518030,22380491,0.17581,133.22890000,0
1506518017,22380475,0.17581,133.22890000,0
1506518003,22380470,0.17581,111.06110000,0
1506517998,22380467,0.17581,4395.28422100,0
1506517990,22380458,0.17581,111.06110000,0
1506517977,22380442,0.17581,88.09957000,0
1506517964,22380435,0.17581,111.06110000,0
1506517951,22380424,0.17581,111.06110000,0
1506517905,22380357,0.17593,4482.09631900,1
1506517904,22380356,0.17593,3951.98602000,1
1506517868,22380317,0.17588,2126.72992300,1
1506517799,22380278,0.17690,84.58219333,0
1506517719,22380147,0.17698,4347.85364000,1
1506517717,22380145,0.17700,563.55932203,0
1506517696,22380132,0.17698,999.50100000,1
1506517696,22380131,0.17698,9931.04800000,1
1506517694,22380126,0.17698,3084.77314000,0
1506517643,22380068,0.17713,154.86782148,1
1506517642,22380066,0.17713,450.00000000,0
1506517567,22379942,0.17620,3086.00350859,1
1506517535,22379911,0.17710,33.79463580,0
1506517535,22379910,0.17710,241.01084133,0
1506517535,22379907,0.17710,758.98915867,0
1506517467,22379867,0.17700,909.03943503,1
1506517459,22379857,0.17710,103.31724000,0
1506517364,22379724,0.17700,694.23044157,1
1506517363,22379717,0.17700,2630.56434500,1
1506517363,22379716,0.17700,1681.39093600,1
1506517363,22379715,0.17700,4148.35954803,1
1506517361,22379711,0.17700,2860.77202800,1
1506517361,22379709,0.17700,3405.70553673,1
1506517361,22379704,0.17700,2831.13538700,1
1506517361,22379703,0.17700,2345.67970300,1
1506517360,22379700,0.17700,2497.76737632,1
1506517359,22379696,0.17700,3399.99666667,1
1506517359,22379695,0.17700,1730.65506200,1
1506517359,22379694,0.17700,4030.13475000,1
1506517357,22379692,0.17700,60964.48561935,0
1506517357,22379690,0.17700,986.25140362,0
1506517357,22379689,0.17699,1284.05238000,0
1506517357,22379686,0.17695,2438.60000000,0
1506517357,22379684,0.17694,736.04334803,0
1506517356,22379682,0.17694,8151.48400000,0
1506517350,22379673,0.17696,1691.07069394,0
1506517339,22379670,0.17679,564.23225296,0
1506517323,22379657,0.17681,222.95667665,1
1506517322,22379656,0.17681,736.09541316,0
1506517290,22379635,0.17675,2489.69900990,0
1506517288,22379634,0.17647,50.00000000,0
1506517232,22379602,0.17647,103.72301241,0
1506517217,22379592,0.17613,615.30028868,1
1506517212,22379588,0.17647,125.00000000,0
1506517142,22379534,0.17685,135.36974837,0
1506517084,22379496,0.17695,845.54959027,0
1506517036,22379463,0.17700,833.85859638,0
1506517036,22379462,0.17699,1527.56497000,0
1506517034,22379460,0.17696,143.88000000,0
1506517034,22379459,0.17696,429.43207279,0
1506517028,22379454,0.17696,170.56792721,0
1506517028,22379453,0.17696,829.01000000,0
1506517028,22379452,0.17690,2787.17936659,0
1506517027,22379449,0.17689,2101.70672000,0
1506517008,22379442,0.17689,156.00000000,0
1506516988,22379427,0.17689,5639.09774436,0
1506516947,22379390,0.17690,845.82210288,0
1506516909,22379360,0.17680,1974.70124434,0
1506516887,22379335,0.17611,1559.27742519,0
1506516884,22379325,0.17611,851.17256260,0
1506516873,22379287,0.17561,3602.72450000,1
1506516820,22379245,0.17611,446.42552949,0
1506516812,22379241,0.17598,8229.97437300,1
1506516689,22379107,0.17568,500.00000000,1
1506516618,22379031,0.17611,1925.69670000,0
1506516606,22379022,0.17611,1925.69670000,0
1506516600,22379014,0.17611,588.58152000,0
1506516579,22378993,0.17611,1605.28233000,0
1506516566,22378967,0.17611,1338.18133000,0
1506516539,22378942,0.17611,10000.00000000,0
1506516534,22378934,0.17611,126.17043904,0
1506516534,22378933,0.17600,202.54018096,0
1506516521,22378924,0.17611,1589.91842000,0
1506516449,22378869,0.17608,631.93458633,0
1506516416,22378836,0.17611,3946.26474769,0
1506516416,22378835,0.17600,5712.29200000,0
1506516416,22378834,0.17550,150.20997375,0
1506516415,22378833,0.17549,384.45597000,0
1506516415,22378832,0.17545,406.73490872,0
1506516411,22378831,0.17545,1515.54492128,0
1506516411,22378830,0.17513,1.73600000,0
1506516409,22378829,0.17500,188.70648015,0
1506516404,22378828,0.17500,208.29351985,0
1506516404,22378827,0.17500,3791.70648015,0
1506516377,22378798,0.17500,5644.50752100,0
1506516344,22378763,0.17500,2037.58000000,0
1506516340,22378756,0.17498,12210.81811000,0
1506516340,22378755,0.17441,141.55029463,0
1506516294,22378711,0.17441,11390.93724300,0
1506516294,22378710,0.17400,662.49386300,0
1506516288,22378706,0.17400,52.20000000,0
1506516256,22378670,0.17400,493.41600000,0
1506516247,22378647,0.17400,5000.01429500,0
1506516247,22378646,0.17400,6751.59495200,0
1506516191,22378601,0.17439,2433.12419000,1
1506516191,22378598,0.17441,1947.47259000,0
1506516179,22378584,0.17441,773.72587580,0
1506516166,22378517,0.17441,4000.00000000,0
1506516164,22378515,0.17440,47.99320000,0
1506516050,22378341,0.17441,86.26400000,0
1506516027,22378306,0.17435,587.73600000,0
1506515890,22378218,0.17498,133.67810000,0
1506515877,22378203,0.17498,136.32190000,0
1506515864,22378193,0.17498,2796.72031000,0
1506515820,22378161,0.17392,633.07142857,1
1506515549,22377999,0.17371,800.19258124,0
1506515549,22377998,0.17395,0.00000472,1
1506515547,22377996,0.17401,5199.80741404,1
1506515518,22377977,0.17497,1157.42104361,0
1506515503,22377964,0.17493,143.88000000,1
1506515502,22377949,0.17493,600.00000000,1
1506515501,22377931,0.17493,829.01000000,1
1506515424,22377822,0.17433,1498.94828000,1
1506515422,22377819,0.17434,1455.05172000,1
1506515380,22377777,0.17500,144.76402518,1
1506515352,22377750,0.17526,2482.78400000,1
1506515351,22377746,0.17526,517.21600000,1
1506515180,22377607,0.17526,220.00000000,0
1506515161,22377594,0.17500,7474.38800000,1
1506515151,22377592,0.17500,2051.84571489,0
1506515151,22377591,0.17500,329.00225993,0
1506515147,22377588,0.17500,655.61785000,0
1506515146,22377587,0.17500,523.77297000,0
1506515057,22377525,0.17489,228.14477672,0
1506515020,22377494,0.17395,262.37231528,0
1506514994,22377484,0.17390,990.26440000,0
1506514983,22377476,0.17390,542.07005700,0
1506514980,22377467,0.17390,681.88445000,0
1506514976,22377464,0.17390,10449.79400115,1
1506514968,22377453,0.17395,2125.24404432,0
1506514968,22377452,0.17394,3692.26595568,0
1506514961,22377439,0.17394,7142.54000000,0
1506514959,22377438,0.17394,1407.27000000,0
1506514957,22377437,0.17394,1297.39461184,0
1506514956,22377433,0.17394,834.08537426,0
1506514945,22377417,0.17394,1000.00000000,0
1506514941,22377405,0.17394,370.00000000,0
1506514930,22377390,0.17394,23122.34827000,0
1506514929,22377386,0.17394,2192.80000000,0
1506514920,22377372,0.17394,3840.03617000,0
1506514918,22377371,0.17394,989.00000000,0
1506514912,22377351,0.17394,234.60151132,0
1506514906,22377341,0.17394,1311.19079500,0
1506514903,22377339,0.17394,11206.84966200,0
1506514901,22377332,0.17394,300.00000000,0
1506514899,22377327,0.17394,234.36923887,0
1506514896,22377321,0.17394,200.71184500,0
1506514894,22377312,0.17394,2000.00000000,0
1506514893,22377309,0.17394,2045.19762200,0
1506514893,22377304,0.17394,2000.00000000,0
1506514884,22377293,0.17393,293.71001317,0
1506514881,22377284,0.17393,2580.34698000,0
1506514852,22377241,0.17390,350.00000000,1
1506514842,22377217,0.17379,674.00000000,0
1506514716,22377098,0.17395,1855.45246000,0
1506514706,22377085,0.17395,1318.34826099,0
1506514652,22377016,0.17395,17314.23600000,0
1506514620,22376978,0.17395,599.24920954,0
1506514611,22376965,0.17395,4476.58225000,0
1506514603,22376951,0.17395,639.13169000,0
1506514593,22376920,0.17395,4408.34028887,0
1506514593,22376919,0.17381,25.39726113,0
1506514585,22376902,0.17381,1009.60273887,1
1506514582,22376899,0.17381,196.81518700,1
1506514572,22376891,0.17395,7428.21215100,0
1506514551,22376878,0.17395,9572.83133000,0
1506514452,22376729,0.17401,6344.86100000,0
1506514372,22376650,0.17401,1871.78775400,0
1506514371,22376649,0.17400,4084.64510000,0
1506514333,22376618,0.17400,0.00000020,1
1506514325,22376613,0.17442,142.97471620,0
1506514324,22376612,0.17400,2905.11250500,1
1506514286,22376566,0.17400,452.95529900,1
1506514285,22376565,0.17400,5677.24070100,1
1506514285,22376563,0.17400,1516.07159214,1
1506514285,22376562,0.17401,3358.06780386,1
1506514266,22376527,0.17401,2431.64255300,1
1506514220,22376446,0.17401,3000.00000000,1
1506514137,22376367,0.17401,635.83069980,1
1506514137,22376366,0.17403,14.16930020,1
1506513984,22376247,0.17426,314.81694020,0
1506513850,22376133,0.17403,1991.83069980,1
1506513817,22376090,0.17403,3994.00000000,1
1506513756,22376025,0.17457,665.45775276,0
1506513756,22376024,0.17455,5199.80741430,0
1506513754,22376020,0.17449,3599.37335053,0
1506513669,22375912,0.17449,355.89363287,0
1506513668,22375911,0.17426,674.00000000,0
1506513558,22375778,0.17449,1000.00000000,0
1506513442,22375681,0.17401,574.45894334,1
1506513392,22375606,0.17402,14104.00000000,1
1506513340,22375535,0.17400,148.61990266,0
1506513289,22375499,0.17400,292.05371234,0
1506513287,22375496,0.17400,2559.32638500,0
1506513286,22375495,0.17381,1093.58207413,0
1506513283,22375493,0.17381,292.48828403,0
1506513263,22375480,0.17381,4425.69938800,0
1506513258,22375479,0.17381,4798.76000000,0
1506513249,22375466,0.17375,663.67265469,1
1506513230,22375448,0.17381,881.76828100,0
1506513215,22375434,0.17381,2008.87181405,0
1506513208,22375427,0.17371,1158.00000000,1
1506513206,22375420,0.17381,7641.77974600,0
1506513206,22375419,0.17381,2968.75000000,0
1506513164,22375398,0.17381,1731.25000000,0
1506513099,22375346,0.17371,1165.99999942,1
1506513099,22375345,0.17400,0.00000058,1
1506513093,22375338,0.17400,155.85193942,0
1506513083,22375334,0.17400,14012.51500000,0
1506513028,22375300,0.17450,227.16409000,0
1506512874,22375125,0.17486,500.00000000,0
1506512786,22375067,0.17477,1227.85224197,0
1506512784,22375065,0.17416,1058.78653923,0
1506512782,22375058,0.17416,292.75100000,0
1506512780,22375053,0.17416,4170.39000000,0
1506512778,22375050,0.17416,1053.90000000,0
1506512771,22375047,0.17416,1352.19000000,0
1506512767,22375042,0.17416,2.91665000,0
1506512767,22375041,0.17415,4162.73335000,0
1506512749,22374997,0.17364,693.61820000,1
1506512748,22374996,0.17364,477.94685909,1
1506512748,22374995,0.17374,10122.01074107,1
1506512748,22374994,0.17385,3624.38180000,0
1506512748,22374993,0.17385,3682.00000000,1
1506512747,22374992,0.17416,0.69900000,0
1506512747,22374991,0.17400,998.60000000,0
1506512745,22374990,0.17385,488.00000000,1
1506512737,22374985,0.17400,1.40000000,0
1506512737,22374983,0.17399,1995.00000000,0
1506512637,22374904,0.17418,1078.87922217,1
1506512575,22374866,0.17480,13786.13661229,1
1506512574,22374859,0.17480,480.00000000,0
1506512492,22374764,0.17488,739.03300000,0
1506512490,22374763,0.17415,2600.00000000,1
1506512469,22374728,0.17406,2285.00000000,1
1506512458,22374695,0.17399,59.14895000,0
1506512456,22374692,0.17472,0.94405000,1
1506512453,22374680,0.17451,1351.33595000,0
1506512408,22374533,0.17451,60.66405000,0
1506512369,22374487,0.17487,200.00000000,0
1506512332,22374458,0.17488,0.67026158,1
1506512329,22374455,0.17450,957.08173842,0
1506512321,22374446,0.17450,63.20827507,0
1506512321,22374445,0.17450,6310.48800000,0
1506512318,22374444,0.17450,702.67200000,0
1506512274,22374425,0.17394,2899.85000000,1
1506512274,22374424,0.17395,100.00000000,1
1506512268,22374421,0.17450,236.00000000,0
1506512261,22374418,0.17391,11500.00000000,1
1506512257,22374415,0.17450,1300.84000000,0
1506512252,22374411,0.17457,133.75227200,0
1506512234,22374399,0.17457,261.97920000,0
1506512195,22374369,0.17458,1186.94158075,0
1506512194,22374366,0.17458,3520.23320000,1
1506512194,22374365,0.17459,307.09426180,1
1506512172,22374329,0.17460,3314.14760000,1
1506512171,22374328,0.17462,1000.00000000,1
1506512139,22374258,0.17533,568.93070210,1
1506512081,22374149,0.17543,1179.71154000,0
1506512060,22374137,0.17463,2980.00000000,1
1506512056,22374131,0.17547,3410.86077392,0
1506512041,22374105,0.17572,340.58140329,0
1506512015,22374087,0.17459,30.65386731,0
1506512014,22374086,0.17459,275.88480571,0
1506511974,22374048,0.17459,2316.00000000,1
1506511974,22374045,0.17503,450.00000000,1
1506511972,22374042,0.17510,250.00000000,1
1506511928,22373999,0.17570,409.89808489,0
1506511928,22373998,0.17570,157.83452752,0
1506511908,22373970,0.17571,1418.64831038,0
1506511888,22373951,0.17578,816.88557000,0
1506511888,22373950,0.17576,1408.25443000,0
1506511860,22373888,0.17511,3404.12480500,1
1506511860,22373887,0.17512,3027.65060000,1
1506511859,22373886,0.17550,5000.00000000,1
1506511825,22373828,0.17607,3414.15113000,0
1506511811,22373816,0.17609,909.60852000,0
1506511768,22373780,0.17609,2754.05560000,1
1506511759,22373774,0.17611,569.39232000,0
1506511732,22373745,0.17609,2295.81159000,0
1506511687,22373691,0.17609,549.48094724,0
1506511683,22373687,0.17609,5664.75228576,0
1506511559,22373556,0.17608,283.22353475,0
1506511548,22373543,0.17609,1738.97585067,0
1506511548,22373542,0.17608,971.17497933,0
1506511536,22373529,0.17610,3517.58097000,1
1506511535,22373527,0.17610,2262.55477000,1
1506511534,22373526,0.17611,1550.64482000,0
1506511526,22373510,0.17610,3746.64390000,1
1506511522,22373507,0.17610,2172.88696000,1
1506511521,22373505,0.17611,2739.20998000,0
1506511519,22373504,0.17610,1043.12018300,1
1506511510,22373496,0.17610,601.61521700,1
1506511508,22373495,0.17610,2086.77279000,1
1506511508,22373494,0.17611,2630.65174000,0
1506511495,22373489,0.17610,2004.07143000,1
1506511495,22373487,0.17611,2526.39580000,0
1506511482,22373475,0.17610,2381.07497000,1
1506511482,22373472,0.17611,135.75640000,0
1506511469,22373454,0.17610,2828.99996000,1
1506511462,22373449,0.17611,8000.00000000,0
1506511459,22373444,0.17611,792.57000000,0
1506511457,22373439,0.17611,140.21299000,0
1506511456,22373437,0.17610,3361.18807000,1
1506511447,22373429,0.17611,5664.10896599,0
1506511443,22373421,0.17611,66.28381000,0
1506511442,22373410,0.17610,3993.49078000,1
1506511432,22373389,0.17611,6243.67617000,1
1506511432,22373387,0.17614,3038.42930000,1
1506511423,22373373,0.17611,1429.91953100,1
1506511413,22373318,0.17614,2171.27290000,1
1506511374,22373230,0.17615,3720.77770000,1
1506511374,22373229,0.17615,3350.22230000,1
1506511354,22373184,0.17611,591.94151600,1
1506511345,22373162,0.17616,182.66652500,1
1506511326,22373090,0.17614,1589.13601600,1
1506511289,22372981,0.17610,205.21065900,1
1506511239,22372822,0.17557,2106.07093000,0
1506511238,22372819,0.17609,1412.00000000,1
1506511238,22372815,0.17610,933.42907000,1
1506511238,22372813,0.17678,538.50000000,0
1506511236,22372800,0.17674,3284.20000000,0
1506511236,22372797,0.17674,6206.29061650,1
1506511235,22372794,0.17676,2295.27919000,1
1506511233,22372783,0.17677,883.27919000,1
1506511233,22372779,0.17781,237.45129654,0
1506511232,22372770,0.17676,2369.10525000,0
1506511230,22372761,0.17719,444.89475000,1
1506511227,22372730,0.17820,2383.98830325,0
1506511227,22372728,0.17820,4500.00000000,0
1506511227,22372724,0.17817,1164.69572777,0
1506511227,22372718,0.17800,1007.17000000,0
1506511226,22372716,0.17800,2300.00000000,0
1506511226,22372714,0.17800,2535.92881777,0
1506511226,22372709,0.17783,8332.31203000,0
1506511226,22372703,0.17780,200.00000000,0
1506511225,22372698,0.17731,1188.35880000,1
1506511225,22372696,0.17731,637.01385784,1
1506511225,22372692,0.17730,2962.25116433,0
1506511224,22372682,0.17713,450.00000000,0
1506511223,22372680,0.17712,553.28525000,0
1506511223,22372678,0.17700,1067.43483970,0
1506511222,22372674,0.17700,885.31400630,0
1506511222,22372668,0.17674,728.52938350,1
1506511222,22372665,0.17675,448.21086280,1
1506511222,22372663,0.17693,1713.25975370,1
1506511222,22372659,0.17700,449.99999500,0
1506511221,22372653,0.17700,2962.25115900,0
1506511220,22372642,0.17693,6661.28008130,0
1506511220,22372640,0.17693,1713.25975870,0
1506511220,22372635,0.17692,2766.42623000,0
1506511213,22372582,0.17669,1000.00000000,0
1506511213,22372580,0.17664,892.39556000,0
1506511213,22372578,0.17664,4461.97779000,0
1506511213,22372577,0.17662,14611.33708000,0
1506511207,22372555,0.17609,1412.00000000,0
1506511167,22372418,0.17650,99.70276653,0
1506511166,22372416,0.17600,5905.57286258,0
1506511166,22372414,0.17600,1000.00000000,0
1506511166,22372413,0.17590,775.07009089,0
1506511131,22372331,0.17590,237.44668000,0
1506511008,22372087,0.17590,1000.11478113,0
1506511004,22372084,0.17590,28.36844798,0
1506510994,22372056,0.17543,200.00000000,0
1506510994,22372055,0.17543,675.19547946,0
1506510982,22372019,0.17543,4176.82531200,0
1506510981,22372015,0.17543,7639.55000900,0
1506510959,22371960,0.17543,875.01751900,0
1506510957,22371953,0.17543,1006.43333523,0
1506510954,22371943,0.17543,596.68656702,0
1506510947,22371916,0.17543,5337.11381900,0
1506510946,22371905,0.17543,12542.85979845,0
1506510944,22371894,0.17543,4985.09054655,0
1506510944,22371892,0.17542,3404.12481000,0
1506510939,22371869,0.17543,2454.16572800,0
1506510939,22371868,0.17542,1720.79147000,0
1506510938,22371867,0.17541,2000.00000000,1
1506510927,22371848,0.17542,2000.00000000,1
1506510917,22371822,0.17543,3700.91802191,1
1506510810,22371481,0.17540,311.95530500,1
1506510793,22371394,0.17540,86.00000000,1
1506510791,22371375,0.17599,7368.31638161,0
1506510658,22370816,0.17559,522.72230764,0
1506510656,22370813,0.17530,45.44100000,0
1506510630,22370721,0.17530,408.96900000,0
1506510614,22370633,0.17500,30.64229546,1
1506510613,22370632,0.17500,27863.36703000,1
1506510613,22370631,0.17502,3189.63620000,1
1506510613,22370629,0.17520,489.28780490,1
1506510612,22370627,0.17520,2907.11727500,1
1506510612,22370626,0.17520,5074.04472500,1
1506510586,22370515,0.17530,176.40000000,0
1506510571,22370457,0.17520,1701.71772200,1
1506510570,22370452,0.17520,8466.25272700,1
1506510555,22370397,0.17520,2097.05690800,1
1506510555,22370394,0.17521,3194.39660000,1
1506510555,22370392,0.17521,1777.69632000,1
1506510546,22370367,0.17521,1401.29997700,1
1506510532,22370314,0.17629,3162.40285892,1
1506510532,22370313,0.17600,2500.00000000,1
1506510530,22370301,0.17520,750.00000000,1
1506510526,22370284,0.17520,923.64547100,1
1506510525,22370281,0.17520,542.66780500,1
1506510525,22370280,0.17550,2346.87194000,1
1506510525,22370279,0.17550,7653.12806000,1
1506510525,22370278,0.17551,3023.69600000,1
1506510524,22370277,0.17580,444.61464200,1
1506510520,22370265,0.17580,2955.38535800,1
1506510510,22370220,0.17520,444.61464200,1
1506510496,22370145,0.17580,0.00000022,1
1506510494,22370140,0.17580,595.99248000,1
1506510480,22370076,0.17522,636.00000000,1
1506510464,22370016,0.17531,1899.47007700,1
1506510438,22369929,0.17531,1914.76329800,1
1506510438,22369926,0.17531,1686.59373097,1
1506510437,22369924,0.17531,647.25983500,1
1506510437,22369923,0.17532,4515.34143403,1
1506510418,22369899,0.17585,141.76869775,0
1506510385,22369846,0.17533,651.87236191,1
1506510385,22369845,0.17550,0.00000009,1
1506510382,22369840,0.17591,425.29111477,0
1506510367,22369801,0.17550,1744.00710500,1
1506510355,22369790,0.17595,517.98806479,0
1506510352,22369787,0.17550,12140.00000729,1
1506510313,22369711,0.17550,4500.00000000,1
1506510310,22369708,0.17550,128.85839800,1
1506510309,22369706,0.17550,3988.26409987,1
1506510309,22369705,0.17550,573.56125356,1
1506510308,22369704,0.17554,0.45316000,1
1506510308,22369703,0.17560,1567.57639357,1
1506510268,22369672,0.17610,141.20000000,0
1506510248,22369631,0.17624,3422.89892400,0
1506510247,22369629,0.17619,1492.55107600,1
1506510246,22369624,0.17619,6584.55000000,0
1506510185,22369544,0.17560,3681.65431400,1
1506510185,22369543,0.17561,2307.11761000,1
1506510169,22369524,0.17610,1270.80000000,0
1506510168,22369520,0.17561,1529.32552200,1
1506510166,22369503,0.17561,874.67677900,1
1506510162,22369498,0.17561,1461.10027000,0
1506510159,22369492,0.17561,1618.47031200,1
1506510152,22369475,0.17562,29.48550000,1
1506510138,22369445,0.17561,500.00000000,1
1506510094,22369339,0.17571,1000.00000000,1
1506509912,22368897,0.17597,2973.68818000,0
1506509897,22368853,0.17531,647.25984000,0
1506509887,22368815,0.17531,970.64016000,0
1506509834,22368714,0.17531,7000.00000000,1
1506509815,22368674,0.17662,1508.10061148,0
1506509734,22368453,0.17611,3382.69657696,0
1506509678,22368287,0.17548,2210.00000000,1
1506509676,22368283,0.17549,150.00000000,1
1506509672,22368271,0.17547,29.28640000,1
1506509666,22368256,0.17547,1659.94992400,1
1506509665,22368254,0.17665,197.63775828,0
1506509654,22368232,0.17669,5548.39170000,0
1506509654,22368231,0.17668,11127.49227000,0
1506509647,22368195,0.17539,1617.17000000,1
1506509646,22368193,0.17547,1677.93000000,1
1506509642,22368166,0.17678,8555.28429016,0
1506509642,22368164,0.17520,13391.09105404,0
1506509641,22368161,0.17520,1765.09000000,0
1506509639,22368149,0.17520,1449.98329039,0
1506509624,22368098,0.17520,270.00000000,0
1506509606,22368033,0.17507,572.57097161,0
1506509592,22368018,0.17500,3148.79245079,1
1506509592,22368017,0.17500,855.41011921,1
1506509592,22368016,0.17501,5995.79743000,1
1506509576,22367998,0.17501,313.22195000,1
1506509564,22367985,0.17501,4064.79908000,1
1506509540,22367942,0.17500,3091.86889200,1
1506509537,22367940,0.17500,4241.01259400,1
1506509536,22367939,0.17520,969.06392694,0
1506509534,22367938,0.17519,2044.67331000,0
1506509524,22367932,0.17500,670.90430018,0
1506509452,22367840,0.17500,2529.09569982,0
1506509449,22367830,0.17497,5091.07410597,1
1506509414,22367764,0.17497,363.84138000,1
1506509410,22367757,0.17497,419.63363500,1
1506509397,22367723,0.17497,2893.55383000,1
1506509396,22367707,0.17497,2893.55383000,0
1506509345,22367649,0.17497,2999.45479000,0
1506509319,22367619,0.17457,5077.17752191,0
1506509319,22367618,0.17456,4002.13962000,1
1506509318,22367615,0.17439,574.86094386,0
1506509318,22367614,0.17438,353.00000000,0
1506509317,22367613,0.17435,324.18588873,0
1506509317,22367612,0.17423,500.00000000,0
1506509317,22367611,0.17423,2071.20661118,0
1506509311,22367609,0.17345,666.00000000,1
1506509310,22367608,0.17345,589.96108351,1
1506509296,22367592,0.17358,12645.17110000,1
1506509279,22367574,0.17423,687.02290076,0
1506509277,22367573,0.17423,1250.00000000,0
1506509238,22367522,0.17418,286.48633597,0
1506509159,22367382,0.17423,858.78396373,0
1506509149,22367377,0.17423,100.00000000,0
1506509149,22367376,0.17349,50.00000000,1
1506509090,22367250,0.17344,200.00000000,1
1506509070,22367223,0.17343,640.82371836,1
1506509025,22367167,0.17349,625.95778872,1
1506508934,22367085,0.17425,5756.64562435,1
1506508930,22367080,0.17414,7349.26400000,0
1506508894,22367068,0.17336,3015.00505000,0
1506508892,22367067,0.17349,886.49495000,1
1506508849,22367027,0.17479,100.00000000,0
1506508844,22367013,0.17351,2005.00000000,1
1506508836,22366991,0.17350,1207.55641007,0
1506508835,22366987,0.17349,3624.28777000,0
1506508828,22366980,0.17350,16190.20676500,0
1506508826,22366979,0.17350,3097.46144800,0
1506508826,22366978,0.17349,1207.55641000,0
1506508822,22366970,0.17349,2871.36400000,0
1506508805,22366938,0.17349,407.37866600,0
1506508804,22366937,0.17329,676.00000000,0
1506508799,22366931,0.17364,292.45922502,1
1506508776,22366915,0.17364,40.34615798,1
1506508755,22366885,0.17464,322.59900366,0
1506508755,22366883,0.17463,706.81618153,1
1506508748,22366869,0.17465,9057.48233552,1
1506508748,22366867,0.17465,16121.04615000,0
1506508715,22366801,0.17366,500.00000000,1
1506508711,22366795,0.17364,8041.73445700,1
1506508711,22366794,0.17365,2029.42088000,1
1506508697,22366747,0.17372,166.50000000,1
1506508696,22366746,0.17354,400.00000000,0
1506508694,22366745,0.17353,2061.49799730,0
1506508692,22366741,0.17400,500.00000000,1
1506508683,22366732,0.17400,362.30226316,1
1506508682,22366730,0.17452,4471.40553600,1
1506508682,22366729,0.17452,1805.56773000,1
1506508681,22366725,0.17452,1055.33876400,1
1506508675,22366715,0.17452,1000.00000000,1
1506508672,22366710,0.17500,4992.33236149,1
1506508672,22366709,0.17500,399.01213851,1
1506508640,22366665,0.17500,1341.38974420,1
1506508579,22366630,0.17564,1023.51400592,1
1506508572,22366623,0.17566,397.50330183,0
1506508516,22366537,0.17500,500.00000000,1
1506508514,22366535,0.17500,348.00000000,1
1506508513,22366533,0.17500,8067.65629000,1
1506508512,22366531,0.17500,5157.34371000,0
1506508512,22366530,0.17506,2000.00000000,1
1506508512,22366529,0.17507,1450.00000000,1
1506508508,22366518,0.17567,1000.00000000,0
1506508422,22366392,0.17615,632.70000000,0
1506508418,22366381,0.17618,1295.05017272,0
1506508413,22366369,0.17622,0.00000024,1
1506508400,22366341,0.17622,2454.00458976,1
1506508400,22366339,0.17622,1136.66203624,1
1506508396,22366313,0.17622,51.35130000,1
1506508389,22366283,0.17622,532.92457089,0
1506508368,22366179,0.17600,4427.41752000,1
1506508368,22366178,0.17600,1022.58248000,1
1506508367,22366175,0.17607,1021.01436928,1
1506508362,22366171,0.17600,50.00000000,0
1506508347,22366142,0.17514,5569.20982700,1
1506508312,22366105,0.17508,475.00000000,1
1506508292,22366094,0.17506,4154.42270596,1
1506508286,22366093,0.17504,28.72127503,1
1506508255,22366050,0.17500,639.00000000,1
1506508255,22366049,0.17500,455.00000000,1
1506508248,22366037,0.17501,675.99761606,1
1506508248,22366036,0.17501,4731.84591000,1
1506508248,22366034,0.17814,2316.36175248,0
1506508248,22366033,0.17800,644.88829577,0
1506508247,22366032,0.17740,1130.21420519,0
1506508247,22366031,0.17600,610.46583000,0
1506508247,22366029,0.17592,219.81242672,0
1506508247,22366027,0.17588,946.36918000,0
1506508247,22366026,0.17586,4731.84591000,0
1506508246,22366025,0.17500,9699.94182729,0
1506508230,22366002,0.17500,1760.79445400,0
1506508217,22365976,0.17500,255.15000000,0
1506508216,22365975,0.17500,1029.10010200,0
1506508205,22365933,0.17500,285.92810300,0
1506508197,22365896,0.17500,3000.00000000,0
1506508190,22365888,0.17500,2932.65551371,0
1506508190,22365887,0.17500,73.11206529,0
1506508186,22365875,0.17403,200.00000000,0
1506508183,22365866,0.17401,8002.95950364,1
1506508183,22365865,0.17450,457.30288567,1
1506508183,22365864,0.17458,2139.69521085,1
1506508163,22365824,0.17500,426.88793471,0
1506508163,22365823,0.17500,1241.84811429,0
1506508158,22365817,0.17500,302.10188571,0
1506508147,22365799,0.17500,256.05000000,0
1506508133,22365771,0.17500,970.00000000,1
1506508127,22365767,0.17589,2052.33616400,0
1506508117,22365756,0.17589,3465.10777600,0
1506508114,22365751,0.17590,3479.35606000,0
1506508114,22365750,0.17452,3000.00000000,1
1506508098,22365730,0.17595,287.14558147,0
1506508090,22365704,0.17599,137.05097954,0
1506508075,22365661,0.17450,2006.23321000,1
1506508066,22365634,0.17600,10.00000000,1
1506508064,22365631,0.17600,1990.00000000,1
1506508056,22365611,0.17638,638.92982655,0
1506508040,22365569,0.17642,3680.86800000,0
1506508034,22365560,0.17640,8546.30040200,0
1506508032,22365548,0.17642,90.97284888,1
1506508030,22365540,0.17543,96.15384615,0
1506508012,22365489,0.17522,1000.00000000,1
1506508011,22365488,0.17500,20688.81940800,1
1506508011,22365487,0.17503,450.00000000,1
1506508010,22365485,0.17517,818.60585000,1
1506508010,22365483,0.17518,15991.87027000,1
1506508010,22365482,0.17524,459.99295091,1
1506508009,22365481,0.17668,286.68475237,0
1506507988,22365429,0.17642,1737.88793000,0
1506507984,22365425,0.17640,4917.36579000,0
1506507983,22365423,0.17522,1556.75290000,1
1506507977,22365413,0.17522,426.79989327,1
1506507977,22365412,0.17523,3284.20000000,0
1506507975,22365411,0.17646,0.00010673,1
1506507968,22365398,0.17646,97.03571188,1
1506507968,22365397,0.17646,1455.53727917,1
1506507963,22365382,0.17679,6330.89600350,0
1506507963,22365381,0.17650,565.98500000,0
1506507962,22365379,0.17649,3391.13989462,0
1506507951,22365336,0.17649,3390.46931800,0
1506507920,22365275,0.17698,4624.21059600,0
1506507920,22365274,0.17698,434.13084000,0
1506507905,22365242,0.17740,0.07916612,0
1506507905,22365241,0.17739,1171.91115621,0
1506507905,22365240,0.17699,1174.24830000,0
1506507902,22365225,0.17740,928.65679780,1
1506507900,22365222,0.17740,1970.04859076,0
1506507894,22365203,0.17740,2528.25546787,0
1506507894,22365201,0.17740,666.18543000,0
1506507892,22365190,0.17740,3330.92713000,0
1506507881,22365154,0.17650,3105.90050992,1
1506507879,22365147,0.17650,1390.16156200,1
1506507878,22365143,0.17650,1583.93786800,1
1506507870,22365115,0.17701,1063.15740957,1
1506507869,22365112,0.17701,1243.53242043,1
1506507868,22365109,0.17701,2253.60000000,1
1506507866,22365097,0.17452,4040.72510100,0
1506507865,22365096,0.17452,1912.98657000,0
1506507865,22365095,0.17452,3438.96716900,0
1506507865,22365094,0.17453,15607.32116000,0
1506507863,22365090,0.17754,2774.89000742,1
1506507863,22365088,0.17754,353.13517000,0
1506507862,22365087,0.17700,2500.87231547,1
1506507861,22365085,0.17752,1199.64370000,0
1506507861,22365083,0.17700,10000.00000000,0
1506507860,22365080,0.17538,2800.00000000,1
1506507857,22365070,0.17574,269.91868000,1
1506507856,22365069,0.17575,4725.08132000,1
1506507856,22365068,0.17575,579.32320000,1
1506507856,22365067,0.17585,1000.00000000,1
1506507856,22365066,0.17593,415.67680000,1
1506507855,22365065,0.17593,644.00000000,1
1506507849,22365057,0.17592,1000.55374000,1
1506507843,22365043,0.17755,4986.70807000,1
1506507842,22365037,0.17872,6946.86181339,1
1506507842,22365035,0.17872,3955.60749000,1
1506507841,22365033,0.17870,5000.00000000,1
1506507841,22365032,0.17870,29.17637917,0
1506507841,22365030,0.17869,627.55962000,1
1506507841,22365029,0.17869,3137.79811000,1
1506507840,22365028,0.17842,452.91539467,0
1506507840,22365027,0.17830,200.00000000,0
1506507840,22365026,0.17820,226.55375377,0
1506507839,22365025,0.17820,2038.98378392,0
1506507839,22365024,0.17820,734.46246231,0
1506507839,22365022,0.17820,217.10540000,1
1506507839,22365020,0.17820,217.23700000,1
1506507839,22365018,0.17820,221.65800000,1
1506507839,22365017,0.17820,250.21620000,1
1506507839,22365016,0.17820,249.66430000,1
1506507839,22365014,0.17820,249.53770000,1
1506507838,22365012,0.17820,253.49800000,1
1506507838,22365010,0.17800,10000.00000000,0
1506507837,22365009,0.17800,2782.94080208,1
1506507837,22365008,0.17800,253.49800000,1
1506507837,22365007,0.17800,404.61680000,1
1506507837,22365005,0.17800,404.61680000,1
1506507837,22365004,0.17800,404.61680000,1
1506507837,22365003,0.17800,404.74350000,1
1506507837,22365002,0.17800,405.98490000,1
1506507836,22365000,0.17799,407.28490000,1
1506507836,22364999,0.17799,407.28490000,1
1506507836,22364998,0.17799,386.93620000,1
1506507836,22364997,0.17799,386.93620000,1
1506507835,22364995,0.17799,386.93620000,1
1506507835,22364994,0.17754,2766.29302090,1
1506507835,22364993,0.17754,386.93620000,1
1506507834,22364992,0.17754,883.56306000,0
1506507834,22364991,0.17754,4417.81531000,0
1506507832,22364987,0.17753,5000.00000000,0
1506507832,22364986,0.17753,2500.00000000,0
1506507814,22364952,0.17590,4999.84395000,1
1506507814,22364950,0.17592,5000.15605000,0
1506507809,22364927,0.17595,352.33441885,1
1506507809,22364924,0.17622,0.00000007,1
1506507805,22364907,0.17622,566.11054357,1
1506507805,22364906,0.17648,488.86956000,1
1506507805,22364905,0.17650,796.94538243,1
1506507766,22364853,0.17762,7706.89839000,0
1506507762,22364843,0.17664,413.00982700,1
1506507762,22364842,0.17664,990.00000000,1
1506507755,22364832,0.17770,1684.02853123,0
