date,tid,price,amount,type
1506556800,22426730,0.20930,88.47160000,1
1506556665,22426700,0.20931,4508.98563160,1
1506556540,22426650,0.20980,2815.30353000,0
1506556538,22426647,0.20980,2330.37913836,0
1506556459,22426601,0.20980,1991.91182700,0
1506556459,22426600,0.20980,2008.08817300,0
1506556394,22426574,0.20932,5970.86000000,0
1506556377,22426569,0.20980,991.91182700,0
1506556358,22426568,0.20927,5000.00000000,1
1506556335,22426567,0.20925,526.92740062,1
1506556252,22426557,0.21000,679.87400000,0
1506556248,22426554,0.21000,680.11500000,0
1506556233,22426551,0.21000,10217.63563912,0
1506556233,22426550,0.21000,58.05460052,1
1506556233,22426549,0.21000,8094.39335974,1
1506556226,22426548,0.21000,174.00000000,1
1506556213,22426543,0.21000,45.34006071,1
1506556177,22426532,0.21117,755.86925226,0
1506556131,22426508,0.21101,6689.47080845,0
1506556022,22426438,0.21000,899.23182832,1
1506555997,22426423,0.21000,787.03475123,1
1506555968,22426403,0.21000,6537.00000000,1
1506555968,22426402,0.21000,5394.06324448,1
1506555952,22426382,0.21000,3994.09523800,1
1506555950,22426375,0.21036,199.52839893,0
1506555694,22426263,0.21000,611.84151752,1
1506555661,22426260,0.21001,3095.87500000,0
1506555646,22426258,0.21001,4731.70000000,1
1506555604,22426253,0.21021,56.94876600,0
1506555594,22426250,0.21021,1598.85288117,1
1506555246,22426048,0.21021,147.21311755,1
1506555142,22425976,0.21001,10000.00000000,1
1506555003,22425878,0.21003,7626.49721644,1
1506554964,22425855,0.21002,980.06771000,1
1506554950,22425850,0.21004,980.06771000,1
1506554834,22425727,0.21013,5000.00000000,1
1506554774,22425577,0.21106,219.44977000,0
1506554774,22425575,0.21106,997.00000000,0
1506554621,22425403,0.21089,281.83001336,1
1506554619,22425402,0.21089,303.08065000,1
1506554606,22425395,0.21089,162.77124000,1
1506554593,22425392,0.21089,181.66366000,1
1506554580,22425377,0.21089,327.80853000,1
1506554567,22425367,0.21089,126.16823000,1
1506554556,22425360,0.21089,2806.15224700,1
1506554553,22425358,0.21089,413.24579000,1
1506554541,22425350,0.21089,413.24579000,1
1506554540,22425349,0.21089,4984.03384964,1
1506554540,22425348,0.21089,10000.00000000,1
1506554540,22425347,0.21089,42013.39415036,1
1506554539,22425342,0.21089,52.31578900,1
1506554531,22425338,0.21089,173.00000000,1
1506554527,22425335,0.21089,516.29909000,1
1506554514,22425322,0.21089,599.35007000,1
1506554512,22425319,0.21089,1900.69240000,1
1506554510,22425318,0.21089,2362.37463200,1
1506554502,22425312,0.21089,7921.10071300,1
1506554501,22425310,0.21089,599.35007000,1
1506554487,22425299,0.21089,755.55965000,1
1506554474,22425289,0.21089,755.55965000,1
1506554461,22425281,0.21089,755.55964000,1
1506554450,22425272,0.21089,173.00000000,1
1506554449,22425270,0.21089,897.69463000,1
1506554442,22425265,0.21089,173.00000000,1
1506554440,22425262,0.21089,10000.00000000,1
1506554438,22425260,0.21089,173.00000000,1
1506554436,22425259,0.21089,1066.56787000,1
1506554431,22425253,0.21089,225.80000000,1
1506554427,22425247,0.21089,3388.18981900,1
1506554425,22425246,0.21089,1971.97479200,1
1506554422,22425244,0.21089,1005.21782000,1
1506554409,22425218,0.21089,96.00000000,1
1506554399,22425213,0.21089,4000.00000000,1
1506554383,22425202,0.21089,408.68110000,1
1506554383,22425199,0.21089,1445.92669000,1
1506554361,22425191,0.21090,5552.34635741,1
1506554361,22425189,0.21100,997.78078859,1
1506554356,22425187,0.21100,333.11820000,1
1506554343,22425173,0.21100,395.78400000,1
1506554330,22425166,0.21100,470.23842000,1
1506554317,22425160,0.21100,60.97036700,1
1506554317,22425158,0.21106,497.72874300,1
1506554316,22425157,0.21106,3502.27125700,0
1506554304,22425147,0.21100,663.80092000,1
1506554290,22425144,0.21100,788.67436000,1
1506554277,22425139,0.21100,937.03885000,1
1506554264,22425134,0.21100,1113.31348000,1
1506554264,22425133,0.21100,9205.53824600,1
1506554263,22425131,0.21100,794.46175400,1
1506554251,22425128,0.21100,1322.74869000,1
1506554242,22425124,0.21100,6555.18114000,1
1506554238,22425120,0.21100,1571.58260000,1
1506554225,22425117,0.21117,300.00000000,0
1506554225,22425116,0.21100,687.38380000,1
1506554224,22425115,0.21100,1867.22686000,1
1506554214,22425112,0.21100,173.00000000,1
1506554211,22425110,0.21100,2218.48735000,1
1506554201,22425106,0.21100,173.00000000,1
1506554198,22425105,0.21100,2635.82656000,1
1506554185,22425101,0.21100,3131.67512000,1
1506554172,22425098,0.21100,3720.80212000,1
1506554160,22425089,0.21100,10000.00000000,0
1506554160,22425088,0.21090,4420.75500000,0
1506554146,22425076,0.21090,555.67991100,1
1506554144,22425073,0.21090,700.64601200,1
1506554143,22425072,0.21089,10139.58296747,1
1506554079,22425049,0.21089,3784.32846000,1
1506554060,22425039,0.21089,2102.42120500,1
1506554060,22425038,0.21090,4403.70314000,1
1506554038,22425012,0.21089,4988.83726000,1
1506554023,22425001,0.21089,672.59700000,1
1506554021,22425000,0.21089,5.43757000,1
1506554021,22424999,0.21090,7754.12443000,1
1506554021,22424998,0.21091,15.55800000,1
1506553894,22424939,0.21091,1465.56417000,1
1506553881,22424932,0.21091,1777.61347000,1
1506553868,22424928,0.21091,1741.26436000,1
1506553810,22424914,0.21125,56.66840200,0
1506553775,22424891,0.21089,2112.01601000,1
1506553762,22424864,0.21089,2068.82894000,1
1506553757,22424858,0.21090,1085.96491228,0
1506553745,22424852,0.21089,3750.73526000,1
1506553743,22424850,0.21090,6249.26474000,1
1506553723,22424833,0.21091,497.36243000,1
1506553712,22424825,0.21090,4326.33386000,1
1506553709,22424820,0.21091,468.54554000,1
1506553702,22424812,0.21125,458.81794094,0
1506553697,22424809,0.21091,2807.17961000,1
1506553644,22424770,0.21091,4711.87274000,1
1506553631,22424765,0.21091,2303.22577825,0
1506553624,22424762,0.21091,8452.97000000,0
1506553617,22424758,0.21091,3803.02018100,0
1506553617,22424756,0.21091,1573.37837900,1
1506553600,22424749,0.21091,857.53950000,1
1506553598,22424748,0.21091,810.00000000,1
1506553596,22424747,0.21091,1228.96641500,1
1506553590,22424739,0.21091,174.00000000,1
1506553585,22424730,0.21091,151.50676100,1
1506553584,22424729,0.21091,292.21262500,1
1506553568,22424726,0.21125,3455.29000000,0
1506553554,22424711,0.21091,2858.01140000,1
1506553553,22424709,0.21091,810.00000000,1
1506553551,22424704,0.21091,1671.67340000,1
1506553540,22424673,0.21091,4792.29150000,1
1506553538,22424671,0.21091,1934.57932000,1
1506553537,22424670,0.21091,2000.00000000,1
1506553537,22424669,0.21091,174.00000000,1
1506553532,22424668,0.21091,671.84070000,1
1506553526,22424661,0.21090,174.00000000,1
1506553522,22424654,0.21089,1331.00000000,1
1506553518,22424647,0.21089,174.00000000,1
1506553518,22424646,0.21089,572.07890000,1
1506553514,22424645,0.21089,12111.00000000,1
1506553511,22424644,0.21089,2298.51008000,1
1506553509,22424643,0.21089,174.00000000,1
1506553502,22424640,0.21089,174.00000000,1
1506553498,22424639,0.21089,4194.13404300,1
1506553494,22424635,0.21090,409.00000000,1
1506553489,22424632,0.21090,174.00000000,1
1506553486,22424624,0.21090,1901.59250000,1
1506553483,22424623,0.21089,174.00000000,1
1506553478,22424621,0.21089,174.00000000,1
1506553472,22424619,0.21089,174.00000000,1
1506553472,22424618,0.21089,2016.43467000,1
1506553468,22424617,0.21089,174.00000000,1
1506553464,22424616,0.21089,1711.40377900,1
1506553464,22424615,0.21090,197.59622100,1
1506553463,22424614,0.21090,1901.59250000,1
1506553462,22424613,0.21090,174.00000000,1
1506553459,22424612,0.21090,174.00000000,1
1506553458,22424611,0.21090,52.31578900,1
1506553457,22424609,0.21090,239.71710000,1
1506553453,22424598,0.21089,174.00000000,1
1506553448,22424596,0.21089,174.00000000,1
1506553447,22424592,0.21089,1793.63590000,1
1506553445,22424591,0.21089,2395.76397000,1
1506553441,22424590,0.21089,174.00000000,1
1506553437,22424588,0.21089,174.00000000,1
1506553437,22424587,0.21089,174.00000000,1
1506553436,22424586,0.21089,29988.19662400,1
1506553435,22424585,0.21089,2722.00000000,1
1506553427,22424581,0.21090,174.00000000,1
1506553423,22424579,0.21090,1901.59250000,1
1506553422,22424578,0.21090,174.00000000,1
1506553418,22424577,0.21090,810.00000000,1
1506553418,22424576,0.21090,174.00000000,1
1506553415,22424575,0.21089,498.27912000,1
1506553415,22424574,0.21090,987.42378000,1
1506553411,22424573,0.21090,174.00000000,1
1506553407,22424571,0.21090,4792.58300000,1
1506553406,22424569,0.21090,174.00000000,1
1506553405,22424568,0.21124,880.98310914,0
1506553404,22424567,0.21089,415.83420000,1
1506553401,22424565,0.21089,174.00000000,1
1506553394,22424563,0.21089,6695.12720000,1
1506553389,22424561,0.21089,46575.88695600,0
1506553380,22424553,0.21088,811.66700000,1
1506553377,22424552,0.21088,479.26150000,1
1506553370,22424544,0.21088,811.66700000,1
1506553365,22424543,0.21088,1901.77340000,1
1506553356,22424514,0.21087,174.00000000,1
1506553351,22424513,0.21087,1767.18448400,1
1506553341,22424507,0.21088,3117.96850000,1
1506553334,22424505,0.21088,409.00000000,1
1506553331,22424503,0.21088,3250.00000000,1
1506553320,22424499,0.21087,2585.07000000,1
1506553319,22424498,0.21087,660.27000000,1
1506553317,22424497,0.21087,13894.29512000,0
1506553279,22424477,0.21086,709.59845395,0
1506553278,22424476,0.20965,110.77619800,1
1506553272,22424470,0.20963,4000.00000000,1
1506553248,22424459,0.20976,288.00000000,0
1506553234,22424454,0.21000,2962.00000000,0
1506553209,22424434,0.21001,1362.22678000,1
1506553200,22424433,0.21000,1362.22678000,1
1506553187,22424425,0.21009,1236.24544627,1
1506553164,22424414,0.21004,4000.00000000,1
1506553133,22424392,0.20976,4000.00000000,1
1506553105,22424382,0.20973,4000.00000000,1
1506553076,22424367,0.20968,4000.00000000,1
1506553027,22424338,0.21000,315.60599027,0
1506552922,22424290,0.20938,920.63945600,0
1506552919,22424287,0.21056,2105.87562865,1
1506552870,22424259,0.21056,3663.25719400,1
1506552866,22424258,0.21056,4000.00000000,1
1506552865,22424255,0.21056,175.00000000,1
1506552858,22424252,0.21056,174.00000000,1
1506552858,22424251,0.21056,147.60650000,1
1506552856,22424249,0.21056,5128.77006769,1
1506552855,22424247,0.21055,1875.61393000,0
1506552855,22424246,0.21054,2593.31872000,0
1506552763,22424200,0.21000,5088.86557143,0
1506552716,22424181,0.20931,4438.40374900,1
1506552441,22424014,0.20977,5715.79582400,0
1506552303,22423954,0.20900,540.72057910,1
1506552302,22423953,0.20900,5358.45207226,1
1506552302,22423952,0.20900,4233.98238974,1
1506552302,22423951,0.20900,1500.00000000,1
1506552302,22423950,0.20910,25.00000000,1
1506552301,22423949,0.20912,6587.99173000,1
1506552301,22423948,0.20950,75.00000000,1
1506552301,22423947,0.20950,10000.00000000,1
1506552299,22423941,0.20954,12709.57380800,1
1506552299,22423939,0.21000,5103.22558788,0
1506552297,22423937,0.20954,10140.67837200,1
1506552296,22423936,0.20955,9181.43425100,1
1506552291,22423928,0.21000,238.11895238,0
1506552281,22423915,0.21000,4773.33468200,1
1506552271,22423899,0.21000,1305.68906000,1
1506552271,22423897,0.21000,12247.37525738,1
1506552271,22423896,0.21002,5000.00000000,1
1506552271,22423895,0.21002,5000.00000000,1
1506552160,22423777,0.21003,2176.57986300,1
1506552160,22423776,0.21010,1253.68888300,1
1506552159,22423775,0.21010,29366.13251700,1
1506552158,22423774,0.21011,7035.12445000,1
1506552109,22423750,0.21010,935.17860000,1
1506552004,22423718,0.21045,56.77321400,0
1506552000,22423717,0.21003,1065.39145000,1
1506551740,22423503,0.21064,119.51732216,0
1506551717,22423492,0.21000,400.44964762,1
1506551717,22423488,0.21000,10000.00000000,1
1506551716,22423486,0.21000,1790.57461600,1
1506551716,22423485,0.21011,4000.00000000,1
1506551716,22423484,0.21023,80.31251000,1
1506551716,22423483,0.21028,30.00000000,1
1506551587,22423390,0.21105,29.30000000,0
1506551474,22423327,0.21069,6519.79893700,1
1506551457,22423322,0.21100,1000.00000000,1
1506551457,22423321,0.21117,182.44198673,1
1506551405,22423296,0.21179,1530.74514448,0
1506551356,22423274,0.21117,277.58808736,1
1506551171,22423103,0.21252,873.31551224,1
1506551171,22423102,0.21252,773.71065000,0
1506551170,22423099,0.21157,1000.00000000,0
1506551047,22422987,0.21157,353.60854564,0
1506550939,22422893,0.21120,52.17847800,1
1506550586,22422496,0.21261,739.13329571,0
1506550555,22422407,0.21277,11694.62771650,1
1506550553,22422406,0.21277,2385.43453170,0
1506550544,22422401,0.21277,114.56546830,0
1506550488,22422358,0.21206,721.58467100,1
1506550204,22421999,0.21277,56.26357100,0
1506550111,22421914,0.21141,66.00000000,1
1506550069,22421825,0.21280,501.56560150,0
1506550044,22421785,0.21283,1439.79945411,0
1506550042,22421778,0.21285,7278.19923914,1
1506550040,22421776,0.21285,15999.72700000,0
1506550040,22421775,0.21285,2500.00000000,0
1506550024,22421752,0.21320,9043.81909005,0
1506550024,22421750,0.21294,2500.00000000,1
1506550023,22421748,0.21293,2500.00000000,0
1506550018,22421743,0.21320,2007.99941649,0
1506550018,22421742,0.21319,731.75735000,0
1506550018,22421741,0.21300,100.00000000,0
1506550018,22421739,0.21294,2160.24323113,0
1506550018,22421738,0.21278,0.00000238,0
1506550000,22421714,0.21278,466.44964762,1
1506549992,22421706,0.21294,227.51857971,0
1506549988,22421704,0.21294,112.23818916,0
1506549856,22421528,0.21203,52.17847800,1
1506549690,22421308,0.21202,495.12000000,1
1506549675,22421280,0.21304,23.50488171,0
1506549621,22421187,0.21276,307.11500000,1
1506549616,22421184,0.21309,268.76683888,0
1506549613,22421181,0.21256,1110.95000000,0
1506549600,22421167,0.21202,170.99999000,1
1506549600,22421166,0.21202,100.00000000,1
1506549408,22420890,0.21309,2576.37613215,0
1506549391,22420864,0.21311,4116.24337947,1
1506549391,22420863,0.21311,10000.00000000,1
1506549391,22420862,0.21311,10000.00000000,1
1506549355,22420777,0.21320,31986.76437950,0
1506549355,22420776,0.21319,11485.40450000,0
1506549355,22420775,0.21318,2927.63393300,0
1506549355,22420774,0.21300,3600.19718750,0
1506549210,22420582,0.21174,5008.57587521,1
1506549124,22420512,0.21152,6474.00000000,1
1506548792,22420192,0.21297,447.85273393,0
1506548629,22420079,0.21300,0.00000485,1
1506548628,22420078,0.21300,1065.64858000,1
1506548614,22420070,0.21300,3150.09904000,1
1506548600,22420064,0.21300,4404.77481000,1
1506548574,22420034,0.21300,14104.22535211,1
1506548561,22420020,0.21300,173.00000000,1
1506548552,22420005,0.21300,13234.27100800,1
1506548488,22419976,0.21300,5552.79837000,1
1506548429,22419914,0.21300,962.24248000,1
1506548424,22419910,0.21300,617.13977000,1
1506548417,22419906,0.21300,800.00000000,1
1506548412,22419894,0.21300,201.00013600,1
1506548412,22419892,0.21300,8438.51395400,1
1506548406,22419876,0.21301,56.20017800,0
1506548405,22419869,0.21300,173.00000000,1
1506548402,22419857,0.21300,3449.95703300,1
1506548390,22419811,0.21300,2781.00000000,1
1506548388,22419787,0.21300,338.40727600,1
1506548366,22419725,0.21300,999.50100000,1
1506548363,22419720,0.21300,4035.89915000,1
1506548362,22419717,0.21370,17561.55549836,0
1506548361,22419716,0.21369,1881.88770000,1
1506548361,22419713,0.21369,2496.17982095,1
1506548360,22419712,0.21369,6067.59204601,0
1506548359,22419711,0.21369,3322.12295399,0
1506548359,22419710,0.21344,79.65971000,0
1506548359,22419709,0.21338,977.21733601,0
1506548359,22419708,0.21320,100.00000000,0
1506548359,22419707,0.21313,13521.00000000,0
1506548356,22419706,0.21300,10356.25299100,1
1506548350,22419696,0.21300,3750.00000000,1
1506548337,22419684,0.21300,3254.91063000,1
1506548332,22419683,0.21300,859.86600000,1
1506548329,22419682,0.21300,35081.20000000,1
1506548327,22419680,0.21300,2.04454000,1
1506548327,22419679,0.21301,2917.51546000,1
1506548317,22419673,0.21300,407.32543000,1
1506548316,22419672,0.21300,9333.26663000,1
1506548314,22419661,0.21300,588.11336500,1
1506548313,22419660,0.21300,40048.00000000,1
1506548313,22419657,0.21300,29674.83825300,1
1506548310,22419652,0.21300,91.20933000,1
1506548310,22419651,0.21301,4227.51000000,1
1506548309,22419650,0.21300,145.08278000,1
1506548307,22419647,0.21300,332.61220851,1
1506548307,22419645,0.21300,10000.00000000,1
1506548306,22419643,0.21300,10000.00000000,1
1506548306,22419642,0.21300,10000.00000000,1
1506548306,22419641,0.21300,10000.00000000,1
1506548306,22419640,0.21300,10000.00000000,1
1506548305,22419639,0.21300,10000.00000000,1
1506548305,22419638,0.21300,1757.57173710,1
1506548305,22419637,0.21300,1840.25561863,1
1506548305,22419636,0.21300,10000.00000000,1
1506548305,22419635,0.21300,10000.00000000,1
1506548304,22419634,0.21300,10000.00000000,1
1506548304,22419633,0.21300,10000.00000000,1
1506548304,22419631,0.21300,10000.00000000,1
1506548304,22419630,0.21300,10000.00000000,1
1506548303,22419626,0.21300,10000.00000000,1
1506548303,22419623,0.21300,10000.00000000,1
1506548302,22419621,0.21300,1754.35225353,1
1506548302,22419620,0.21300,2149.98446800,1
1506548301,22419616,0.21300,1751.14521127,1
1506548300,22419615,0.21300,21091.34439700,1
1506548299,22419614,0.21300,911.72100000,1
1506548298,22419612,0.21300,5077.75343000,1
1506548297,22419611,0.21300,1529.50000000,0
1506548297,22419610,0.21299,797.95284000,0
1506548297,22419609,0.21264,131.65810000,0
1506548297,22419608,0.21263,3989.76422000,0
1506548297,22419607,0.21263,5065.31504300,0
1506548297,22419606,0.21262,13745.48156000,0
1506548270,22419595,0.21120,257.29405034,1
1506548216,22419522,0.21116,16374.85337100,0
1506548216,22419521,0.21116,6436.73216000,0
1506548216,22419520,0.21116,6974.28408900,0
1506548216,22419519,0.21116,874.58473200,0
1506548214,22419518,0.21117,131.65810000,1
1506548214,22419517,0.21118,4646.11754800,1
1506548166,22419485,0.21264,643.51166737,1
1506548164,22419482,0.21213,46.48833263,0
1506548091,22419438,0.21213,23.51166737,0
1506548039,22419404,0.21138,553.57000000,1
1506547978,22419380,0.21127,0.00004700,0
1506547978,22419378,0.21127,5668.03630000,0
1506547880,22419332,0.21127,4331.96365300,0
1506547861,22419316,0.21129,3532.10233478,1
1506547767,22419242,0.21120,24.00000000,1
1506547613,22419129,0.21160,17838.00000000,0
1506547613,22419128,0.21159,4181.56800000,0
1506547571,22419115,0.21100,132.00000000,1
1506547555,22419106,0.21100,329.31214200,1
1506547403,22419001,0.21100,4599.00000000,1
1506547387,22418994,0.21100,900.60294000,1
1506547380,22418987,0.21101,4067.14682621,1
1506547379,22418985,0.21159,444.07509806,0
1506547377,22418982,0.21130,51.00000000,0
1506547362,22418969,0.21101,900.56801900,1
1506547360,22418968,0.21101,40.86103000,0
1506547357,22418965,0.21100,3569.18348500,1
1506547341,22418959,0.21101,3906.96049600,1
1506547340,22418958,0.21101,52.17847800,1
1506547327,22418948,0.21100,102133.29438845,1
1506547321,22418941,0.21100,2008.86900000,1
1506547304,22418924,0.21100,449.19700000,1
1506547301,22418917,0.21100,487.41800000,1
1506547300,22418916,0.21100,487.41800000,1
1506547286,22418901,0.21100,500.78352562,1
1506547284,22418897,0.21100,557.16911883,1
1506547275,22418890,0.21100,1306.35286000,1
1506547264,22418885,0.21100,4785.04962100,1
1506547224,22418869,0.21130,220.00000000,0
1506547215,22418865,0.21100,241.00000000,1
1506547180,22418857,0.21100,3863.49903134,1
1506547123,22418825,0.21159,4732.75403270,0
1506547086,22418794,0.21100,491.03375000,1
1506547074,22418779,0.21100,22334.26777400,1
1506547057,22418764,0.21100,4520.76209000,1
1506547048,22418762,0.21158,119.26025096,0
1506547046,22418761,0.21100,1526.75565800,1
1506547045,22418759,0.21158,31.90334317,0
1506547036,22418756,0.21158,100.00000000,0
1506546981,22418697,0.21100,5360.04436000,1
1506546964,22418679,0.21100,1210.14399338,1
1506546962,22418677,0.21100,182.50440600,1
1506546955,22418671,0.21101,3840.00000000,1
1506546940,22418648,0.21108,1238.33863937,0
1506546939,22418647,0.21107,132.12810000,0
1506546934,22418645,0.21100,5717.33338500,1
1506546932,22418642,0.21100,2293.52303400,1
1506546927,22418628,0.21100,2206.47696100,1
1506546922,22418613,0.21100,2206.47692817,1
1506546919,22418608,0.21100,4500.00000000,1
1506546917,22418606,0.21100,4495.50000000,1
1506546915,22418600,0.21100,1000.00000000,1
1506546896,22418594,0.21070,1320.05181000,0
1506546896,22418592,0.21069,1900.63310000,0
1506546882,22418579,0.21006,6667.00000000,1
1506546841,22418573,0.21006,500.00000000,1
1506546785,22418539,0.21006,4867.87190000,1
1506546783,22418538,0.21007,132.12810000,1
1506546759,22418524,0.21006,5000.00000000,1
1506546729,22418509,0.21006,5000.00000000,1
1506546704,22418492,0.21006,5000.00000000,1
1506546703,22418491,0.21068,634.93943421,0
1506546702,22418490,0.21067,75.26887700,0
1506546684,22418484,0.21006,3552.49129700,1
1506546676,22418482,0.21006,5000.00000000,1
1506546661,22418456,0.21006,1447.50870300,1
1506546659,22418454,0.21010,3552.49129700,1
1506546606,22418432,0.21068,56.81902300,0
1506546569,22418415,0.21010,5000.00000000,1
1506546559,22418400,0.21010,1000.00000000,1
1506546548,22418386,0.21010,16152.69542000,1
1506546535,22418358,0.21064,23.71107102,0
1506546531,22418349,0.21010,12862.27400000,1
1506546529,22418347,0.21010,5000.00000000,1
1506546526,22418341,0.21010,863.98608500,1
1506546525,22418339,0.21010,14719.51391500,1
1506546521,22418333,0.21010,25259.01528300,1
1506546515,22418326,0.21010,2790.02400000,1
1506546501,22418278,0.21006,16895.06900000,1
1506546500,22418274,0.21006,924.07000000,1
1506546500,22418272,0.21006,5000.00000000,1
1506546499,22418270,0.21006,924.07000000,1
1506546496,22418260,0.21006,924.07000000,1
1506546494,22418247,0.21006,14977.50000000,1
1506546494,22418245,0.21006,924.07000000,1
1506546494,22418236,0.21006,1537.90185000,1
1506546492,22418217,0.21006,1249.09255300,1
1506546492,22418215,0.21006,2092.51800000,1
1506546492,22418212,0.21006,10413.50400000,1
1506546491,22418209,0.21006,2357.51800000,1
1506546474,22418173,0.21006,4867.91210000,1
1506546472,22418172,0.21007,132.08790000,1
1506546448,22418157,0.21006,954.58967800,1
1506546438,22418155,0.21006,5000.00000000,1
1506546432,22418152,0.21006,99000.00000000,1
1506546430,22418151,0.21006,5000.00000000,1
1506546418,22418132,0.21006,610.49400000,1
1506546405,22418115,0.21006,7529.00000000,1
1506546400,22418112,0.21006,5000.00000000,1
1506546386,22418104,0.21006,32392.50539100,1
1506546370,22418095,0.21006,100000.00000000,1
1506546368,22418094,0.21006,3000.00000000,1
1506546360,22418091,0.21006,5000.00000000,1
1506546322,22418070,0.21006,5000.00000000,1
1506546303,22418019,0.21006,14730.80534700,1
1506546302,22418018,0.21088,85.15221927,0
1506546294,22418012,0.21006,5000.00000000,1
1506546290,22418004,0.21006,8998.49575200,1
1506546283,22417994,0.21006,20000.00000000,1
1506546278,22417973,0.21006,7607.01537000,1
1506546259,22417949,0.21006,52.04188500,1
1506546238,22417922,0.21006,492.73612014,1
1506546224,22417910,0.21006,5000.00000000,1
1506546195,22417891,0.21006,5000.00000000,1
1506546157,22417876,0.21063,4265.92294544,0
1506546155,22417875,0.21062,6849.37700000,0
1506546129,22417857,0.21000,10000.00000000,1
1506546114,22417851,0.21000,5000.00000000,1
1506546088,22417838,0.21079,269.73694198,0
1506546067,22417832,0.21079,2057.74443759,0
1506546065,22417830,0.21041,271.00000000,0
1506546047,22417816,0.21000,2913.72865400,1
1506546047,22417815,0.21001,1423.53341300,1
1506546042,22417811,0.21001,4337.26206700,1
1506546001,22417776,0.21000,295.69673000,1
1506545959,22417761,0.21002,90.52631579,1
1506545957,22417760,0.21002,5366.78806000,1
1506545956,22417759,0.21003,1686.79223000,1
1506545956,22417758,0.21023,79.65971000,1
1506545956,22417757,0.21050,75.00000000,1
1506545843,22417646,0.21192,430.37501623,0
1506545765,22417603,0.21176,951.53121458,0
1506545655,22417476,0.21100,7265.61396354,1
1506545600,22417400,0.21101,250.00000000,1
1506545510,22417338,0.21095,655.23977950,1
1506545498,22417331,0.21189,503.71966586,0
1506545434,22417252,0.21087,7573.80413120,0
1506545434,22417250,0.21087,10000.00000000,0
1506545434,22417248,0.21087,10000.00000000,0
1506545433,22417247,0.21087,10000.00000000,0
1506545433,22417246,0.21087,10000.00000000,0
1506545433,22417245,0.21087,10000.00000000,0
1506545432,22417244,0.21087,10000.00000000,0
1506545432,22417243,0.21087,10000.00000000,0
1506545432,22417242,0.21087,10000.00000000,0
1506545431,22417241,0.21087,10000.00000000,0
1506545431,22417238,0.21087,10000.00000000,0
1506545431,22417236,0.21087,10000.00000000,0
1506545431,22417235,0.21087,10000.00000000,0
1506545429,22417230,0.21087,182.24720000,0
1506545410,22417201,0.21087,4088.42088600,0
1506545410,22417200,0.21087,2465.28806000,0
1506545408,22417194,0.21087,5780.12478087,0
1506545408,22417193,0.21087,1230.91917839,0
1506545408,22417191,0.21087,502.88542704,0
1506545384,22417169,0.21087,502.26186750,0
1506545382,22417165,0.21087,4323.21830000,0
1506545356,22417141,0.21086,39.00000000,1
1506545343,22417125,0.21087,10000.00000000,0
1506545343,22417124,0.21087,10000.00000000,0
1506545340,22417123,0.21095,7507.22979900,1
1506545339,22417122,0.21096,843.60037000,1
1506545268,22417067,0.21197,3548.23654291,0
1506545229,22417005,0.21195,119.00000000,1
1506545202,22416963,0.21200,291.38778878,0
1506545056,22416852,0.21205,437.48205612,0
1506544815,22416534,0.21259,429.47335246,0
1506544804,22416518,0.21179,56.30326400,0
1506544700,22416294,0.21087,544.63062000,1
1506544696,22416272,0.21085,2217.25350300,1
1506544694,22416250,0.21085,1673.78503000,1
1506544694,22416247,0.21130,9389.49361097,1
1506544682,22416165,0.21192,165.19246125,0
1506544680,22416162,0.21150,55.19000000,0
1506544589,22416104,0.21131,2000.00000000,1
1506544550,22416042,0.21150,75.00000000,1
1506544470,22416002,0.21238,1409.03978717,0
1506544460,22415996,0.21188,352.00000000,0
1506544356,22415936,0.21236,2142.21992675,0
1506544346,22415928,0.21238,28.44327469,0
1506543993,22415590,0.21298,960.97863000,0
1506543821,22415438,0.21261,306.05892399,1
1506543821,22415437,0.21261,2559.99833700,0
1506543740,22415382,0.21130,52.31578900,1
1506543588,22415257,0.21230,1000.00000000,0
1506543304,22415013,0.21313,23.43405433,0
1506543262,22414995,0.21263,23.48915957,0
1506543259,22414992,0.21263,23.48915957,0
1506543255,22414988,0.21263,23.48915957,0
1506543212,22414940,0.21200,0.00000378,0
1506543187,22414878,0.21200,114.26660000,0
1506543141,22414820,0.21200,480.00000000,0
1506543140,22414817,0.21127,5400.00000000,1
1506543113,22414791,0.21200,3579.10377358,1
1506543103,22414785,0.21201,2931.00000000,1
1506543070,22414742,0.21266,436.07576700,0
1506543015,22414678,0.21274,23.47701420,0
1506543005,22414656,0.21274,56.27150500,0
1506542994,22414620,0.21202,3634.44300000,1
1506542981,22414600,0.21202,1670.78837500,1
1506542882,22414464,0.21327,23.41867117,0
1506542879,22414460,0.21203,3672.56966000,0
1506542879,22414459,0.21210,200.00000000,1
1506542878,22414457,0.21328,23.41757314,0
1506542842,22414412,0.21289,23.46047254,0
1506542840,22414408,0.21250,200.00000000,1
1506542809,22414359,0.21201,5126.74932063,1
1506542790,22414326,0.21206,556.43700000,0
1506542788,22414291,0.21204,6858.83153000,1
1506542783,22414277,0.21328,23.41757314,0
1506542774,22414265,0.21203,3875.69138700,1
1506542764,22414256,0.21333,23.37941218,0
1506542743,22414214,0.21337,23.40769555,0
1506542719,22414168,0.21335,23.40988985,1
1506542660,22414084,0.21179,51.90600500,1
1506542597,22413913,0.21338,23.40659856,0
1506542594,22413909,0.21150,260.00000000,1
1506542552,22413825,0.21340,23.40440487,0
1506542499,22413597,0.21300,904.00000000,1
1506542469,22413509,0.21339,1502.81619500,0
1506542399,22413347,0.21300,2000.00000000,1
1506542255,22413129,0.21308,400.00000000,0
1506542041,22412771,0.21317,23.42965708,1
1506542028,22412732,0.21136,27415.80491952,0
1506542028,22412731,0.21136,752.59200000,0
1506542028,22412730,0.21137,9433.50387000,0
1506542028,22412728,0.21137,8238.09921000,1
1506542026,22412724,0.21206,0.00000048,1
1506542004,22412696,0.21320,23.42636023,0
1506541998,22412685,0.21330,8478.38989014,1
1506541997,22412684,0.21330,643.08700000,1
1506541994,22412673,0.21309,819.29198000,0
1506541994,22412672,0.21308,2500.00000000,0
1506541978,22412648,0.21309,70.21723216,0
1506541908,22412621,0.21330,327.12780511,0
1506541860,22412566,0.21340,206.99312891,0
1506541859,22412565,0.21340,3575.67382200,0
1506541859,22412564,0.21339,2500.00000000,0
1506541716,22412225,0.21346,74.02084700,0
1506541623,22412043,0.21364,2500.00000000,0
1506541622,22412042,0.21347,2500.00000000,0
1506541538,22411850,0.21365,64.00000000,0
1506541532,22411838,0.21367,30000.00000000,0
1506541500,22411809,0.21382,23.35843233,0
1506541497,22411799,0.21215,199.99999961,1
1506541495,22411798,0.21300,0.00000039,1
1506541489,22411787,0.21300,9184.37350600,1
1506541482,22411773,0.21300,20000.00000000,0
1506541482,22411771,0.21299,2000.00000000,0
1506541482,22411770,0.21280,52546.72695381,0
1506541482,22411769,0.21279,8976.00800000,0
1506541450,22411690,0.21280,279.10232200,0
1506541278,22411401,0.21280,9247.82819600,0
1506541278,22411400,0.21279,116.97470000,0
1506541223,22411341,0.21279,46.88410600,0
1506541204,22411313,0.21277,56.26092700,0
1506541175,22411271,0.21280,7926.34252819,0
1506541175,22411268,0.21279,147.79963000,0
1506541173,22411259,0.21275,1302.16460000,0
1506541110,22411138,0.21279,5000.00000000,0
1506541110,22411137,0.21276,45.36050000,0
1506541110,22411136,0.21275,226.80250000,0
1506541110,22411135,0.21219,6000.00000000,0
1506541110,22411134,0.21218,1157.91970000,0
1506541038,22411027,0.21219,259.26560000,1
1506541032,22411009,0.21219,357.21440000,1
1506540955,22410831,0.21206,792.12243100,1
1506540955,22410830,0.21210,381.78522600,1
1506540954,22410829,0.21210,1726.21477400,1
1506540631,22410378,0.21278,249.60599027,0
1506540535,22410257,0.21279,1435.68776700,1
1506540509,22410231,0.21279,5591.12692600,1
1506540503,22410214,0.21279,1435.68776700,1
1506540500,22410212,0.21278,1537.49754000,0
1506540452,22410173,0.21279,257.82621364,0
1506540423,22410157,0.21211,800.00000000,1
1506540272,22409920,0.21278,42.06752495,0
1506540221,22409892,0.21210,239.21011990,1
1506540144,22409820,0.21206,51.90600500,1
1506540005,22409651,0.21206,600.00000000,1
1506539867,22409539,0.21206,8149.74729300,1
1506539865,22409537,0.21207,1444.02843600,1
1506539858,22409531,0.21206,5000.00000000,1
1506539826,22409517,0.21206,4999.99259200,1
1506539815,22409507,0.21206,983.00000000,1
1506539811,22409504,0.21206,5598.70645100,1
1506539765,22409454,0.21206,3529.01452300,1
1506539750,22409445,0.21200,600.00000000,0
1506539654,22409394,0.21206,898.53645195,0
1506539561,22409330,0.21119,4158.36758200,1
1506539551,22409322,0.21130,265.19255318,1
1506539549,22409320,0.21130,174.26405700,1
1506539549,22409319,0.21200,1529.50000000,1
1506539409,22409165,0.21265,10453.08333623,0
1506539409,22409163,0.21264,7128.35642267,0
1506539409,22409162,0.21263,301.47300000,0
1506539409,22409161,0.21263,1507.36499000,0
1506539408,22409160,0.21247,1203.17550000,0
1506539408,22409159,0.21246,2500.00000000,1
1506539406,22409157,0.21200,471.25565348,0
1506539404,22409155,0.21200,56.46792500,0
1506539398,22409119,0.21200,470.52179245,0
1506539335,22409067,0.21200,11.75462907,1
1506539294,22408996,0.21200,600.00000000,1
1506539289,22408992,0.21200,2637.23787200,1
1506539223,22408922,0.21200,500.16477962,1
1506539138,22408837,0.21200,247.45800000,1
1506539134,22408826,0.21200,0.48885931,1
1506539133,22408825,0.21202,0.00000500,1
1506539133,22408824,0.21216,697.80013569,1
1506539091,22408693,0.21281,541.66269800,1
1506539091,22408692,0.21281,7372.80676200,1
1506539088,22408691,0.21281,1190.37160000,1
1506539088,22408689,0.21280,2347.00000000,0
1506539088,22408688,0.21276,1859.31229000,0
1506539088,22408687,0.21274,10870.40400000,0
1506539072,22408676,0.21280,2000.00000000,0
1506539060,22408660,0.21250,500.00000000,0
1506539060,22408659,0.21249,2500.00000000,0
1506539055,22408646,0.21216,51.90600500,1
1506538877,22408396,0.21216,432.82187096,1
1506538877,22408393,0.21216,296.10985346,1
1506538855,22408350,0.21295,2342.11368866,0
1506538808,22408285,0.21285,56.23449800,0
1506538800,22408264,0.21216,217.99998985,1
1506538800,22408262,0.21250,0.00000015,1
1506538792,22408220,0.21290,46.85327800,0
1506538741,22408118,0.21298,210.76054090,0
1506538715,22408024,0.21299,1334.00000000,0
1506538715,22408023,0.21290,600.00000000,0
1506538696,22408006,0.21250,26459.91524700,1
1506538696,22408005,0.21251,1000.00000000,1
1506538666,22407941,0.21300,400.00000000,0
1506538627,22407851,0.21300,3420.40047328,0
1506538627,22407850,0.21298,15000.00000000,0
1506538531,22407704,0.21250,936.30174534,1
1506538518,22407681,0.21250,600.00000000,0
1506538469,22407577,0.21234,619.12658272,1
1506538411,22407438,0.21234,1545.60720000,1
1506538304,22407226,0.21231,5000.67865626,1
1506538299,22407222,0.21231,328.00000000,1
1506538286,22407197,0.21231,772.32046505,1
1506538259,22407155,0.21231,255.00000000,1
1506538205,22407025,0.21231,255.00000000,1
1506538199,22407006,0.21231,1545.60720000,1
1506538185,22406994,0.21250,892.01149676,1
1506538172,22406982,0.21250,2355.00000000,0
1506538172,22406981,0.21249,47.10850324,0
1506538149,22406929,0.21216,1695.82931000,0
1506537809,22406431,0.21273,2500.00000000,1
1506537808,22406430,0.21273,2500.00000000,0
1506537794,22406407,0.21276,182.00000000,0
1506537754,22406367,0.21290,1994.44970000,1
1506537752,22406366,0.21290,4710.00000000,0
1506537752,22406365,0.21289,795.55030000,0
1506537752,22406364,0.21284,2500.00000000,0
1506537738,22406348,0.21202,647.17066000,1
1506537730,22406332,0.21202,47.10630000,0
1506537724,22406328,0.21201,47.10850000,1
1506537698,22406304,0.21200,1002.89586000,1
1506537685,22406282,0.21172,658.66470000,1
1506537677,22406261,0.21284,515.08376004,0
1506537664,22406243,0.21172,131.33530000,0
1506537632,22406209,0.21172,0.00000324,1
1506537632,22406208,0.21172,156.67689676,1
1506537619,22406197,0.21171,131.31070000,1
1506537603,22406183,0.21293,56.22129300,0
1506537601,22406175,0.21168,44.89022588,1
1506537600,22406174,0.21250,0.00000412,1
1506537565,22406147,0.21250,996.93849000,1
1506537554,22406139,0.21250,4003.06150588,0
1506537414,22406012,0.21250,425.28969412,0
1506537403,22405984,0.21250,281.64880000,0
1506537366,22405954,0.21289,85.82284189,0
1506537334,22405888,0.21250,1247.86400000,0
1506537333,22405884,0.21239,4914.01492000,0
1506537316,22405861,0.21244,1121.99990345,0
1506537299,22405831,0.21250,1502.12701176,0
1506537220,22405659,0.21298,694.75915582,0
1506537220,22405657,0.21298,1742.01040000,1
1506537220,22405653,0.21297,130.82700000,1
1506537218,22405650,0.21293,1869.17050000,0
1506537190,22405551,0.21176,2934.15668400,1
1506537151,22405460,0.21334,5169.94172000,0
1506537151,22405459,0.21327,1715.97948000,0
1506537151,22405458,0.21300,1529.00000000,0
1506537151,22405457,0.21299,1585.07880000,0
1506537064,22405384,0.21284,385.77298000,1
1506537041,22405340,0.21200,202.55919210,0
1506537011,22405284,0.21174,3261.60771000,1
1506536997,22405248,0.21170,5016.39536000,1
1506536984,22405223,0.21165,1065.12362000,1
1506536976,22405200,0.21200,38.62655660,0
1506536954,22405150,0.21157,8.16475382,1
1506536953,22405149,0.21200,1190.93844518,1
1506536945,22405131,0.21200,403.45928000,1
1506536943,22405120,0.21200,4720.00000000,1
1506536934,22405112,0.21200,1434.44962400,1
1506536889,22405036,0.21146,130.82700000,0
1506536866,22404998,0.21137,623.41925217,1
1506536866,22404995,0.21146,130.82700000,1
1506536835,22404949,0.21200,261.10584905,0
1506536835,22404947,0.21200,891.67254718,0
1506536831,22404936,0.21200,352.89132075,0
1506536828,22404931,0.21200,1492.00000000,0
1506536813,22404908,0.21137,96.54072000,1
1506536749,22404772,0.21200,1252.00000000,0
1506536737,22404744,0.21200,9410.43613207,0
1506536735,22404740,0.21192,0.00000125,0
1506536708,22404678,0.21130,719.96000000,0
1506536540,22404355,0.21050,53.01333300,1
1506536528,22404292,0.21116,173.10976838,0
1506536496,22404185,0.21192,708.12087875,1
1506536489,22404160,0.21194,8076.63113000,1
1506536372,22403796,0.21234,4785.77000000,1
1506536338,22403663,0.21228,136.93271000,1
1506536337,22403657,0.21200,2744.00000000,0
1506536335,22403643,0.21192,42.70874123,0
1506536334,22403641,0.21220,113.90010000,1
1506536334,22403640,0.21220,113.90010000,1
1506536334,22403638,0.21221,113.90010000,1
1506536334,22403636,0.21221,113.90010000,1
1506536334,22403634,0.21221,113.90010000,1
1506536334,22403633,0.21221,113.90010000,1
1506536334,22403631,0.21221,113.90010000,1
1506536334,22403628,0.21225,113.90010000,1
1506536333,22403627,0.21225,113.90010000,1
1506536333,22403625,0.21225,113.90010000,1
1506536333,22403623,0.21226,113.90010000,1
1506536333,22403621,0.21227,113.90010000,1
1506536333,22403619,0.21227,113.90010000,1
1506536333,22403617,0.21227,113.90010000,1
1506536332,22403615,0.21227,113.90010000,1
1506536332,22403613,0.21227,113.90010000,1
1506536332,22403611,0.21227,113.90010000,1
1506536332,22403609,0.21385,22091.55326001,0
1506536332,22403608,0.21380,600.00000000,0
1506536332,22403607,0.21360,600.00000000,0
1506536332,22403605,0.21350,250.00000000,0
1506536331,22403604,0.21344,79.01412000,0
1506536331,22403602,0.21340,600.00000000,0
1506536331,22403600,0.21339,479.88727000,0
1506536331,22403597,0.21320,600.00000000,0
1506536331,22403595,0.21320,85.03600000,0
1506536331,22403594,0.21320,41.06614216,0
1506536331,22403593,0.21320,200.00000000,0
1506536331,22403592,0.21310,25.00000000,0
1506536330,22403590,0.21300,600.00000000,0
1506536330,22403588,0.21270,10000.00000000,0
1506536330,22403586,0.21269,2399.43633000,0
1506536330,22403584,0.21267,1234.35935000,0
1506536330,22403582,0.21250,337.31062492,0
1506536324,22403555,0.21232,306.55535000,1
1506536314,22403503,0.21231,2155.00000000,1
1506536312,22403493,0.21228,8316.40908748,0
1506536312,22403492,0.21228,5000.00000000,0
1506536312,22403489,0.21228,113.90010000,1
1506536312,22403488,0.21228,113.90010000,1
1506536312,22403486,0.21228,113.90010000,1
1506536311,22403485,0.21228,113.90010000,1
1506536311,22403483,0.21228,113.90010000,1
1506536311,22403481,0.21228,113.90010000,1
1506536311,22403480,0.21228,113.90010000,1
1506536311,22403477,0.21229,6117.93700000,1
1506536311,22403476,0.21231,2155.46388600,1
1506536310,22403467,0.21231,5000.00000000,1
1506536298,22403407,0.21230,410.37726000,1
1506536285,22403335,0.21229,101.00000000,1
1506536285,22403333,0.21229,113.90010000,1
1506536275,22403269,0.21250,662.68937508,0
1506536275,22403268,0.21250,923.84752392,0
1506536275,22403267,0.21219,0.00002000,0
1506536274,22403265,0.21219,113.90010000,0
1506536273,22403249,0.21212,25.00000000,1
1506536265,22403197,0.21210,25.00000000,0
1506536259,22403168,0.21157,829.84838000,1
1506536255,22403152,0.21200,400.00000000,0
1506536255,22403151,0.21200,1019.56091674,0
1506536250,22403127,0.21200,500.00000000,0
1506536248,22403106,0.21149,324.28972000,1
1506536230,22403011,0.21200,11889.16420400,0
1506536220,22402934,0.21136,771.03881000,1
1506536218,22402926,0.21200,1919.56091700,0
1506536208,22402855,0.21132,195.88639000,1
1506536167,22402565,0.21121,27.34091000,1
1506536155,22402484,0.21117,273.15779504,1
1506536154,22402470,0.21116,27.34091000,1
1506536143,22402393,0.21200,4065.71396226,0
1506536142,22402387,0.21110,25.00000000,0
1506536140,22402376,0.21109,27.34091000,1
1506536127,22402313,0.21102,27.34091000,1
1506536114,22402253,0.21094,27.34091000,1
1506536105,22402201,0.21087,67.24409000,0
1506536016,22401637,0.21074,789.25448998,0
1506536015,22401633,0.21023,81.52241000,0
1506536015,22401630,0.21010,0.00000002,0
1506535984,22401397,0.21010,13357.42708600,0
1506535974,22401348,0.21000,10020.76327854,0
1506535974,22401346,0.21000,1000.00000000,0
1506535974,22401345,0.21000,5203.12450146,0
1506535972,22401334,0.21000,4996.36458700,0
1506535970,22401319,0.21000,2346.74871429,0
1506535956,22401221,0.21000,196.87236100,0
1506535949,22401168,0.21000,100.16126482,0
1506535949,22401167,0.20999,49.83873518,0
1506535949,22401158,0.20999,4786.56126482,1
1506535946,22401130,0.21000,2156.72857143,0
1506535944,22401111,0.20945,6031.53079821,1
1506535943,22401105,0.20999,937.72811000,0
1506535877,22400822,0.20944,1164.95940000,0
1506535862,22400739,0.20940,17025.18003348,0
1506535849,22400704,0.20939,1240.69466000,1
1506535836,22400660,0.20939,1240.69466000,1
1506535831,22400645,0.20939,1440.27066000,0
1506535831,22400644,0.20939,1440.27066000,0
1506535803,22400569,0.20939,57.17178500,0
1506535666,22400430,0.20927,317.86548478,0
1506535649,22400417,0.20931,742.98173480,0
1506535649,22400416,0.20929,1665.36654000,1
1506535649,22400415,0.20929,1171.88220000,1
1506535647,22400414,0.20891,1196.05800000,0
1506535597,22400380,0.20803,4000.00000000,0
1506535578,22400367,0.20925,2832.82895514,0
1506535576,22400362,0.20804,47.03886972,1
1506535559,22400343,0.20802,1531.36703000,1
1506535548,22400335,0.20801,4000.00000000,1
1506535533,22400331,0.20801,79.19682300,1
1506535530,22400329,0.20800,27927.12289059,0
1506535530,22400328,0.20798,7868.66161000,0
1506535522,22400326,0.20798,25.00000000,0
1506535499,22400311,0.20800,2825.35736549,0
1506535490,22400290,0.20730,648.16847102,0
1506535490,22400289,0.20730,11764.70588300,0
1506535489,22400288,0.20730,2945.62745900,0
1506535488,22400287,0.20730,6715.50495000,1
1506535488,22400286,0.20774,2945.64795800,1
1506535460,22400267,0.20733,53.58490600,1
1506535437,22400258,0.20763,709.00000000,1
1506535437,22400257,0.20764,218.00000000,1
1506535420,22400247,0.20700,4470.58660300,0
1506535420,22400245,0.20690,218.00000000,0
1506535419,22400243,0.20700,3027.36724900,0
1506535418,22400241,0.20700,600.00000000,1
1506535418,22400240,0.20708,81.52241000,1
1506535418,22400239,0.20710,25.00000000,1
1506535418,22400238,0.20720,600.00000000,1
1506535418,22400237,0.20724,3027.52373800,1
1506535390,22400207,0.20725,955.96542800,1
1506535344,22400176,0.20732,250.00000000,1
1506535201,22400060,0.20730,576.62819000,1
1506535193,22400055,0.20799,1401.92166525,0
1506535190,22400045,0.20730,1029.28360000,1
1506535159,22400003,0.20730,1000.00000000,1
1506535157,22400001,0.20798,66.00000000,0
1506535060,22399939,0.20730,113.89686000,0
1506535036,22399925,0.20720,85.03600000,1
1506535035,22399924,0.20720,30.00000000,1
1506535003,22399881,0.20720,41.06614216,1
1506535003,22399880,0.20730,113.89685784,1
1506534991,22399870,0.20730,0.00000216,0
1506534860,22399758,0.20730,673.13691784,1
1506534848,22399753,0.20730,14535.98196216,1
1506534847,22399752,0.20731,270.00000000,1
1506534834,22399738,0.20730,917.56605000,1
1506534820,22399729,0.20730,2433.31507000,1
1506534807,22399725,0.20731,314.17392000,1
1506534794,22399704,0.20731,1685.82608000,1
1506534522,22399486,0.20750,10252.52941400,0
1506534458,22399407,0.20750,117.99740000,0
1506534458,22399406,0.20740,182.00260000,0
1506534322,22399313,0.20740,600.00000000,1
1506534322,22399312,0.20750,5633.75331000,1
1506534322,22399311,0.20760,600.00000000,1
1506534322,22399310,0.20792,67.24409000,1
1506534171,22399262,0.20800,185.00000000,0
1506534145,22399240,0.20800,700.00000000,0
1506534137,22399238,0.20800,2361.88375000,0
1506534120,22399220,0.20800,143.87019200,0
1506534115,22399219,0.20800,258.79807692,0
1506534022,22399092,0.20800,7145.18075000,1
1506534022,22399091,0.20800,2500.00000000,1
1506534022,22399090,0.20810,25.00000000,1
1506534022,22399087,0.20850,5927.78697500,1
1506534014,22399078,0.20850,1786.10509500,1
1506534012,22399076,0.20850,350.00000000,1
1506534003,22399070,0.20861,57.37180100,0
1506533976,22399059,0.20879,950.00000000,0
1506533943,22399032,0.20824,1611.07372210,1
1506533763,22398904,0.20850,538.98824940,0
1506533689,22398844,0.20824,446.62932200,1
1506533660,22398836,0.20892,759.52553762,0
1506533660,22398835,0.20824,435.56722938,0
1506533589,22398802,0.20824,1351.70115262,1
1506533575,22398791,0.20824,87.42405000,1
1506533435,22398681,0.20881,863.02320799,0
1506533396,22398654,0.20887,439.36692680,0
1506533291,22398625,0.20824,2983.97289400,1
1506533207,22398550,0.20890,304.84757621,1
1506533154,22398519,0.20824,159.55896000,1
1506533152,22398518,0.20824,417.34294338,1
1506533152,22398517,0.20825,4964.68781262,1
1506532940,22398362,0.20825,53.15508000,1
1506532845,22398285,0.20827,0.00000230,0
1506532844,22398281,0.20827,3249.90084000,0
1506532824,22398274,0.20874,1620.68000000,0
1506532821,22398270,0.20874,1555.49000000,0
1506532821,22398269,0.20853,211.00000000,0
1506532811,22398260,0.20853,423.00000000,0
1506532723,22398194,0.20838,112.50000000,1
1506532704,22398177,0.20874,477.29556400,0
1506532626,22398145,0.20875,281.03880239,0
1506532622,22398137,0.20826,2393.00000000,1
1506532584,22398092,0.20875,57.27521878,0
1506532584,22398090,0.20875,2356.88687642,0
1506532568,22398080,0.20875,338.53527890,0
1506532562,22398065,0.20875,338.53527890,0
1506532559,22398060,0.20875,657.07880239,0
1506532559,22398059,0.20875,2097.29851242,0
1506532527,22398042,0.20875,800.00000000,0
1506532492,22398015,0.20875,3412.00000000,1
1506532456,22397996,0.20899,536.79956672,1
1506532450,22397992,0.20899,951.65000000,1
1506532442,22397986,0.20899,1862.05448000,1
1506532429,22397982,0.20899,2212.34196000,1
1506532416,22397976,0.20899,2628.52510000,1
1506532403,22397973,0.20899,3123.00012000,1
1506532390,22397964,0.20899,3628.87224000,1
1506532384,22397963,0.20899,3834.23581600,0
1506532379,22397959,0.20899,477.29556400,0
1506532254,22397898,0.20900,388.63782000,1
1506532204,22397881,0.20900,57.27846900,0
1506532173,22397870,0.20900,2154.53059700,0
1506532170,22397869,0.20900,732.01339200,0
1506532083,22397794,0.20900,3736.86654280,0
1506532080,22397785,0.20900,6515.07624178,0
1506532077,22397781,0.20900,1000.00000000,0
1506532076,22397779,0.20900,3769.39616316,0
1506532075,22397778,0.20900,2494.00957273,0
1506532075,22397777,0.20900,8426.23940627,0
1506532073,22397774,0.20900,6515.07624178,0
1506532070,22397764,0.20900,6515.07624178,0
1506532064,22397761,0.20900,491.65338000,1
1506532033,22397746,0.20928,611.99357400,1
1506531940,22397701,0.20928,368.61806800,1
1506531913,22397657,0.20987,1378.36184305,0
1506531874,22397623,0.20987,792.78558779,0
1506531859,22397603,0.20928,53.29758700,1
1506531851,22397595,0.20987,1005.57868407,0
1506531846,22397588,0.20990,942.18140422,1
1506531846,22397587,0.20990,5191.69763053,0
1506531845,22397586,0.20990,945.24836947,0
1506531845,22397584,0.20928,5381.00000000,1
1506531784,22397533,0.20997,1610.49011764,0
1506531746,22397497,0.20997,237.53540982,0
1506531689,22397474,0.20937,1138.56029992,0
1506531689,22397472,0.20933,0.00009555,0
1506531685,22397468,0.20933,633.99990445,0
1506531602,22397406,0.20937,4821.41259966,1
1506531554,22397369,0.20982,337.54141645,0
1506531531,22397348,0.20937,178.58740034,1
1506531457,22397309,0.20992,1691.05449283,1
1506531454,22397303,0.20992,3326.36302000,0
1506531454,22397301,0.20991,1497.65874286,0
1506531454,22397298,0.20991,3424.15467797,0
1506531453,22397296,0.20991,665.68183117,0
1506531369,22397248,0.20997,55.00000000,0
1506531278,22397223,0.20997,285.04248226,0
1506531266,22397219,0.20935,300.00000000,1
1506531181,22397156,0.20928,3585.09077100,1
1506531035,22397111,0.20979,3399.67086134,0
1506530835,22397037,0.20950,3852.38383947,1
1506530805,22397030,0.20950,535.95500000,1
1506530763,22396983,0.20950,1600.00000000,1
1506530762,22396981,0.20950,2608.00000000,1
1506530700,22396911,0.20950,3989.21300000,1
1506530699,22396909,0.20950,1484.88664000,1
1506530696,22396908,0.20950,173.00000000,1
1506530694,22396906,0.20950,8282.08479700,1
1506530691,22396903,0.20950,173.00000000,1
1506530688,22396894,0.20950,2098.59426900,1
1506530683,22396892,0.20950,2479.36127600,1
1506530678,22396886,0.20950,985.65374800,1
1506530666,22396877,0.20999,237.51278632,0
1506530643,22396851,0.20998,2559.52632216,0
1506530560,22396742,0.21000,8040.43127800,1
1506530540,22396727,0.20960,557.91200000,1
1506530518,22396705,0.21073,378.68594884,0
1506530497,22396673,0.21000,204.96003300,1
1506530487,22396660,0.21000,2152.65600400,1
1506530487,22396659,0.21000,8113.89735700,1
1506530463,22396641,0.21082,2129.19931695,0
1506530459,22396638,0.21083,2360.16226343,0
1506530423,22396617,0.21059,532.77860000,1
1506530421,22396615,0.21042,868.22140000,0
1506530403,22396601,0.21042,56.77860000,0
1506530367,22396575,0.21000,55.00000000,1
1506530345,22396556,0.21000,2441.41670499,1
1506530316,22396528,0.21059,55.00000000,0
1506530315,22396525,0.21062,55.00000000,1
1506530310,22396521,0.21064,54.43483258,1
1506530308,22396518,0.21010,0.56516742,0
1506530287,22396481,0.21000,5766.74329501,1
1506530270,22396436,0.21010,1130.33483258,0
1506530252,22396423,0.20960,2270.84459000,1
1506530252,22396422,0.20961,10057.93917000,0
1506530250,22396419,0.20980,14265.00000000,1
1506530249,22396418,0.20980,2608.00000000,1
1506530247,22396417,0.20980,173.00000000,1
1506530244,22396414,0.20980,2781.00000000,1
1506530244,22396413,0.20980,173.00000000,1
1506530239,22396408,0.20981,2597.00000000,1
1506530236,22396403,0.20981,173.00000000,1
1506530233,22396401,0.20981,2608.00000000,0
1506530231,22396398,0.20981,173.00000000,1
1506530156,22396372,0.21000,8208.16000000,1
1506530035,22396300,0.21087,1137.00000000,0
1506530010,22396276,0.21086,34.84780000,1
1506530009,22396275,0.21087,70.95646607,0
1506529982,22396250,0.21086,4965.15220000,1
1506529982,22396249,0.21088,5208.08280000,1
1506529913,22396199,0.21089,1085.99000000,0
1506529886,22396179,0.21089,216.95505200,0
1506529879,22396176,0.21089,4434.28140500,0
1506529876,22396173,0.21089,414.66700000,0
1506529874,22396169,0.21089,495.14500000,0
1506529874,22396168,0.21089,7618.71110300,0
1506529868,22396137,0.21088,1509.54372000,1
1506529860,22396131,0.21089,23614.30129451,0
1506529855,22396129,0.21088,1793.51730000,1
1506529842,22396115,0.21088,2130.91164000,1
1506529836,22396113,0.21089,1964.64941000,0
1506529829,22396109,0.21088,3118.40727000,1
1506529827,22396108,0.21088,3121.13000000,1
1506529827,22396107,0.21088,3118.40727000,0
1506529753,22396052,0.21089,2706.36000000,0
1506529750,22396046,0.21089,273.46165000,0
1506529750,22396045,0.21088,3705.03835000,0
1506529749,22396041,0.21089,318.05100000,0
1506529746,22396035,0.21088,3978.31000000,0
1506529739,22396026,0.21007,5000.00000000,1
1506529727,22396020,0.21086,1609.84663216,1
1506529725,22396019,0.21087,2889.31742700,1
1506529625,22395912,0.21086,1607.53958345,0
1506529620,22395903,0.21200,278.67924528,1
1506529620,22395902,0.21200,8113.78117127,1
1506529620,22395900,0.21200,7703.13903300,1
1506529620,22395899,0.21200,2402.78198800,1
1506529619,22395896,0.21200,460.50343500,1
1506529619,22395894,0.21201,2402.78620700,1
1506529619,22395892,0.21201,7703.13903300,1
1506529579,22395852,0.21200,4677.69469900,1
1506529576,22395848,0.21200,431.00000000,0
1506529576,22395847,0.21200,4300.58889967,0
1506529562,22395830,0.21200,0.00000033,1
1506529561,22395828,0.21200,4300.58889600,1
1506529536,22395818,0.21075,2040.48549300,1
1506529536,22395816,0.21076,2959.51450700,1
1506529517,22395798,0.21215,1321.70562500,1
1506529472,22395780,0.21215,1000.00000000,1
1506529446,22395764,0.21215,2848.17559000,1
1506529339,22395691,0.21029,52.87234000,1
1506529244,22395617,0.21001,1887.52569800,1
1506529244,22395616,0.21085,10331.44825000,1
1506529244,22395615,0.21086,10502.88455000,1
1506529243,22395614,0.21087,2987.14150200,1
1506529227,22395585,0.21250,1509.45218823,0
1506529227,22395584,0.21240,224.03203000,0
1506529227,22395583,0.21240,1120.16014000,0
1506529225,22395582,0.21160,925.00000000,0
1506529210,22395572,0.21078,4000.00000000,1
1506529158,22395540,0.21250,2566.70028785,0
1506529157,22395531,0.21248,14295.05072000,1
1506529157,22395522,0.21210,25.00000000,0
1506529157,22395507,0.21200,258.00000000,0
1506529157,22395503,0.21200,508.58383000,1
1506529156,22395497,0.21195,2542.91914000,1
1506529156,22395496,0.21146,389.83011820,0
1506529154,22395494,0.21134,4712.07898342,0
1506529117,22395485,0.21133,105.41529782,0
1506529115,22395481,0.21099,0.00000046,0
1506529044,22395422,0.21099,24489.25608700,0
1506529044,22395421,0.21098,3069.00000000,0
1506528973,22395377,0.21009,3040.98600000,1
1506528973,22395376,0.21010,11959.01400000,1
1506528954,22395362,0.21098,3108.32942152,1
1506528952,22395361,0.21098,1188.89281848,1
1506528946,22395356,0.21097,3932.91820000,0
1506528938,22395347,0.21000,2303.83191253,0
1506528937,22395345,0.21000,3079.60542300,0
1506528937,22395342,0.21000,1645.93333600,1
1506528931,22395335,0.21059,1976.00000000,1
1506528930,22395333,0.21000,8218.26349001,0
1506528930,22395332,0.21000,5609.95928184,1
1506528929,22395331,0.21037,7224.99994411,1
1506528929,22395330,0.21040,3648.17591204,1
1506528929,22395329,0.21048,3650.00000000,1
1506528929,22395328,0.21048,3650.00000000,1
1506528929,22395327,0.21048,3650.00000000,1
1506528929,22395326,0.21049,3650.00000000,1
1506528929,22395325,0.21049,1513.99863600,1
1506528929,22395324,0.21057,3252.60273600,1
1506528862,22395269,0.21130,99.83476361,0
1506528862,22395268,0.21123,270.00100000,0
1506528846,22395252,0.21049,2136.00136400,1
1506528846,22395251,0.21050,3650.00000000,1
1506528846,22395250,0.21050,3650.00000000,1
1506528846,22395249,0.21050,3650.00000000,1
1506528846,22395246,0.21050,3650.00000000,1
1506528846,22395245,0.21054,3650.00000000,1
1506528845,22395244,0.21054,3650.00000000,1
1506528845,22395243,0.21055,3545.15863600,1
1506528835,22395227,0.21040,3650.00000000,0
1506528821,22395210,0.21050,2820.00000000,0
1506528820,22395209,0.21050,270.00000000,1
1506528718,22395122,0.21128,226.62007762,0
1506528684,22395066,0.21009,3502.58061300,1
1506528684,22395065,0.21033,3722.41938700,0
1506528625,22395039,0.21128,6667.07359902,0
1506528604,22395024,0.21133,56.64695000,0
1506528570,22394943,0.21008,458.49584950,1
1506528533,22394838,0.21025,1577.25580232,1
1506528533,22394837,0.21026,3864.16140400,1
1506528533,22394834,0.21080,0.00004168,1
1506528489,22394774,0.21120,277.70109900,0
1506528434,22394694,0.21120,37.00000000,0
1506528350,22394655,0.21120,363.76987800,1
1506528345,22394652,0.21120,389.83012200,1
1506528344,22394651,0.21120,4836.40000000,0
1506528311,22394626,0.21080,1064.35313890,1
1506528307,22394621,0.21080,1148.68681942,1
1506528296,22394617,0.21080,1588.96000000,1
1506528278,22394606,0.21011,254.86600000,1
1506528268,22394604,0.21011,970.68500000,1
1506528260,22394602,0.21009,53.15508000,1
1506528259,22394601,0.21008,2586.87472500,1
1506528250,22394593,0.21150,1711.31542539,0
1506528250,22394592,0.21146,3029.90743000,0
1506528250,22394591,0.21144,4499.02823300,0
1506528248,22394590,0.21087,66.76154000,0
1506528220,22394567,0.21000,5426.20815016,0
1506528214,22394538,0.21000,2586.87472500,0
1506528182,22394499,0.21004,8139.17490580,1
1506528181,22394498,0.21000,311.17063720,0
1506528181,22394497,0.20999,3599.89002000,0
1506528144,22394463,0.20910,1752.79942828,1
1506528144,22394462,0.20913,3998.26619700,1
1506528144,22394461,0.20914,1019.85774000,1
1506528127,22394448,0.20992,1000.00000000,1
1506528006,22394354,0.20911,925.00000000,1
1506527967,22394329,0.20900,1508.26709168,0
1506527966,22394328,0.20900,4101.15411660,1
1506527966,22394327,0.20902,993.06584070,1
1506527966,22394326,0.20906,6468.98100000,1
1506527965,22394325,0.20907,4092.84479300,1
1506527954,22394314,0.20908,2380.68715802,0
1506527823,22394225,0.20947,800.15500000,1
1506527816,22394221,0.20947,207.90567000,0
1506527759,22394073,0.20900,538.20400000,1
1506527758,22394063,0.20900,841.30600000,1
1506527756,22394051,0.20900,1612.26316300,1
1506527756,22394050,0.20900,2338.86700000,1
1506527742,22394008,0.20900,2633.92900000,1
1506527739,22394003,0.20900,2846.89700000,1
1506527738,22394002,0.20900,143.44613000,1
1506527716,22393986,0.20900,1079.60000000,0
1506527715,22393985,0.20900,262.68845353,0
1506527636,22393897,0.20900,356.06971625,0
1506527636,22393896,0.20899,143.93028375,0
1506527621,22393877,0.20900,28.63650718,0
1506527541,22393813,0.20900,1193.20139700,0
1506527540,22393811,0.20880,916.47052195,0
1506527517,22393787,0.20880,2420.21607400,0
1506527493,22393770,0.20880,11711.50980800,0
1506527493,22393769,0.20880,1840.59607400,0
1506527493,22393768,0.20879,5177.28267000,1
1506527492,22393767,0.20880,931.96783800,0
1506527492,22393765,0.20879,5177.28267000,0
1506527451,22393728,0.20880,55.00000000,0
1506527436,22393700,0.20890,679.23968405,0
1506527434,22393699,0.20889,132.52370000,0
1506527424,22393695,0.20833,47.66240000,1
1506527408,22393687,0.20900,177.88414100,0
1506527407,22393686,0.20890,1002.00000000,0
1506527399,22393674,0.20832,7857.08823600,1
1506527399,22393673,0.20833,4464.91176400,1
1506527340,22393603,0.20820,544.40249268,0
1506527340,22393602,0.20820,17651.77170600,0
1506527340,22393601,0.20820,4561.70523500,0
1506527338,22393599,0.20820,4560.99922400,1
1506527338,22393598,0.20820,100.00000000,1
1506527338,22393597,0.20821,132.52370000,1
1506527338,22393596,0.20821,14375.61058000,1
1506527338,22393595,0.20850,30.00000000,1
1506527245,22393523,0.20891,453.32076014,0
1506527208,22393481,0.20900,7981.51978504,0
1506527208,22393480,0.20899,3156.02065000,0
1506527208,22393479,0.20898,8488.53301000,0
1506527183,22393430,0.20897,103.84320000,0
1506527038,22393263,0.20908,116.00000000,0
1506527027,22393250,0.20900,1705.59735470,1
1506527025,22393245,0.20909,104.18216213,0
1506527021,22393243,0.20900,3462.44803000,1
1506527019,22393241,0.20900,25493.05764997,1
1506527006,22393213,0.20900,9457.86563981,1
1506527006,22393212,0.20900,3648.04167000,1
1506527006,22393210,0.20900,24713.65762800,1
1506527000,22393196,0.20932,1296.76265426,1
1506527000,22393193,0.20932,577.97746694,1
1506526994,22393187,0.20900,1289.14769201,1
1506526994,22393185,0.20900,4224.22436000,1
1506526993,22393177,0.20900,388.44681000,1
1506526992,22393175,0.20900,1287.98531101,1
1506526989,22393164,0.20900,2930.78767777,1
1506526987,22393160,0.20900,2266.21856700,1
1506526983,22393157,0.20900,1251.56299400,1
1506526971,22393133,0.20900,1150.45224100,1
1506526952,22393108,0.20900,5000.00000000,1
1506526938,22393095,0.20900,10000.00000000,1
1506526935,22393094,0.20900,1000.89151400,1
1506526928,22393087,0.20900,2620.00000000,1
1506526922,22393067,0.20900,5021.64309600,1
1506526920,22393065,0.20900,1280.80223200,1
1506526919,22393059,0.20900,10493.95118000,1
1506526919,22393058,0.20901,4000.00000000,1
1506526919,22393057,0.20901,4748.76917000,1
1506526914,22393047,0.20901,2488.15810000,1
1506526911,22393039,0.20901,912.82000000,1
1506526903,22393010,0.20901,1070.25241600,1
1506526899,22393002,0.20901,168.01555800,1
1506526899,22393001,0.20921,0.70000000,1
1506526868,22392943,0.20880,1000.00000000,0
1506526846,22392893,0.20850,807.28351291,1
1506526825,22392829,0.20917,3649.58000000,0
1506526824,22392823,0.20850,0.88405798,0
1506526820,22392810,0.20850,1768.11594202,0
1506526807,22392770,0.20802,250.31254000,1
1506526805,22392764,0.20920,57.20183500,0
1506526801,22392755,0.20780,600.00000000,1
1506526801,22392754,0.20792,66.76154000,1
1506526801,22392749,0.20800,600.00000000,1
1506526800,22392747,0.20802,4614.44672700,1
1506526800,22392745,0.20810,25.00000000,1
1506526791,22392738,0.20822,2760.83191051,1
1506526791,22392737,0.20852,1025.90473449,1
1506526790,22392734,0.20820,4836.40000000,1
1506526790,22392733,0.20820,600.00000000,1
1506526789,22392732,0.20821,4432.73641900,1
1506526789,22392731,0.20840,53.19331600,1
1506526774,22392689,0.20840,546.80668400,1
1506526773,22392688,0.20860,600.00000000,1
1506526773,22392687,0.20880,600.00000000,1
1506526773,22392686,0.20900,350.00000000,1
1506526765,22392673,0.20936,1212.31013404,1
1506526765,22392672,0.20936,1156.41243600,1
1506526764,22392667,0.20933,1716.01796951,0
1506526763,22392664,0.20936,2370.78705749,1
1506526762,22392660,0.20935,4086.77872400,0
1506526755,22392647,0.20937,6457.56577298,0
1506526754,22392644,0.20940,134.27000000,1
1506526753,22392641,0.20940,6457.56574487,0
1506526698,22392573,0.20900,158.00000000,1
1506526697,22392572,0.20900,600.00000000,1
1506526697,22392571,0.20910,25.00000000,1
1506526697,22392570,0.20930,125.00000000,1
1506526686,22392561,0.20975,33.28982122,0
1506526676,22392539,0.20978,131.43467276,0
1506526673,22392526,0.20979,131.43581676,0
1506526610,22392439,0.20985,138.82800000,1
1506526581,22392405,0.20911,1107.87436743,0
1506526575,22392397,0.20911,2674.00000000,0
1506526569,22392383,0.20911,514.66744620,0
1506526568,22392379,0.20913,14260.00201000,0
1506526567,22392374,0.20913,17830.25162000,0
1506526567,22392373,0.20912,14318.04838000,0
1506526565,22392367,0.20913,5000.00000000,1
1506526565,22392366,0.20960,20526.00000000,1
1506526565,22392365,0.20976,257.29405034,1
1506526565,22392364,0.21000,3860.15917430,1
1506526560,22392345,0.21000,1005.40039100,1
1506526558,22392340,0.21000,3518.64930000,1
1506526551,22392312,0.21000,1107.87436743,1
1506526551,22392309,0.21000,1000.00000000,1
1506526551,22392308,0.21000,190.05625057,1
1506526550,22392303,0.21000,3423.74066900,1
1506526550,22392302,0.21001,568.49946000,1
1506526537,22392246,0.21001,1959.27273900,1
1506526537,22392245,0.21006,690.49770749,1
1506526521,22392202,0.21006,600.00000000,1
1506526509,22392196,0.21176,448.35020778,0
1506526341,22391852,0.21014,250.00000000,1
1506526337,22391846,0.21097,366.00000000,0
1506526318,22391830,0.21098,115.00000000,0
1506526289,22391787,0.21001,40.72726100,1
1506526288,22391783,0.21006,1247.08252900,0
1506526288,22391781,0.21006,5162.12043800,0
1506526288,22391776,0.21006,2433.00006000,0
1506526287,22391774,0.21006,5161.95305200,1
1506526197,22391514,0.21083,117.02400000,0
1506526189,22391468,0.21001,45.09328143,1
1506526189,22391466,0.21002,3585.94298800,1
1506526086,22391236,0.21001,1364.78575800,1
1506526086,22391235,0.21002,3627.21424200,1
1506526086,22391234,0.21029,100.00000000,1
1506526086,22391233,0.21029,100.00000000,1
1506526086,22391231,0.21029,100.00000000,1
1506526086,22391230,0.21029,100.00000000,1
1506526075,22391208,0.21029,100.00000000,1
1506526075,22391207,0.21029,100.00000000,1
1506526075,22391206,0.21029,100.00000000,1
1506526075,22391204,0.21030,100.00000000,1
1506526075,22391202,0.21031,3693.38388500,1
1506526063,22391182,0.21005,100.00000000,0
1506526041,22391143,0.21000,1080.88797000,1
1506526041,22391142,0.21031,3919.11203000,1
1506526008,22391054,0.21029,552.78966800,1
1506525953,22390859,0.21089,2365.22770165,0
1506525928,22390829,0.21101,1464.51556798,0
1506525908,22390806,0.21114,803.71800000,0
1506525881,22390765,0.21186,863.88000000,0
1506525872,22390755,0.21001,4855.63081205,1
1506525872,22390754,0.21010,25.00000000,1
1506525872,22390752,0.21010,5000.00000000,1
1506525872,22390750,0.21023,79.01412000,1
1506525871,22390748,0.21087,64.89311000,1
1506525871,22390746,0.21088,1000.00000000,1
1506525871,22390744,0.21100,8515.27895390,1
1506525866,22390742,0.21100,1248.10291777,1
1506525866,22390741,0.21100,4036.04053436,1
1506525866,22390740,0.21100,1004.68573471,1
1506525866,22390737,0.21115,250.00000000,1
1506525850,22390708,0.21130,1986.49122900,1
1506525849,22390707,0.21130,3150.71491700,1
1506525824,22390663,0.21130,24.49243458,1
1506525824,22390661,0.21131,3560.44850000,1
1506525824,22390660,0.21136,738.51678142,1
1506525823,22390657,0.21136,261.48321858,1
1506525823,22390656,0.21160,738.51678142,1
1506525819,22390651,0.21160,4261.48321858,1
1506525819,22390649,0.21169,464.56790142,1
1506525807,22390629,0.21169,4247.51108200,1
1506525750,22390557,0.21250,3536.24073600,1
1506525750,22390556,0.21250,551.00000000,0
1506525750,22390554,0.21249,5912.75926400,0
1506525749,22390553,0.21158,8743.84617400,1
1506525749,22390552,0.21159,14074.16654000,1
1506525738,22390543,0.21159,53.01333300,1
1506525718,22390476,0.21221,429.64791852,0
1506525608,22390191,0.21202,422.27800000,0
1506525600,22390161,0.21135,161.44382000,1
1506525587,22390129,0.21273,848.72194801,0
1506525527,22390005,0.21289,24236.69665442,1
1506525527,22390002,0.21289,3876.58908000,0
1506525419,22389772,0.21266,12289.16568742,0
1506525415,22389763,0.21129,3733.82937080,1
1506525372,22389637,0.21275,300.00000000,0
1506525309,22389474,0.21287,5435.58139000,0
1506525276,22389408,0.21261,5580.12000000,0
1506525226,22389280,0.21298,7163.61974000,0
1506525226,22389278,0.21266,2951.78026000,0
1506525207,22389221,0.21274,727.33959100,1
1506525122,22389049,0.21294,428.01793933,0
1506525065,22388867,0.21274,1915.32081800,1
1506525062,22388856,0.21298,665.55775190,0
1506525060,22388846,0.21285,3507.06566000,0
1506525048,22388796,0.21274,354.33806000,1
1506525043,22388786,0.21274,373.00153100,1
1506525004,22388731,0.21295,53.93687002,0
1506525004,22388729,0.21232,2.28590598,0
1506524925,22388592,0.21274,3263.07409402,1
1506524911,22388587,0.21274,11479.97915900,1
1506524897,22388565,0.21274,269.99900000,1
1506524890,22388558,0.21274,11365.45975100,1
1506524889,22388556,0.21274,3263.07409400,1
1506524888,22388555,0.21275,14191.16949000,1
1506524888,22388551,0.21274,14763.80612600,1
1506524888,22388550,0.21276,270.00000000,1
1506524875,22388535,0.21274,4950.66616000,0
1506524757,22388354,0.21300,212.10964268,1
1506524755,22388351,0.21268,792.58519300,0
1506524753,22388347,0.21390,1552.76543777,0
1506524753,22388346,0.21387,64.42963000,0
1506524753,22388345,0.21387,1200.00000000,0
1506524752,22388342,0.21386,857.80195000,0
1506524752,22388341,0.21310,250.00000000,0
1506524752,22388340,0.21300,10000.00000000,0
1506524752,22388339,0.21299,2910.00000000,0
1506524751,22388338,0.21274,4289.00975000,0
1506524751,22388337,0.21273,270.00000000,1
1506524749,22388336,0.21270,1979.42383000,0
1506524745,22388333,0.21180,9192.59571000,1
1506524745,22388332,0.21181,9325.69429000,1
1506524745,22388330,0.21183,270.00000000,1
1506524733,22388316,0.21294,13164.44143890,1
1506524733,22388315,0.21277,610.00000000,0
1506524733,22388313,0.21190,437.79771308,0
1506524732,22388312,0.21188,9258.71233979,0
1506524694,22388258,0.21188,7899.26200000,0
1506524682,22388246,0.21188,5226.91500000,0
1506524682,22388244,0.21188,115.00000000,0
1506524678,22388233,0.21188,1414.89666900,0
1506524669,22388224,0.21188,101.28840800,0
1506524669,22388223,0.21187,4119.16340000,0
1506524659,22388211,0.21152,53.44086000,1
1506524639,22388171,0.21188,881.69447700,0
1506524639,22388170,0.21187,57.65553000,0
1506524631,22388161,0.21187,4836.40000000,0
1506524628,22388158,0.21188,1344.22063500,0
1506524587,22388086,0.21139,1036.96694620,1
1506524488,22387954,0.21136,7205.36837077,0
1506524468,22387899,0.21136,1504.19749100,0
1506524466,22387893,0.21136,1606.18713600,0
1506524466,22387891,0.21136,3079.94662600,0
1506524465,22387889,0.21136,3253.80640800,0
1506524450,22387858,0.21136,696.54700000,0
1506524442,22387846,0.21118,1607.55617800,0
1506524375,22387614,0.21135,356.30690000,0
1506524369,22387603,0.21135,308.15400000,0
1506524347,22387587,0.21136,4359.99992200,1
1506524335,22387576,0.21136,224.02000000,1
1506524312,22387543,0.21136,10415.98007800,1
1506524267,22387485,0.21136,148.25760000,0
1506524223,22387402,0.21050,1412.67595400,1
1506524223,22387401,0.21064,5800.12095800,1
1506524223,22387400,0.21065,2049.27474000,1
1506524216,22387395,0.21063,1990.45800000,1
1506524183,22387343,0.21077,1267.77200000,1
1506524160,22387315,0.21100,229.00600000,0
1506524159,22387314,0.21100,785.99400000,0
1506524154,22387313,0.21063,34.24237000,0
1506524152,22387311,0.21087,64.42963000,1
1506524131,22387293,0.21190,6206.43511700,1
1506524131,22387292,0.21198,1500.00000000,1
1506524131,22387291,0.21200,1855.76716992,1
1506524093,22387267,0.21190,13793.56488300,1
1506524085,22387262,0.21191,6021.57093000,1
1506524070,22387228,0.21191,6247.07928810,1
1506524057,22387186,0.21205,185.49543900,1
1506524056,22387184,0.21205,392.17647000,1
1506524055,22387183,0.21205,2336.33919900,1
1506524053,22387179,0.21205,2000.00000000,1
1506524047,22387162,0.21204,864.46107800,1
1506524045,22387157,0.21277,610.00000000,1
1506524039,22387148,0.21204,1679.06878400,1
1506524031,22387113,0.21202,500.00000000,1
1506524009,22387073,0.21200,2624.96389703,1
1506524009,22387069,0.21222,481.77968297,1
1506524007,22387063,0.21224,1893.25642000,1
1506523998,22387047,0.21290,538.00000000,1
1506523998,22387046,0.21299,6666.22495060,1
1506523997,22387044,0.21299,2388.31831614,1
1506523993,22387037,0.21299,544.60596000,1
1506523993,22387036,0.21299,9517.57230997,1
1506523990,22387027,0.21299,500.00000000,1
1506523959,22386958,0.21299,19795.32598900,1
1506523959,22386957,0.21299,2951.41700000,1
1506523947,22386928,0.21299,3127.54125000,1
1506523945,22386925,0.21299,2028.60175000,1
1506523930,22386903,0.21311,500.00000000,1
1506523917,22386898,0.21309,101.42777000,1
1506523916,22386897,0.21308,1300.00000000,1
1506523904,22386884,0.21307,0.02423107,1
1506523904,22386883,0.21307,129.76766893,1
1506523896,22386869,0.21305,129.76770000,1
1506523785,22386737,0.21402,1961.67662050,0
1506523784,22386736,0.21397,3466.59096100,1
1506523784,22386735,0.21397,327.74679000,1
1506523783,22386733,0.21397,3466.59588300,0
1506523750,22386698,0.21500,2284.47994037,0
1506523750,22386697,0.21500,8223.06464436,0
1506523750,22386695,0.21500,3646.95740700,1
1506523750,22386692,0.21499,5605.93084228,1
1506523749,22386690,0.21400,3316.04205608,1
1506523749,22386689,0.21499,1688.01054072,1
1506523749,22386688,0.21482,2425.05488372,0
1506523748,22386687,0.21482,3646.97069100,1
1506523748,22386683,0.21469,516.98845000,0
1506523748,22386682,0.21469,2584.94225000,0
1506523748,22386678,0.21467,6611.74970000,0
1506523748,22386677,0.21467,842.63347825,1
1506523747,22386676,0.21400,1141.97196262,0
1506523747,22386674,0.21393,3646.95994500,1
1506523745,22386670,0.21302,228.00000000,1
1506523724,22386596,0.21400,1006.02803738,0
1506523718,22386587,0.21307,483.76869336,1
1506523706,22386569,0.21306,2320.64523000,1
1506523693,22386526,0.21302,1989.81538000,1
1506523679,22386468,0.21302,2305.07111000,0
1506523658,22386417,0.21400,151.82602803,0
1506523657,22386413,0.21307,2815.63889000,0
1506523653,22386410,0.21500,5319.33318486,0
1506523653,22386409,0.21500,1231.04648934,0
1506523653,22386408,0.21500,600.00000000,0
1506523653,22386406,0.21482,500.00000000,0
1506523653,22386405,0.21482,500.00000000,0
1506523653,22386404,0.21482,446.70289000,1
1506523652,22386403,0.21480,500.00000000,0
1506523652,22386402,0.21480,600.00000000,0
1506523652,22386400,0.21460,96.79732000,0
1506523652,22386399,0.21460,503.20268000,0
1506523652,22386398,0.21460,2233.51443000,1
1506523651,22386397,0.21440,600.00000000,0
1506523651,22386396,0.21420,30.00000000,0
1506523651,22386394,0.21420,600.00000000,0
1506523650,22386392,0.21410,3963.45676880,0
1506523650,22386390,0.21404,3686.02712700,1
1506523649,22386387,0.21403,3589.91911000,0
1506523638,22386363,0.21409,5534.25844271,0
1506523636,22386360,0.21391,300.00000000,0
1506523628,22386330,0.21303,633.63271000,1
1506523615,22386315,0.21400,10000.00000000,0
1506523615,22386314,0.21301,2942.11198000,1
1506523606,22386299,0.21410,11396.54323120,0
1506523606,22386297,0.21410,25.00000000,0
1506523606,22386295,0.21410,3678.96662400,1
1506523606,22386294,0.21400,600.00000000,0
1506523605,22386291,0.21398,2321.00891356,1
1506523604,22386289,0.21398,4348.11686340,1
1506523604,22386281,0.21398,14915.27796000,0
1506523597,22386269,0.21383,23.32474396,0
1506523589,22386253,0.21384,286.11632270,0
1506523561,22386220,0.21302,2373.55750000,1
1506523548,22386202,0.21301,2992.18162000,1
1506523545,22386195,0.21394,46.63012994,0
1506523534,22386189,0.21301,561.43056000,1
1506523529,22386185,0.21398,559.01736372,0
1506523528,22386183,0.21387,63.97079000,0
1506523528,22386182,0.21380,70.88868000,0
1506523528,22386181,0.21380,529.11132000,0
1506523528,22386179,0.21360,600.00000000,0
1506523527,22386177,0.21344,78.37566000,0
1506523527,22386176,0.21340,600.00000000,0
1506523527,22386175,0.21320,302.59437472,1
1506523526,22386172,0.21320,294.87117513,1
1506523525,22386171,0.21320,35.00000000,0
1506523525,22386170,0.21320,600.00000000,0
1506523523,22386156,0.21300,5000.00000000,1
1506523464,22386070,0.21299,1095.40690264,1
1506523464,22386069,0.21299,13920.35340000,1
1506523464,22386068,0.21300,1154.89259000,1
1506523464,22386066,0.21300,309.49798736,1
1506523455,22386056,0.21301,678.06572000,1
1506523454,22386054,0.21300,150.00000000,0
1506523453,22386053,0.21300,8429.20852264,0
1506523442,22386045,0.21299,244.70834000,1
1506523441,22386044,0.21300,22560.03884383,0
1506523437,22386042,0.21299,834.93826000,1
1506523436,22386041,0.21299,165.06174000,1
1506523429,22386034,0.21299,56.35724000,1
1506523424,22386027,0.21300,11708.98760563,0
1506523415,22386006,0.21299,56.35724000,1
1506523408,22385997,0.21300,1014.33509900,0
1506523408,22385996,0.21300,4034.49392390,0
1506523407,22385995,0.21300,1954.27640800,0
1506523402,22385990,0.21299,56.35724000,1
1506523392,22385969,0.21300,183.69015200,0
1506523389,22385968,0.21299,70.41134000,1
1506523377,22385952,0.21299,373.79160000,1
1506523376,22385951,0.21300,3182.62000000,0
1506523376,22385950,0.21299,109.66360000,1
1506523374,22385947,0.21300,3785.35454400,0
1506523373,22385945,0.21300,501.77858000,0
1506523371,22385944,0.21300,983.88632100,0
1506523368,22385935,0.21235,137.01100000,0
1506523354,22385930,0.21231,3979.04207724,1
1506523354,22385929,0.21231,10000.00000000,1
1506523354,22385928,0.21234,10000.00000000,1
1506523354,22385927,0.21234,10000.00000000,1
1506523354,22385926,0.21234,10000.00000000,1
1506523354,22385925,0.21234,6020.95792276,1
1506523350,22385922,0.21234,137.01100000,1
1506523344,22385913,0.21222,3842.03107724,0
1506523344,22385910,0.21222,10000.00000000,0
1506523340,22385904,0.21222,10000.00000000,0
1506523339,22385903,0.21222,10000.00000000,0
1506523339,22385901,0.21222,10000.00000000,0
1506523339,22385900,0.21222,10000.00000000,0
1506523339,22385899,0.21222,10000.00000000,0
1506523336,22385895,0.21206,137.01100000,1
1506523334,22385891,0.21222,15707.33128000,0
1506523329,22385889,0.21222,9517.57230997,0
1506523329,22385883,0.21222,18498.00000000,0
1506523317,22385870,0.21252,27219.52278246,1
1506523309,22385865,0.21252,109.66360000,1
1506523296,22385849,0.21222,55.99217000,1
1506523296,22385848,0.21222,81.01883000,1
1506523283,22385823,0.21222,93.19602000,1
1506523271,22385806,0.21222,174.21485000,0
1506523256,22385786,0.21221,174.21485000,1
1506523252,22385775,0.21300,4612.41000000,0
1506523243,22385761,0.21221,217.65973000,1
1506523239,22385758,0.21221,140.00000000,1
1506523235,22385751,0.21295,1414.02770603,0
1506523234,22385750,0.21205,409.00000000,1
1506523217,22385706,0.21205,142.29479000,1
1506523217,22385705,0.21273,0.45100000,1
1506523216,22385703,0.21252,644.00000000,0
1506523204,22385680,0.21205,307.25421000,1
1506523204,22385678,0.21298,56.20809500,0
1506523201,22385669,0.21205,27.90763000,1
1506523200,22385666,0.21205,409.00000000,1
1506523138,22385553,0.21173,91.77706000,1
1506523124,22385549,0.21171,448.46503000,1
1506523121,22385543,0.21316,255.84700000,0
1506523099,22385516,0.21319,364.92513365,1
1506523099,22385515,0.21319,828.72030000,1
1506523098,22385514,0.21310,25.00000000,0
1506523098,22385512,0.21308,136.75320000,1
1506523098,22385511,0.21300,500.00000000,0
1506523098,22385510,0.21300,600.00000000,0
1506523098,22385509,0.21300,519.10765000,0
1506523097,22385508,0.21299,683.76600000,1
1506523097,22385507,0.21294,166.61691000,0
1506523096,22385506,0.21280,600.00000000,0
1506523096,22385502,0.21260,102.91000000,0
1506523096,22385501,0.21260,497.09000000,0
1506523094,22385497,0.21240,600.00000000,0
1506523089,22385485,0.21220,600.00000000,0
1506523089,22385484,0.21220,500.00000000,0
1506523089,22385483,0.21220,636.95673400,0
1506523085,22385477,0.21165,943.06463000,1
1506523071,22385463,0.21160,943.06463000,1
1506523058,22385451,0.21155,1312.10988000,1
1506523055,22385448,0.21154,202.85200000,1
1506523049,22385442,0.21220,251.04326600,0
1506523049,22385441,0.21210,25.00000000,0
1506523049,22385440,0.21200,298.34973400,0
1506523045,22385437,0.21151,948.55514000,1
1506523044,22385435,0.21200,301.65026600,0
1506523044,22385434,0.21180,600.00000000,0
1506523044,22385433,0.21160,12.30151600,0
1506523033,22385413,0.21145,200.00000000,1
1506523029,22385405,0.21160,587.69848400,0
1506523028,22385404,0.21150,544.00000000,0
1506523028,22385400,0.21140,600.00000000,0
1506523027,22385395,0.21120,600.00000000,0
1506523027,22385393,0.21110,25.00000000,0
1506523027,22385392,0.21109,444.01342000,0
1506523027,22385391,0.21100,345.80869049,0
1506523026,22385388,0.21100,805.24500000,0
1506523026,22385386,0.21100,1069.01342000,0
1506523026,22385384,0.21100,16117.29288951,0
1506523025,22385383,0.21100,8733.61143349,0
1506523024,22385380,0.21100,1453.67807100,0
1506523023,22385378,0.21089,270.00000000,1
1506523022,22385377,0.21097,2220.06711000,0
1506523016,22385370,0.21088,7156.84380100,1
1506523012,22385328,0.21000,7156.84380100,0
1506523012,22385327,0.21000,17023.69628000,0
1506523011,22385326,0.21000,11307.42500000,0
1506523011,22385325,0.21000,544.00000000,1
1506523011,22385324,0.21031,270.00000000,1
1506523010,22385323,0.21031,10856.59819000,1
1506523010,22385322,0.21032,23411.97900000,1
1506523010,22385321,0.21032,10497.58300000,1
1506523010,22385320,0.21033,8511.84472900,1
1506522985,22385309,0.21100,9457.86563981,0
1506522983,22385307,0.21100,4232.89390300,0
1506522965,22385284,0.21100,599.58619000,0
1506522964,22385283,0.21100,4347.00000000,0
1506522964,22385282,0.21087,66.28381000,0
1506522963,22385281,0.21073,3155.01726326,0
1506522963,22385280,0.21073,84.36904400,0
1506522963,22385279,0.21073,54.02173900,0
1506522963,22385278,0.21073,1715.95689028,0
1506522956,22385277,0.21018,971.29620000,1
1506522954,22385269,0.21017,400.82617000,1
1506522937,22385262,0.21073,17355.78242828,0
1506522936,22385261,0.21073,660.45400000,0
1506522875,22385210,0.21073,4528.91937004,0
1506522875,22385209,0.21072,679.21948000,1
1506522873,22385208,0.21055,200.00000000,0
1506522783,22385148,0.21073,139.75978740,0
1506522781,22385147,0.21072,806.99345000,0
1506522742,22385133,0.21000,1328.52097788,0
1506522741,22385132,0.21002,8856.47776000,1
1506522733,22385123,0.21000,793.21578100,1
1506522732,22385122,0.21000,8920.36113800,1
1506522732,22385120,0.21070,224.02326000,1
1506522714,22385105,0.21070,1150.95361539,0
1506522714,22385104,0.21069,742.74591000,0
1506522703,22385095,0.21002,8546.45002400,1
1506522702,22385093,0.21002,543.58700000,1
1506522695,22385089,0.21002,4000.00000000,1
1506522689,22385086,0.21001,543.58700000,1
1506522675,22385076,0.21033,1582.08575728,1
1506522674,22385075,0.21000,1598.60424272,0
1506522674,22385074,0.21000,1579.85868771,0
1506522620,22385014,0.21023,0.00000016,0
1506522584,22384986,0.21009,1464.59940153,1
1506522582,22384976,0.21000,1678.72000000,0
1506522582,22384974,0.20980,7341.37891245,0
1506522578,22384962,0.20989,10000.00000000,1
1506522578,22384961,0.20990,5287.56996000,1
1506522552,22384940,0.20990,1012.73423000,1
1506522547,22384937,0.21000,512.34704847,0
1506522541,22384932,0.20990,7503.43370300,1
1506522517,22384917,0.21000,1012.73423000,0
1506522491,22384891,0.21000,964.21222000,1
1506522477,22384872,0.20976,1119.31373000,1
1506522472,22384869,0.21023,19973.39899984,0
1506522472,22384868,0.21023,80.86305000,0
1506522471,22384866,0.21010,25.00000000,0
1506522471,22384864,0.21000,6960.67008816,0
1506522471,22384860,0.21000,3639.28751200,0
1506522464,22384851,0.20975,1119.31373000,1
1506522454,22384842,0.20925,4098.53071400,0
1506522452,22384841,0.20925,3988.91000000,0
1506522452,22384839,0.20925,9396.55928600,0
1506522429,22384826,0.20989,1064.00000000,0
1506522422,22384815,0.20990,4507.86087900,0
1506522394,22384762,0.21000,5000.00000000,0
1506522394,22384760,0.21000,1936.00000000,0
1506522394,22384759,0.21000,160.96926282,0
1506522394,22384758,0.21000,802.00000000,0
1506522394,22384756,0.20999,1530.03611000,0
1506522393,22384754,0.20999,5071.14242687,0
1506522353,22384709,0.20999,14718.64912614,0
1506522351,22384703,0.20990,500.00000000,0
1506522351,22384702,0.20990,909.14939459,0
1506522328,22384649,0.20990,10428.85060541,0
1506522328,22384648,0.20989,4571.14939459,0
1506522311,22384635,0.20989,1257.53143700,0
1506522296,22384601,0.20989,1000.00000000,0
1506522277,22384577,0.20989,62.05387841,0
1506522267,22384562,0.20914,934.98664000,1
1506522248,22384511,0.20950,5000.15746556,0
1506522248,22384510,0.20930,5216.82279026,0
1506522244,22384505,0.20930,2660.17720974,0
1506522243,22384498,0.20901,0.00000049,0
1506522242,22384495,0.20901,8303.40599600,0
1506522201,22384452,0.20901,121.33343000,0
1506522200,22384451,0.20901,9833.78809000,0
1506522187,22384429,0.20901,1281.35900000,0
1506522187,22384427,0.20900,1000.00000000,1
1506522172,22384395,0.20901,1519.92348351,0
1506522172,22384394,0.20900,5000.00000000,0
1506522172,22384393,0.20880,5280.89189149,0
1506522148,22384353,0.20880,3166.23118300,0
1506522141,22384344,0.20831,53.72973000,1
1506522085,22384271,0.20819,7942.77763200,0
1506522083,22384269,0.20845,654.94336000,1
1506522077,22384259,0.20845,616.09236614,0
1506522074,22384250,0.20840,556.68402000,0
1506522000,22384134,0.20801,61.95911000,1
1506521975,22384115,0.20840,1301.70631684,1
1506521969,22384102,0.20844,1093.36135099,0
1506521958,22384093,0.20880,2558.30531609,0
1506521957,22384092,0.20844,1131.38003558,0
1506521949,22384084,0.20840,1399.31598000,1
1506521947,22384078,0.20840,9675.27906400,1
1506521939,22384076,0.20844,285842.21325081,0
1506521937,22384075,0.20843,1636.76214000,0
1506521936,22384073,0.20840,1690.08201000,1
1506521924,22384066,0.20840,7225.93400000,1
1506521923,22384065,0.20840,2156.43894000,1
1506521915,22384058,0.20844,4306.08218400,0
1506521915,22384057,0.20843,2032.39840000,0
1506521910,22384052,0.20840,2562.10567000,1
1506521897,22384045,0.20840,4900.00000000,0
1506521837,22383996,0.20840,100.00000000,0
1506521787,22383968,0.20840,1072.04274900,0
1506521765,22383952,0.20801,100.00000000,1
1506521751,22383931,0.20800,922.56022000,1
1506521738,22383927,0.20800,922.56022000,1
1506521723,22383916,0.20800,5000.00000000,0
1506521723,22383915,0.20759,0.00000029,0
1506521628,22383791,0.20759,370.18105921,0
1506521628,22383790,0.20759,134.97600000,0
1506521627,22383789,0.20759,48.44294050,0
1506521627,22383788,0.20759,261.34822929,0
1506521622,22383786,0.20707,0.00001340,0
1506521622,22383785,0.20707,2840.54360000,0
1506521622,22383784,0.20700,5000.00000000,0
1506521534,22383706,0.20707,2408.86110977,0
1506521532,22383704,0.20707,64.53967257,0
1506521529,22383699,0.20707,175.55453800,0
1506521514,22383679,0.20707,159.88000000,0
1506521483,22383635,0.20707,1000.00000000,0
1506521476,22383631,0.20707,370.00000000,0
1506521448,22383604,0.20707,1986.76531700,0
1506521446,22383600,0.20707,993.85574926,0
1506521444,22383596,0.20650,251.41890468,0
1506521433,22383569,0.20650,1100.00000000,0
1506521410,22383543,0.20650,1290.76038200,0
1506521404,22383530,0.20650,57.82071100,0
1506521403,22383528,0.20650,0.00000232,1
1506521383,22383494,0.20650,564.30208000,1
1506521370,22383483,0.20670,3910.84490000,1
1506521356,22383471,0.20670,3910.84490000,1
1506521339,22383428,0.20650,612.25907245,0
1506521339,22383427,0.20640,13195.00000000,0
1506521331,22383417,0.20650,3757.23973755,0
1506521331,22383416,0.20650,15749.12196745,0
1506521331,22383415,0.20648,10452.25854000,0
1506521316,22383405,0.20650,15170.31818547,1
1506521303,22383387,0.20650,4369.49881000,1
1506521297,22383368,0.20645,0.00000048,0
1506521274,22383317,0.20645,1007.01180000,0
1506521273,22383315,0.20645,192.98819952,0
1506521273,22383314,0.20642,1007.01180000,0
1506521273,22383312,0.20640,0.00000048,0
1506521271,22383311,0.20640,5645.85541784,0
1506521271,22383310,0.20630,50.90000000,0
1506521271,22383309,0.20617,0.00000016,0
1506521263,22383294,0.20617,99.99999984,1
1506521249,22383284,0.20617,0.00000016,0
1506521228,22383260,0.20617,13309.99681900,0
1506521224,22383256,0.20617,281.80300000,0
1506521185,22383237,0.20600,5474.00000000,0
1506521118,22383203,0.20617,187.72488723,0
1506521113,22383197,0.20617,4095.44652800,0
1506521112,22383195,0.20617,27372.49847200,0
1506521098,22383164,0.20617,2052.14814866,0
1506521062,22383131,0.20542,54.16893700,1
1506521032,22383098,0.20617,5700.38214495,0
1506521013,22383087,0.20536,2000.00000000,1
1506520974,22383017,0.20595,1421.16235000,1
1506520920,22382957,0.20623,1904.47374363,1
1506520909,22382947,0.20623,0.00000017,1
1506520909,22382946,0.20623,6300.55769783,1
1506520892,22382943,0.20623,499.75012493,0
1506520884,22382936,0.20639,740.62968515,0
1506520877,22382927,0.20617,582.04088146,0
1506520815,22382905,0.20595,450.00000000,1
1506520643,22382752,0.20595,2000.00000000,1
1506520634,22382749,0.20595,1011.33765000,1
1506520597,22382715,0.20594,5117.50000000,0
1506520551,22382695,0.20525,986.95000000,1
1506520550,22382690,0.20600,647.59247572,0
1506520548,22382687,0.20599,2500.00000000,0
1506520535,22382683,0.20601,243.67263725,1
1506520533,22382682,0.20595,180.00000000,0
1506520495,22382654,0.20595,180.00000000,1
1506520457,22382611,0.20617,35.00000000,0
1506520366,22382552,0.20600,3052.67946786,1
1506520364,22382551,0.20600,243.80011100,1
1506520359,22382549,0.20600,500.00000000,1
1506520256,22382455,0.20600,2158.61040000,1
1506520238,22382446,0.20652,2500.00000000,0
1506520231,22382441,0.20600,1000.00000000,1
1506520225,22382440,0.20600,2159.02600000,1
1506520223,22382439,0.20600,2558.97621000,1
1506520219,22382438,0.20600,556.69370100,1
1506520215,22382431,0.20600,934.91029000,1
1506520214,22382428,0.20600,7562.67120900,1
1506520208,22382416,0.20600,4260.26474000,1
1506520195,22382404,0.20600,5511.44955000,1
1506520188,22382399,0.20600,2157.85770000,1
1506520188,22382398,0.20600,19642.34082360,1
1506520187,22382397,0.20600,8362.91881400,1
1506520143,22382373,0.20677,2000.00000000,0
1506520113,22382326,0.20610,2457.43000000,0
1506520103,22382309,0.20600,11578.95078548,1
1506520103,22382308,0.20601,1000.00000000,1
1506520103,22382307,0.20605,3000.00000000,1
1506520103,22382306,0.20605,1255.42663410,1
1506520098,22382292,0.20605,1744.57336590,1
1506520083,22382270,0.20606,6196.98301000,1
1506519925,22382045,0.20698,443.37892550,0
1506519831,22381863,0.20601,9425.43478127,1
1506519805,22381851,0.20606,8008.41899625,1
1506519775,22381841,0.20606,134.70720000,1
1506519768,22381829,0.20607,134.70720000,1
1506519768,22381828,0.20615,370.18105950,1
1506519738,22381824,0.20615,134.97600000,1
1506519728,22381818,0.20616,134.97600000,0
1506519701,22381811,0.20616,2419.49393675,0
1506519700,22381810,0.20615,48.44294050,1
1506519693,22381808,0.20616,10000.00000000,1
1506519693,22381807,0.20617,48.44290000,1
1506519668,22381796,0.20620,615.00000000,1
1506519645,22381784,0.20624,135.28975950,0
1506519627,22381745,0.20620,385.00000000,1
1506519618,22381742,0.20625,752.16300000,0
1506519616,22381741,0.20625,5100.89940004,1
1506519616,22381740,0.20626,9447.49902000,1
1506519616,22381739,0.20626,135.28980000,1
1506519611,22381735,0.20709,9421.62264200,0
1506519610,22381734,0.20708,135.18690000,0
1506519610,22381733,0.20667,443.19045800,0
1506519604,22381732,0.20667,57.80954200,0
1506519590,22381719,0.20710,41336.81626709,1
1506519586,22381717,0.20710,1854.07735000,1
1506519583,22381715,0.20710,1378.42457000,1
1506519573,22381709,0.20710,1854.07735000,1
1506519561,22381698,0.20710,2141.08171400,1
1506519561,22381697,0.20711,6502.58525000,1
1506519558,22381693,0.20710,33867.64555700,1
1506519557,22381692,0.20711,6053.16473000,1
1506519549,22381679,0.20711,417.52284800,1
1506519546,22381675,0.20710,411.30466000,1
1506519543,22381671,0.20710,2437.40016000,1
1506519543,22381670,0.20711,135.18690000,1
1506519537,22381663,0.20710,35071.92823200,1
1506519519,22381659,0.20736,13652.21204668,0
1506519402,22381615,0.20705,2207.30095740,0
1506519399,22381614,0.20625,544.95601828,1
1506519348,22381586,0.20722,3791.53860000,0
1506519348,22381585,0.20714,1208.46140000,0
1506519283,22381561,0.20740,2147.41513982,0
1506519237,22381545,0.20730,120.29739508,0
1506519075,22381466,0.20623,9655.61731000,1
1506519060,22381456,0.20623,344.38269000,1
1506519050,22381450,0.20731,48.11663692,1
1506519048,22381449,0.20700,0.00000033,0
1506518936,22381257,0.20700,1353.81479700,0
1506518835,22381201,0.20717,22957.51565312,0
1506518835,22381200,0.20700,73.57952000,0
1506518738,22381106,0.20759,73.35469237,1
1506518736,22381102,0.20700,247.55000000,0
1506518670,22381079,0.20609,400.00000000,1
1506518618,22381032,0.20606,717.10000000,1
1506518618,22381031,0.20610,30.00000000,1
1506518616,22381030,0.20620,252.90000000,1
1506518610,22381024,0.20710,30.00000000,1
1506518607,22381018,0.20727,60.00000000,0
1506518537,22380983,0.20601,53.67170900,1
1506518537,22380982,0.20648,0.35003000,1
1506518482,22380933,0.20627,500.65797000,0
1506518477,22380928,0.20600,2929.16768500,1
1506518471,22380923,0.20601,8077.37039000,1
1506518471,22380922,0.20610,25.00000000,1
1506518471,22380921,0.20654,1000.00000000,1
1506518471,22380920,0.20654,615.00000000,1
1506518426,22380847,0.20654,385.00000000,1
1506518406,22380833,0.20689,0.34203000,1
1506518357,22380814,0.20768,48.03091294,0
1506518272,22380790,0.20653,488.48997000,0
1506518261,22380747,0.20654,76.97994000,1
1506518260,22380744,0.20700,23.02006000,1
1506518167,22380687,0.20795,449.73545000,0
1506518162,22380679,0.20700,488.48997000,1
1506518149,22380672,0.20700,488.48997000,1
1506518136,22380660,0.20710,25.00000000,1
1506518113,22380637,0.20713,481.90870236,0
1506518103,22380576,0.20713,1909.32273100,1
1506518085,22380557,0.20725,6838.50014000,1
1506518085,22380556,0.20779,145.54638000,1
1506518083,22380555,0.20779,138.72681000,1
1506518082,22380553,0.20779,175.00000000,1
1506518069,22380543,0.20779,138.72681000,1
1506518044,22380512,0.20742,133.22890000,1
1506518030,22380490,0.20738,133.22890000,1
1506518017,22380476,0.20734,133.22890000,1
1506517990,22380459,0.20726,111.06110000,1
1506517977,22380443,0.20724,88.09957000,1
1506517964,22380434,0.20720,111.06110000,1
1506517951,22380423,0.20717,111.06110000,1
1506517885,22380332,0.20747,6184.27750500,1
1506517850,22380310,0.20840,258.63723608,1
1506517833,22380303,0.20733,1681.67598060,1
1506517833,22380301,0.20775,247.00384300,1
1506517833,22380299,0.20799,0.00000040,1
1506517804,22380283,0.20878,57.41582700,0
1506517743,22380190,0.20799,8126.84180300,1
1506517742,22380185,0.20799,572.88131000,1
1506517742,22380184,0.20810,25.00000000,1
1506517698,22380133,0.20866,175.00000000,0
1506517593,22380030,0.20800,0.07400955,0
1506517579,22380016,0.20799,64.62626000,1
1506517577,22380011,0.20800,26192.00000000,0
1506517566,22379941,0.20799,76.78368000,1
1506517555,22379929,0.20800,274.80547700,0
1506517553,22379926,0.20799,91.22813000,1
1506517540,22379915,0.20799,108.38986000,1
1506517538,22379914,0.20800,5004.41423077,0
1506517537,22379912,0.20800,760.68384615,0
1506517527,22379901,0.20799,128.78003000,1
1506517525,22379899,0.20799,1347.94779960,1
1506517513,22379889,0.20799,153.00598000,1
1506517500,22379887,0.20799,181.78928000,1
1506517487,22379878,0.20799,215.98726000,1
1506517474,22379873,0.20799,256.61853000,1
1506517468,22379868,0.20800,910.50658653,0
1506517461,22379861,0.20800,103.43841346,0
1506517461,22379860,0.20799,304.89330000,1
1506517460,22379858,0.20800,10000.00000000,0
1506517459,22379856,0.20799,54.16893700,1
1506517447,22379853,0.20799,362.24947000,1
1506517442,22379846,0.20800,18337.35731000,0
1506517434,22379838,0.20799,430.39541000,1
1506517421,22379824,0.20799,511.36088000,1
1506517413,22379807,0.20800,436.40894231,0
1506517408,22379801,0.20799,607.55748000,1
1506517394,22379790,0.20799,721.85047000,1
1506517392,22379785,0.20800,30000.00000000,0
1506517387,22379781,0.20799,857.64413000,0
1506517387,22379780,0.20792,8825.00000000,0
1506517381,22379776,0.20775,1252.99615700,1
1506517381,22379774,0.20779,3000.00000000,1
1506517379,22379770,0.20780,526.68486000,1
1506517366,22379727,0.20800,1240.99377424,0
1506517364,22379722,0.20800,1240.95984331,0
1506517364,22379721,0.20800,1691.07069400,0
1506517363,22379719,0.20800,4155.35014423,0
1506517362,22379713,0.20800,3411.38750000,0
1506517361,22379702,0.20800,736.97211538,0
1506517360,22379699,0.20800,3405.70552884,0
1506517360,22379697,0.20800,1240.86341116,0
1506517357,22379693,0.20800,457.00817307,0
1506517357,22379691,0.20799,1284.05238000,0
1506517357,22379688,0.20798,3865.54845000,0
1506517356,22379681,0.20794,125.00000000,0
1506517356,22379679,0.20780,4474.12829456,0
1506517340,22379671,0.20780,565.04754571,0
1506517339,22379669,0.20780,223.63364000,0
1506517325,22379661,0.20780,737.19051973,0
1506517287,22379632,0.20788,400.00000000,1
1506517277,22379631,0.20780,553.94653179,0
1506517252,22379617,0.20780,9116.00000000,0
1506517251,22379616,0.20780,1500.00000000,1
1506517244,22379608,0.20781,4501.41100000,1
1506517206,22379585,0.20790,501.00000000,0
1506517144,22379536,0.20799,135.40929852,1
1506517064,22379476,0.20872,95.58317363,0
1506516886,22379329,0.20877,5704.91056171,1
1506516886,22379328,0.20877,2410.44998800,1
1506516884,22379324,0.20877,2500.00000000,0
1506516801,22379229,0.20860,516.35052733,0
1506516671,22379092,0.20866,9453.41704207,0
1506516618,22379030,0.20759,1925.69670000,1
1506516607,22379023,0.20755,1925.69670000,1
1506516338,22378752,0.20812,239.63537212,0
1506516270,22378685,0.20833,957.62127394,0
1506516177,22378580,0.20864,3089.55631710,0
1506516177,22378578,0.20792,66.74670000,0
1506516176,22378577,0.20792,773.38287179,1
1506516176,22378576,0.20723,500.00000000,0
1506516176,22378575,0.20722,478.44009000,0
1506516176,22378574,0.20722,1421.76000000,1
1506516175,22378570,0.20721,2392.20044000,0
1506516175,22378568,0.20720,15175.43371000,0
1506516173,22378527,0.20600,47.99320000,0
1506516160,22378506,0.20536,2652.05073195,0
1506516158,22378503,0.20600,47.94926805,1
1506516089,22378378,0.20600,245.00680000,1
1506516089,22378377,0.20600,287.47300000,1
1506516050,22378342,0.20600,86.26400000,1
1506516037,22378320,0.20619,1485.52020000,0
1506516037,22378318,0.20618,136.47980000,0
1506516037,22378316,0.20600,86.26400000,1
1506516028,22378308,0.20600,539.99900000,1
1506516004,22378280,0.20700,57.82909000,0
1506516000,22378276,0.20534,1988.95622000,1
1506515896,22378227,0.20617,1135.28076000,1
1506515895,22378226,0.20618,136.47980000,0
1506515894,22378225,0.20618,270.00000000,1
1506515894,22378224,0.20618,9256.23944000,1
1506515891,22378219,0.20639,133.67810000,1
1506515877,22378204,0.20639,136.32190000,1
1506515864,22378194,0.20635,2796.72031000,1
1506515846,22378177,0.20631,1097.38602360,1
1506515829,22378168,0.20624,303.77296300,1
1506515806,22378155,0.20688,359.57000000,1
1506515805,22378153,0.20688,1613.23000000,1
1506515804,22378152,0.20688,1972.25000000,1
1506515803,22378149,0.20688,3554.95000000,1
1506515802,22378148,0.20689,1974.18000000,1
1506515679,22378086,0.20710,12598.75846219,0
1506515678,22378085,0.20694,2635.85014000,1
1506515678,22378084,0.20694,2500.00000000,1
1506515677,22378083,0.20694,1205.41320000,0
1506515221,22377646,0.20685,9350.39751936,1
1506515220,22377642,0.20685,1447.95520000,0
1506515074,22377548,0.20671,127.14627900,0
1506515034,22377502,0.20675,64.50656232,0
1506515020,22377493,0.20561,262.37232000,1
1506514994,22377485,0.20550,990.26440000,1
1506514956,22377432,0.20709,33146.64353662,0
1506514956,22377431,0.20708,730.82530000,0
1506514956,22377429,0.20708,1184.57860000,1
1506514955,22377428,0.20638,3224.28001483,0
1506514955,22377427,0.20637,3654.12652000,0
1506514955,22377426,0.20600,10000.00000000,0
1506514953,22377424,0.20599,833.26365358,0
1506514953,22377423,0.20599,5097.05096404,0
1506514941,22377406,0.20530,370.00000000,1
1506514939,22377402,0.20531,54.02173900,1
1506514876,22377277,0.20511,53.25745938,1
1506514835,22377207,0.20562,29.04377006,1
1506514801,22377153,0.20516,756.97540000,1
1506514716,22377099,0.20529,1855.45246000,1
1506514709,22377087,0.20529,19973.39900000,1
1506514692,22377061,0.20529,558.70000000,1
1506514611,22376967,0.20529,4476.58225000,1
1506514609,22376959,0.20600,24.21368932,0
1506514604,22376953,0.20597,4475.78036596,0
1506514604,22376952,0.20530,4858.21643000,0
1506514568,22376888,0.20599,64.49769669,0
1506514568,22376887,0.20530,100.00000000,1
1506514566,22376886,0.20530,100.00000000,1
1506514565,22376884,0.20530,100.00000000,1
1506514563,22376882,0.20530,100.00000000,1
1506514560,22376880,0.20530,100.00000000,1
1506514435,22376702,0.20600,1378.06531875,0
1506514435,22376701,0.20599,6344.86100000,0
1506514434,22376700,0.20595,146.98403253,0
1506514434,22376699,0.20590,513.88297872,0
1506514434,22376698,0.20587,1189.03800000,0
1506514433,22376697,0.20586,13298.16867000,0
1506514429,22376688,0.20589,1915.01377800,0
1506514368,22376648,0.20569,1827.16849600,0
1506514347,22376632,0.20500,45000.00000000,1
1506514322,22376609,0.20500,1202.59980000,1
1506514306,22376593,0.20570,2216.14166262,0
1506514299,22376581,0.20572,1084.24557651,0
1506514291,22376571,0.20500,5538.07798841,1
1506514285,22376564,0.20500,22878.81029900,1
1506514283,22376558,0.20500,369.96984700,1
1506514273,22376545,0.20500,4951.62386700,1
1506514268,22376533,0.20500,14265.61806270,1
1506514268,22376530,0.20501,24477.63523730,1
1506514268,22376529,0.20501,66.74670000,1
1506514264,22376523,0.20520,600.00000000,1
1506514262,22376511,0.20526,0.00000015,1
1506514261,22376507,0.20526,499.99999985,1
1506514261,22376506,0.20526,3155.01726326,1
1506514261,22376505,0.20531,542.71465289,1
1506514248,22376488,0.20531,3500.00000000,0
1506514248,22376487,0.20531,466.27097871,0
1506514208,22376427,0.20526,84.36904400,1
1506514204,22376419,0.20531,58.30792500,0
1506514187,22376405,0.20530,4274.93438438,1
1506514186,22376401,0.20530,287.68723205,1
1506514149,22376377,0.20530,437.37838357,1
1506514140,22376369,0.20531,270.00000000,1
1506514119,22376349,0.20599,3.01596747,1
1506514111,22376308,0.20599,2500.00000000,1
1506514109,22376307,0.20599,2500.00000000,1
1506514108,22376306,0.20595,136.56700000,0
1506514087,22376298,0.20599,447.88581969,0
1506514017,22376254,0.20590,5000.00000000,1
1506513877,22376145,0.20577,1261.02459056,1
1506513858,22376136,0.20526,54.02173900,1
1506513832,22376117,0.20526,24400.87247600,1
1506513832,22376116,0.20540,600.00000000,1
1506513817,22376088,0.20543,810.96728000,1
1506513606,22375835,0.20543,9189.03272000,1
1506513606,22375834,0.20560,600.00000000,1
1506513605,22375832,0.20565,15210.96728000,0
1506513605,22375831,0.20565,10000.00000000,1
1506513600,22375815,0.20563,3028.44615000,1
1506513540,22375762,0.20638,31584.67884717,1
1506513530,22375757,0.20638,32718.69601300,1
1506513518,22375748,0.20638,1142.50500000,1
1506513516,22375745,0.20638,4325.40154700,1
1506513498,22375738,0.20638,210.17699100,1
1506513484,22375723,0.20638,22008.00000000,1
1506513481,22375717,0.20638,4297.33318800,1
1506513480,22375716,0.20638,8610.76552600,1
1506513476,22375713,0.20638,450.00000000,1
1506513475,22375711,0.20638,5000.00000000,1
1506513475,22375710,0.20638,13844.73789100,1
1506513462,22375698,0.20638,234.71266596,1
1506513455,22375688,0.20638,140.00000000,1
1506513449,22375685,0.20638,5000.00000000,1
1506513443,22375682,0.20638,100.00000000,1
1506513437,22375636,0.20638,1950.86157500,1
1506513430,22375632,0.20638,83.96960000,1
1506513423,22375625,0.20638,5177.44828200,1
1506513398,22375609,0.20638,2661.45720500,1
1506513355,22375569,0.20638,20772.00000000,1
1506513309,22375510,0.20722,753.44462000,0
1506513186,22375404,0.20739,10594.15687501,0
1506513186,22375403,0.20737,15068.08233000,0
1506513093,22375340,0.20603,155.85194000,1
1506513000,22375250,0.20608,46815.62828721,1
1506513000,22375249,0.20608,8941.05401555,1
1506513000,22375248,0.20609,5874.33109000,1
1506513000,22375247,0.20609,136.56700000,1
1506512995,22375246,0.20608,1058.94598445,1
1506512947,22375196,0.20620,2968.17000000,0
1506512909,22375151,0.20565,11385.21611001,1
1506512909,22375150,0.20580,600.00000000,1
1506512909,22375147,0.20600,600.00000000,1
1506512908,22375145,0.20601,10000.00000000,1
1506512895,22375131,0.20620,476.72000000,0
1506512848,22375115,0.20620,5117.50000000,1
1506512848,22375114,0.20620,600.00000000,1
1506512829,22375102,0.20640,600.00000000,1
1506512805,22375086,0.20660,102.91000000,1
1506512764,22375034,0.20660,497.09000000,1
1506512742,22374989,0.20680,600.00000000,1
1506512686,22374939,0.20700,600.00000000,1
1506512661,22374927,0.20714,48.15612629,0
1506512649,22374924,0.20700,519.10765000,1
1506512649,22374923,0.20700,0.02930000,1
1506512649,22374922,0.20708,80.86305000,1
1506512591,22374880,0.20717,48.14915287,0
1506512578,22374867,0.20718,4749.27458987,1
1506512497,22374774,0.20718,7194.27944900,1
1506512496,22374770,0.20718,100.00000000,1
1506512486,22374760,0.20718,472.27657500,1
1506512454,22374682,0.20718,832.29140000,1
1506512452,22374676,0.20718,4845.80712400,1
1506512451,22374673,0.20718,1352.28000000,1
1506512451,22374671,0.20718,1106.47952700,1
