date,tid,price,amount,type
1506988845,22678089,3733.10,0.13514090,1
1506988811,22678079,3739.79,0.04499986,0
1506988809,22678075,3739.80,0.00919100,0
1506988728,22678022,3730.10,0.19371714,1
1506988691,22678020,3739.90,0.08981958,0
1506988691,22678019,3739.79,0.01115761,0
1506988673,22678017,3732.10,0.09885300,1
1506988671,22678016,3732.10,0.09376790,1
1506988660,22678015,3732.10,0.09376790,1
1506988596,22677989,3732.10,0.13822027,1
1506988572,22677974,3732.10,0.06830622,1
1506988566,22677973,3732.10,0.10985521,1
1506988536,22677963,3732.10,0.02306142,1
1506988457,22677951,3732.10,0.08216088,1
1506988390,22677941,3737.70,0.01229865,0
1506988382,22677937,3732.10,0.14083600,1
1506988353,22677932,3737.70,0.27802123,0
1506988341,22677926,3737.70,1.00000000,0
1506988291,22677916,3737.70,0.03246262,0
1506988291,22677915,3736.95,0.01802552,0
1506988271,22677907,3736.93,0.01365476,0
1506988265,22677906,3732.00,0.24868419,1
1506988264,22677905,3732.10,2.27320000,1
1506988228,22677896,3730.30,2.00000000,1
1506988063,22677833,3727.20,0.42977860,1
1506988054,22677801,3739.99,0.85958971,0
1506988053,22677800,3737.96,0.57500000,0
1506988053,22677799,3737.94,0.72400000,0
1506988051,22677798,3730.41,0.46487436,0
1506988047,22677796,3726.61,0.03227064,1
1506988020,22677795,3726.20,0.07075723,1
1506988020,22677794,3726.21,0.02924277,1
1506987892,22677747,3730.41,0.02512564,0
1506987823,22677732,3739.89,0.02027064,1
1506987821,22677731,3730.50,0.09264675,1
1506987821,22677730,3730.51,0.80409800,1
1506987793,22677719,3739.68,0.01693235,0
1506987393,22677611,3737.10,0.00132529,0
1506987392,22677610,3737.00,0.02386307,0
1506987391,22677608,3737.00,0.03725000,0
1506987352,22677603,3723.07,0.01325834,1
1506987340,22677555,3722.50,0.04000000,1
1506987331,22677553,3737.00,0.01506933,0
1506987172,22677534,3738.59,0.05273153,0
1506987167,22677533,3726.70,0.00214469,1
1506987072,22677524,3737.00,0.04630438,0
1506986864,22677482,3738.49,0.02520230,0
1506986856,22677481,3738.50,0.08071152,0
1506986788,22677475,3739.19,0.03940375,0
1506986780,22677474,3739.40,0.01333604,0
1506986689,22677456,3737.20,0.00748552,0
1506986678,22677455,3739.99,4.36547423,0
1506986677,22677454,3739.98,0.10000000,0
1506986677,22677453,3739.39,1.95000000,0
1506986677,22677452,3739.39,2.00000000,1
1506986676,22677451,3739.38,0.06492590,0
1506986676,22677450,3738.19,0.74000000,0
1506986676,22677449,3737.67,0.51000000,0
1506986674,22677448,3737.40,2.27820000,0
1506986669,22677447,3726.61,0.00909633,1
1506986669,22677446,3730.00,0.00300000,1
1506986593,22677435,3737.69,0.00418763,0
1506986554,22677428,3737.69,0.02505514,0
1506986474,22677413,3724.54,0.02713390,0
1506986450,22677410,3723.71,0.00250000,1
1506986308,22677384,3733.29,0.00948493,0
1506986223,22677369,3734.39,0.32256406,0
1506986147,22677356,3733.79,0.02650659,0
1506986123,22677354,3734.20,0.04675000,0
1506986118,22677353,3734.29,0.01529000,0
1506986117,22677345,3734.29,0.04607929,0
1506986112,22677340,3734.40,0.11629677,0
1506986112,22677339,3734.37,0.72100000,0
1506986071,22677332,3734.29,0.02523434,0
1506985969,22677262,3734.40,0.03151505,0
1506985961,22677258,3734.08,0.16421427,0
1506985899,22677243,3734.17,0.15687417,0
1506985890,22677240,3734.36,0.54801359,0
1506985890,22677239,3734.36,0.37698641,0
1506985890,22677238,3730.49,0.03000000,0
1506985789,22677174,3730.40,0.02400493,0
1506985679,22677126,3734.43,0.08809376,1
1506985677,22677125,3729.73,0.03000000,0
1506985533,22677018,3724.70,0.80342309,0
1506985530,22677015,3723.30,0.08964236,0
1506985347,22676970,3721.00,0.00214781,1
1506985289,22676933,3724.29,0.25578835,0
1506985287,22676932,3722.99,0.01205324,0
1506985279,22676930,3721.00,0.06545100,1
1506985245,22676918,3721.00,0.05212600,1
1506985238,22676913,3723.08,0.00268593,0
1506985237,22676911,3721.00,0.17465800,1
1506985236,22676909,3721.00,0.01073608,1
1506985236,22676908,3721.00,0.07235498,1
1506985229,22676870,3721.00,0.08786885,1
1506985229,22676864,3721.00,0.22890662,1
1506985229,22676861,3721.00,0.17592938,1
1506985225,22676852,3723.09,0.01117652,0
1506985225,22676851,3723.08,0.02679240,0
1506985224,22676848,3721.00,0.15305832,1
1506985218,22676839,3721.00,0.40439130,1
1506985164,22676810,3723.10,0.00777343,0
1506985091,22676786,3721.00,0.04819900,1
1506985076,22676776,3721.00,0.11611700,1
1506985023,22676740,3723.50,0.12323083,0
1506984989,22676708,3724.09,0.00288320,0
1506984966,22676696,3724.49,0.06098564,0
1506984934,22676668,3721.00,0.10230500,1
1506984839,22676609,3721.00,1.00000000,1
1506984827,22676605,3723.39,0.64909170,0
1506984825,22676603,3723.39,0.02025000,0
1506984823,22676602,3723.40,0.00751524,0
1506984805,22676595,3723.70,0.05056849,0
1506984787,22676583,3723.99,0.05029960,0
1506984786,22676582,3721.00,0.03698477,1
1506984785,22676581,3721.00,0.45577200,1
1506984784,22676580,3724.09,0.51429739,1
1506984783,22676578,3724.09,0.75800000,0
1506984767,22676561,3724.39,0.05288876,0
1506984749,22676556,3723.00,0.77914720,0
1506984744,22676551,3722.90,0.00270504,0
1506984742,22676549,3722.89,0.01071070,0
1506984671,22676535,3722.99,0.02686013,0
1506984664,22676531,3722.99,0.02528151,0
1506984639,22676523,3721.00,0.00140434,1
1506984635,22676522,3721.00,0.00280868,1
1506984632,22676520,3721.00,0.00561735,1
1506984623,22676516,3723.59,0.01475000,0
1506984543,22676476,3723.52,0.62954677,0
1506984525,22676474,3723.57,0.01344677,0
1506984504,22676471,3721.00,0.49741286,1
1506984503,22676470,3721.00,0.24458714,1
1506984464,22676463,3723.79,0.00761722,0
1506984444,22676461,3723.84,0.10542359,0
1506984409,22676450,3721.00,0.66227086,1
1506984386,22676447,3723.99,0.00767562,0
1506984345,22676437,3724.09,0.04307531,0
1506984278,22676420,3724.25,0.23746360,0
1506984252,22676415,3724.31,0.04869345,0
1506984223,22676409,3724.39,0.20611774,0
1506984213,22676401,3721.00,0.00250000,1
1506984205,22676400,3721.00,0.09064200,1
1506984205,22676399,3721.00,0.00187800,1
1506984192,22676395,3724.50,0.00288284,1
1506984185,22676391,3724.57,0.15021663,0
1506984037,22676309,3721.00,0.21200000,1
1506984037,22676308,3721.10,0.51000000,1
1506983995,22676277,3723.80,0.13030000,0
1506983944,22676257,3723.30,0.00788533,0
1506983943,22676256,3721.00,0.03500000,1
1506983892,22676221,3723.80,0.24025000,0
1506983885,22676219,3723.89,0.11887576,0
1506983874,22676213,3724.08,0.04942920,0
1506983846,22676204,3723.08,0.00137000,0
1506983838,22676202,3723.08,0.02647964,0
1506983814,22676192,3723.08,0.00150000,0
1506983793,22676189,3721.00,0.05500000,1
1506983779,22676186,3721.00,0.69612200,1
1506983749,22676163,3723.49,0.00287826,0
1506983671,22676072,3721.00,0.90160200,1
1506983666,22676059,3725.19,0.02643174,0
1506983651,22676041,3723.00,1.00000000,1
1506983651,22676040,3723.00,1.00000000,1
1506983650,22676037,3723.00,1.00000000,1
1506983650,22676034,3723.10,2.28780000,1
1506983645,22676025,3725.00,2.41045334,1
1506983645,22676024,3725.11,0.01342242,1
1506983629,22676018,3730.20,0.05276321,0
1506983537,22675989,3730.70,0.05763671,0
1506983536,22675986,3730.70,0.04094760,0
1506983532,22675985,3730.70,0.24063849,0
1506983423,22675951,3733.30,0.03947476,0
1506983411,22675948,3723.20,0.00214641,0
1506983322,22675934,3735.08,0.00749972,0
1506983281,22675912,3730.30,0.01205598,0
1506983279,22675911,3735.89,0.04284922,1
1506983278,22675910,3733.33,0.32011431,0
1506983276,22675909,3732.00,0.17630263,0
1506983253,22675906,3731.70,0.25728483,0
1506983243,22675902,3723.23,0.01814464,1
1506983225,22675897,3731.70,0.02476473,0
1506983126,22675837,3732.00,0.01337196,0
1506983125,22675836,3731.00,0.00198988,0
1506983105,22675822,3731.00,0.02058075,0
1506983085,22675819,3731.00,0.00742937,0
1506982983,22675783,3730.70,0.02459860,0
1506982950,22675776,3723.10,0.28607804,1
1506982937,22675773,3730.70,0.06591990,0
1506982936,22675772,3730.70,0.00341399,0
1506982904,22675760,3730.80,0.10245607,0
1506982904,22675759,3730.77,0.15051857,0
1506982887,22675753,3730.97,0.02510618,0
1506982826,22675709,3732.00,0.01252032,0
1506982729,22675687,3730.47,0.00291562,0
1506982702,22675684,3730.67,0.01336757,0
1506982700,22675683,3723.10,0.28000000,1
1506982683,22675677,3729.50,0.01762594,0
1506982682,22675676,3730.67,0.01457867,1
1506982679,22675674,3730.70,0.00287735,0
1506982675,22675669,3730.67,0.02643251,0
1506982642,22675658,3730.40,0.26336066,0
1506982631,22675653,3730.37,0.01457700,0
1506982563,22675588,3729.57,0.01509674,0
1506982503,22675531,3731.23,0.00841600,0
1506982494,22675530,3721.30,0.00150097,1
1506982491,22675527,3721.20,0.00300194,1
1506982487,22675526,3721.16,0.00600388,1
1506982485,22675525,3731.52,0.13382197,0
1506982485,22675524,3721.10,0.01200776,1
1506982481,22675523,3721.51,0.02401551,1
1506982479,22675517,3721.41,0.04803103,1
1506982474,22675515,3721.21,0.09606207,1
1506982470,22675513,3721.51,0.19212414,1
1506982468,22675512,3721.44,0.38424828,1
1506982466,22675511,3731.70,0.00746262,0
1506982465,22675510,3731.70,0.01256390,0
1506982461,22675506,3731.70,0.01509674,0
1506982404,22675495,3731.80,0.03089932,0
1506982396,22675493,3731.80,0.03907510,1
1506982395,22675492,3731.79,0.01372453,0
1506982394,22675491,3731.79,0.00287748,0
1506982361,22675483,3731.60,0.00749731,0
1506982315,22675480,3731.80,0.05279464,0
1506982261,22675463,3731.20,0.01843735,0
1506982247,22675451,3731.40,0.05113184,0
1506982221,22675412,3721.00,0.09839800,1
1506982221,22675411,3722.67,0.00268030,1
1506982195,22675360,3731.89,0.27158356,1
1506982193,22675356,3731.90,0.97998392,0
1506982193,22675355,3731.89,0.03320402,0
1506982164,22675349,3731.90,0.10119376,0
1506982144,22675344,3732.00,0.02522629,0
1506982126,22675342,3732.00,0.00530821,0
1506982125,22675341,3731.99,0.01637066,0
1506982058,22675310,3722.80,0.18202085,1
1506982058,22675308,3725.00,0.04000000,1
1506982025,22675288,3731.89,0.01684749,0
1506982023,22675287,3731.90,0.07163375,0
1506981928,22675262,3731.50,0.20834959,0
1506981925,22675261,3731.50,0.02838400,0
1506981924,22675260,3731.59,0.01129640,0
1506981913,22675247,3731.80,1.00000000,0
1506981906,22675236,3725.00,0.06000000,1
1506981849,22675188,3731.90,0.07983287,0
1506981849,22675187,3731.89,0.02016713,0
1506981848,22675186,3731.89,0.07912160,0
1506981811,22675114,3731.60,0.10000000,0
1506981792,22675101,3731.58,0.02652270,0
1506981782,22675090,3731.58,0.06148033,0
1506981764,22675084,3731.80,0.08598713,0
1506981745,22675079,3731.39,0.02643789,0
1506981725,22675077,3722.90,0.00464649,1
1506981725,22675076,3723.04,0.01962418,1
1506981712,22675070,3731.80,0.00150343,0
1506981707,22675067,3731.80,0.00300685,0
1506981704,22675066,3731.80,0.00601371,0
1506981701,22675065,3731.80,0.01202742,0
1506981698,22675063,3731.90,0.02405484,0
1506981694,22675062,3732.00,0.01576584,0
1506981693,22675061,3731.98,0.03234384,0
1506981691,22675059,3730.50,0.09621936,0
1506981686,22675058,3730.60,0.19243872,0
1506981685,22675057,3730.60,0.38487744,0
1506981662,22675053,3730.60,0.00268053,0
1506981644,22675035,3730.60,0.03020961,0
1506981589,22674998,3723.04,0.00214663,1
1506981563,22674980,3731.77,0.02480050,0
1506981526,22674949,3732.60,0.02651714,0
1506981517,22674946,3723.71,0.15561900,1
1506981515,22674943,3723.70,0.06825635,1
1506981512,22674938,3732.90,0.18631707,0
1506981407,22674891,3732.40,0.04994627,0
1506981384,22674886,3732.79,0.00749091,0
1506981364,22674875,3733.19,0.24849525,0
1506981329,22674870,3729.90,0.85712217,0
1506981250,22674836,3730.20,0.07998021,0
1506981245,22674830,3730.20,0.01682779,0
1506981244,22674827,3723.04,0.02822919,1
1506981244,22674826,3723.99,0.01339021,1
1506981214,22674782,3730.30,0.02674048,0
1506981198,22674763,3725.88,0.27430000,1
1506981197,22674761,3725.90,0.28683173,1
1506981197,22674760,3727.15,0.02676308,1
1506981197,22674759,3729.79,0.00155762,1
1506981159,22674739,3735.30,0.26216244,0
1506981158,22674738,3735.30,0.07889756,0
1506981143,22674728,3729.79,0.02044238,1
1506981143,22674727,3730.00,0.01250000,1
1506981141,22674724,3730.73,0.00896804,1
1506981141,22674723,3730.73,0.02199856,1
1506981141,22674722,3730.73,0.01783731,1
1506981124,22674712,3735.70,0.01253617,0
1506981121,22674709,3730.73,0.01038022,1
1506981101,22674703,3735.90,0.64617307,0
1506981101,22674702,3735.89,0.01035536,0
1506981088,22674698,3732.00,5.93992968,1
1506981085,22674697,3736.01,0.28097449,0
1506981084,22674696,3735.10,0.09798620,0
1506981084,22674695,3735.10,0.60201380,1
1506981036,22674679,3735.10,0.13928906,1
1506981033,22674673,3735.10,0.15522315,1
1506980922,22674636,3739.60,0.39387398,0
1506980895,22674618,3739.40,0.05287863,0
1506980887,22674615,3739.50,0.02454071,0
1506980886,22674613,3739.50,0.04996628,0
1506980822,22674604,3739.80,0.13682626,0
1506980820,22674603,3739.39,0.02071072,0
1506980776,22674588,3739.50,0.12214694,0
1506980766,22674584,3739.60,0.05324000,0
1506980765,22674583,3734.10,0.06433700,1
1506980756,22674571,3739.70,0.02908583,0
1506980740,22674559,3734.10,0.15230458,1
1506980740,22674558,3734.10,0.00317542,1
1506980704,22674525,3739.80,0.02453875,0
1506980675,22674477,3739.80,0.22170290,0
1506980673,22674475,3739.79,0.04142145,0
1506980634,22674460,3734.10,0.00482458,1
1506980611,22674457,3734.10,0.55171600,1
1506980603,22674456,3739.90,1.23022115,0
1506980603,22674455,3739.89,0.08284289,0
1506980588,22674452,3739.90,0.00748110,0
1506980586,22674451,3739.90,0.02526087,0
1506980578,22674448,3739.90,0.15246842,0
1506980555,22674447,3739.90,0.00299888,0
1506980534,22674445,3739.90,0.03432871,0
1506980523,22674439,3739.90,0.00592000,0
1506980500,22674432,3739.90,0.01443887,0
1506980485,22674429,3739.99,0.13335597,0
1506980481,22674381,3739.90,0.78137918,0
1506980435,22674364,3739.90,0.20003743,0
1506980422,22674363,3739.90,0.00748110,0
1506980414,22674362,3739.90,0.03957159,0
1506980382,22674321,3739.90,0.03098279,0
1506980359,22674310,3739.90,0.08326960,0
1506980220,22674289,3739.99,0.05334239,0
1506980213,22674283,3739.99,0.00710000,0
1506980204,22674282,3739.99,0.00749510,0
1506980148,22674269,3739.99,0.04286233,0
1506980147,22674268,3739.90,0.25128005,0
1506980138,22674257,3734.10,0.22701150,1
1506980123,22674248,3739.90,0.02623153,0
1506980099,22674177,3739.90,0.19025000,0
1506980022,22674161,3739.90,0.13743364,0
1506980022,22674160,3739.90,0.11263948,0
1506980005,22674156,3733.00,0.10347399,0
1506979996,22674154,3732.10,0.05029574,1
1506979994,22674153,3733.00,0.06588339,0
1506979984,22674152,3733.00,0.05044322,0
1506979960,22674148,3732.10,0.30000000,1
1506979952,22674146,3733.00,0.04644440,0
1506979937,22674144,3732.00,0.16300000,1
1506979881,22674133,3733.00,0.03600000,0
1506979879,22674132,3732.00,0.23062119,1
1506979878,22674131,3733.00,0.02171000,0
1506979855,22674114,3739.29,0.01335720,0
1506979803,22674106,3739.90,0.26121164,0
1506979786,22674102,3739.90,0.04140010,0
1506979784,22674101,3732.00,1.04229426,1
1506979681,22674069,3739.90,0.08329029,0
1506979652,22674065,3732.10,0.00214142,1
1506979607,22674056,3739.90,0.00693601,0
1506979601,22674055,3739.90,0.10668734,0
1506979559,22674043,3732.10,0.11282154,1
1506979521,22674030,3732.10,0.08010000,1
1506979511,22674026,3732.10,0.01617544,1
1506979401,22673871,3732.00,2.00000000,1
1506979389,22673830,3732.00,0.04838892,1
1506979388,22673828,3732.00,0.00459508,1
1506979388,22673827,3732.00,0.25577706,1
1506979386,22673817,3732.00,0.01227640,1
1506979383,22673803,3732.00,0.10177000,1
1506979382,22673800,3732.00,0.01227640,1
1506979380,22673782,3732.00,0.15598474,1
1506979380,22673779,3732.10,0.11052589,1
1506979379,22673773,3732.10,0.23000000,1
1506979374,22673753,3732.00,0.10903814,1
1506979371,22673745,3732.00,0.01182810,1
1506979371,22673742,3732.00,0.15671022,1
1506979369,22673733,3732.00,0.01182810,1
1506979366,22673717,3732.00,0.01134812,1
1506979365,22673709,3732.00,0.01182810,1
1506979364,22673704,3732.00,0.27684929,1
1506979364,22673702,3732.10,1.54678125,1
1506979364,22673698,3732.10,1.02431875,1
1506979361,22673678,3732.00,0.01182810,1
1506979358,22673631,3732.00,0.01182810,1
1506979358,22673624,3732.10,0.55134390,1
1506979358,22673622,3732.10,0.00459453,1
1506979355,22673609,3739.99,0.15228983,0
1506979349,22673562,3732.10,0.10558121,1
1506979330,22673546,3739.90,0.01271871,0
1506979321,22673544,3739.90,0.23044786,0
1506979281,22673528,3739.90,0.13339137,0
1506979244,22673520,3739.90,0.08226730,0
1506979233,22673519,3739.90,0.02667183,0
1506979224,22673516,3739.90,0.07725000,0
1506979213,22673514,3739.90,0.03815174,0
1506979203,22673500,3739.90,0.07318082,0
1506979195,22673499,3739.90,0.05923097,0
1506979141,22673493,3739.90,0.00559908,0
1506979123,22673485,3739.90,0.30567055,0
1506979063,22673433,3732.80,0.01309515,1
1506979052,22673427,3733.03,0.01634910,1
1506979050,22673426,3734.00,0.09365090,1
1506979039,22673425,3739.90,0.02518621,0
1506979018,22673422,3739.90,0.02644611,0
1506978972,22673404,3739.90,0.03325000,0
1506978964,22673394,3739.90,0.01252061,0
1506978946,22673385,3744.10,0.01971368,0
1506978935,22673380,3734.20,0.00030893,1
1506978935,22673379,3740.00,0.10000000,1
1506978888,22673361,3744.19,0.26185541,0
1506978865,22673348,3744.10,0.02596004,0
1506978826,22673327,3744.10,0.01532503,0
1506978826,22673326,3744.08,0.01083998,0
1506978824,22673325,3733.31,0.01076032,1
1506978821,22673324,3744.10,0.01598514,0
1506978773,22673311,3744.10,0.02777889,0
1506978773,22673310,3742.50,0.03453009,0
1506978709,22673278,3742.50,0.00546991,0
1506978707,22673277,3742.49,0.07448753,0
1506978703,22673273,3742.49,0.02085257,0
1506978670,22673267,3733.50,0.09339836,0
1506978670,22673266,3733.50,0.04000000,1
1506978651,22673259,3744.10,0.10577450,0
1506978646,22673258,3744.10,0.00665848,0
1506978625,22673249,3744.10,0.02384186,0
1506978584,22673231,3744.10,0.01295020,0
1506978467,22673197,3744.10,0.06774644,0
1506978465,22673196,3744.10,0.01656019,0
1506978445,22673186,3734.72,0.00198453,1
1506978444,22673185,3744.00,0.10617878,0
1506978444,22673184,3743.99,0.04029923,0
1506978442,22673183,3734.83,0.06682412,0
1506978422,22673175,3734.83,0.02050428,0
1506978391,22673116,3734.83,0.00267160,1
1506978360,22673107,3735.10,0.09426024,1
1506978304,22673097,3744.18,0.06127376,0
1506978284,22673084,3744.19,0.00768200,0
1506978264,22673070,3744.10,1.03366426,0
1506978264,22673069,3744.01,0.04113662,0
1506978264,22673068,3743.94,0.23030307,0
1506978262,22673067,3744.00,0.00747344,0
1506978226,22673059,3743.95,0.46165044,0
1506978224,22673058,3732.86,0.02234163,1
1506978206,22673048,3742.49,0.07151692,0
1506978206,22673047,3742.06,0.05112638,0
1506978186,22673044,3733.41,0.01861922,1
1506978185,22673036,3742.11,0.05673103,0
1506978161,22673028,3742.23,0.13117879,0
1506978130,22673017,3742.80,0.02593789,0
1506978074,22673001,3743.85,0.26199235,0
1506978073,22673000,3743.85,0.05329273,0
1506978072,22672997,3733.31,0.13766131,1
1506978064,22672993,3743.82,0.01075000,0
1506978030,22672985,3744.07,0.13172830,0
1506978019,22672984,3732.30,0.43394951,1
1506978019,22672983,3732.31,0.30000000,1
1506978019,22672982,3732.33,0.34305049,1
1506978011,22672980,3741.52,0.00374171,0
1506978010,22672977,3741.55,0.00641437,0
1506978007,22672975,3732.40,0.05636653,1
1506977978,22672968,3741.79,0.13117180,0
1506977965,22672965,3741.80,0.01742822,0
1506977952,22672962,3733.01,0.01683338,1
1506977947,22672961,3741.89,0.00150000,0
1506977946,22672960,3741.89,0.06931298,0
1506977943,22672959,3741.86,0.01252065,0
1506977859,22672927,3742.49,0.10164268,0
1506977851,22672923,3730.01,0.37645329,1
1506977844,22672921,3742.51,0.05122252,0
1506977838,22672919,3730.06,0.00214262,0
1506977823,22672916,3742.51,0.13997371,0
1506977808,22672914,3731.07,0.87969370,1
1506977805,22672913,3742.54,0.00999675,0
1506977784,22672904,3742.40,0.00110691,0
1506977784,22672903,3742.39,0.01141340,0
1506977746,22672892,3744.10,0.04625162,0
1506977746,22672891,3744.09,0.01877210,0
1506977711,22672877,3744.09,0.00470000,0
1506977704,22672872,3744.10,0.01252061,0
1506977666,22672808,3744.10,0.01117553,0
1506977665,22672807,3744.10,0.01297385,0
1506977644,22672802,3744.10,0.02565308,0
1506977624,22672794,3743.90,0.00779018,0
1506977604,22672791,3744.10,0.01697299,0
1506977599,22672789,3735.40,0.33801334,1
1506977599,22672788,3736.22,0.00266447,1
1506977592,22672785,3744.10,0.02381731,0
1506977583,22672783,3744.19,0.00779018,0
1506977483,22672757,3744.19,0.01291784,0
1506977444,22672746,3744.10,0.02468180,0
1506977444,22672745,3744.10,1.83466973,0
1506977443,22672744,3744.07,0.16533027,0
1506977427,22672743,3744.07,0.00743066,0
1506977415,22672741,3744.19,0.80747505,0
1506977411,22672740,3743.97,0.01661099,0
1506977366,22672726,3744.19,0.04757076,0
1506977359,22672725,3731.33,0.18937192,1
1506977345,22672721,3744.60,0.36604924,0
1506977343,22672718,3744.57,0.89928403,0
1506977288,22672699,3744.99,5.53710423,0
1506977288,22672697,3744.98,0.10000000,0
1506977288,22672695,3744.97,0.03390540,0
1506977287,22672694,3743.60,0.50801863,0
1506977287,22672693,3742.41,5.50000000,0
1506977287,22672692,3742.09,0.02257409,0
1506977286,22672691,3742.00,0.21744779,0
1506977286,22672690,3741.79,0.02112206,0
1506977284,22672688,3741.37,0.05374269,0
1506977276,22672683,3741.31,0.00810991,0
1506977265,22672682,3731.73,0.10000000,1
1506977243,22672679,3740.80,0.02515807,0
1506977186,22672658,3741.74,0.01389727,0
1506977155,22672634,3742.00,0.01335065,0
1506977123,22672624,3742.06,0.02566802,0
1506977099,22672603,3732.13,0.32562148,1
1506977089,22672596,3741.82,0.32458202,0
1506977087,22672595,3738.00,0.17566798,0
1506977083,22672592,3731.94,0.02091471,1
1506977067,22672584,3742.06,0.01545354,0
1506977048,22672577,3741.80,0.01275857,0
1506977043,22672575,3741.87,0.10492044,0
1506976984,22672560,3740.97,0.00747894,0
1506976926,22672491,3742.09,0.00742591,0
1506976844,22672454,3731.40,0.10955607,1
1506976832,22672452,3741.29,0.13315281,1
1506976830,22672450,3741.29,0.18679031,0
1506976824,22672445,3740.97,0.02622731,0
1506976803,22672427,3730.31,0.16138286,0
1506976802,22672422,3730.36,0.21673206,1
1506976751,22672390,3741.44,0.21673206,1
1506976749,22672388,3733.60,1.11866167,0
1506976741,22672386,3733.60,0.01255583,0
1506976724,22672377,3733.60,0.10114758,0
1506976706,22672372,3733.60,0.01129034,0
1506976704,22672371,3733.60,0.01282605,0
1506976700,22672370,3730.20,2.24976905,1
1506976700,22672369,3730.38,0.00668297,1
1506976698,22672368,3730.41,0.73336498,1
1506976656,22672347,3733.60,0.01334743,0
1506976626,22672342,3733.60,0.02536009,0
1506976594,22672331,3733.60,0.02740000,0
1506976509,22672296,3733.60,0.09742515,0
1506976509,22672295,3733.38,0.00928974,0
1506976499,22672290,3733.38,0.00535700,0
1506976488,22672285,3733.38,0.06570915,0
1506976482,22672276,3733.38,0.01314011,0
1506976476,22672274,3733.38,0.09262757,0
1506976468,22672271,3733.38,0.09876247,0
1506976468,22672270,3733.37,0.01661632,0
1506976453,22672264,3733.37,0.01765354,0
1506976445,22672259,3730.41,0.10558016,1
1506976445,22672258,3732.01,0.02911627,1
1506976435,22672244,3733.38,0.01500000,1
1506976433,22672242,3733.60,0.86191785,1
1506976433,22672240,3742.56,0.00000139,1
1506976424,22672236,3742.67,0.00747552,0
1506976417,22672230,3742.56,0.01911242,1
1506976414,22672229,3742.52,0.05088619,0
1506976406,22672225,3742.53,0.04579745,0
1506976388,22672214,3732.08,0.13000000,1
1506976383,22672212,3732.01,0.10488373,1
1506976379,22672205,3742.76,0.01018226,0
1506976379,22672204,3742.59,0.02157626,0
1506976379,22672202,3742.58,0.05576550,0
1506976345,22672181,3742.59,0.00853867,0
1506976323,22672163,3742.69,0.06129816,0
1506976261,22672113,3742.72,0.05207810,0
1506976253,22672110,3742.88,0.02665060,0
1506976244,22672108,3742.87,0.01539174,0
1506976224,22672098,3732.30,0.02764269,1
1506976203,22672091,3743.75,0.02513865,0
1506976201,22672090,3731.67,0.12126233,1
1506976172,22672082,3744.27,0.10025000,0
1506976153,22672079,3744.29,0.01993132,0
1506976134,22672070,3733.65,0.05567399,1
1506976122,22672060,3744.29,0.01882998,0
1506976112,22672051,3744.29,0.05328113,0
1506976109,22672050,3732.90,0.08501513,0
1506976109,22672049,3729.01,0.11159800,1
1506976093,22672032,3744.29,0.01293592,0
1506976087,22672027,3732.30,0.86849082,1
1506976048,22672011,3744.27,0.01270886,0
1506976043,22672003,3734.31,0.03831773,1
1506976034,22672002,3744.29,0.00286808,0
1506976024,22672000,3744.39,0.01271705,0
1506976023,22671998,3744.39,0.06096286,0
1506976017,22671995,3733.50,0.00214309,1
1506976011,22671990,3733.30,0.01828000,1
1506975970,22671926,3744.90,0.02481273,0
1506975968,22671924,3744.90,0.00840762,0
1506975941,22671913,3744.50,1.17801259,0
1506975941,22671912,3736.00,0.65015451,0
1506975941,22671911,3735.90,2.17208290,0
1506975912,22671900,3735.90,0.06559461,0
1506975911,22671898,3735.90,0.00287139,0
1506975902,22671893,3735.90,0.01262029,0
1506975873,22671883,3731.29,0.39984003,1
1506975873,22671882,3732.00,0.00005998,1
1506975852,22671873,3732.00,0.14994002,1
1506975845,22671872,3735.90,0.02493081,0
1506975824,22671866,3736.00,0.00738838,0
1506975808,22671860,3735.90,0.00765222,0
1506975806,22671859,3735.90,0.07659692,0
1506975805,22671857,3735.90,0.05192964,0
1506975801,22671855,3735.90,0.80026731,0
1506975799,22671852,3735.87,0.12358640,0
1506975794,22671850,3736.00,0.02069685,0
1506975793,22671849,3736.00,0.01732352,0
1506975783,22671823,3736.00,0.02600418,0
1506975737,22671783,3736.00,0.25566656,0
1506975706,22671766,3736.00,0.02676600,0
1506975704,22671764,3735.90,0.02618313,0
1506975683,22671752,3735.87,0.00779912,0
1506975605,22671711,3739.77,0.01808773,0
1506975584,22671708,3739.90,0.53025175,0
1506975584,22671707,3739.87,0.00270000,0
1506975584,22671706,3739.00,0.15000000,0
1506975565,22671700,3739.87,0.00765747,0
1506975552,22671694,3739.90,0.02643009,0
1506975547,22671689,3739.87,0.08224961,0
1506975515,22671659,3728.57,0.05254197,1
1506975467,22671642,3743.30,0.12958016,0
1506975466,22671641,3743.17,0.02586861,0
1506975451,22671637,3743.56,0.03167306,0
1506975438,22671635,3743.76,0.13114697,0
1506975414,22671633,3744.19,0.00426260,0
1506975414,22671632,3744.19,0.01331930,0
1506975407,22671630,3744.29,0.00777766,0
1506975404,22671629,3726.09,0.22938003,1
1506975395,22671625,3728.92,0.02466465,1
1506975395,22671624,3729.25,0.00267560,1
1506975395,22671623,3730.12,0.00668343,1
1506975380,22671610,3730.52,0.42500000,1
1506975379,22671608,3735.23,0.02030000,1
1506975379,22671607,3736.90,0.00667131,1
1506975325,22671576,3744.80,0.01251794,0
1506975318,22671571,3744.89,0.00400000,0
1506975299,22671567,3744.90,0.21122477,0
1506975297,22671565,3744.89,0.05056000,0
1506975206,22671530,3744.90,0.02513724,0
1506975205,22671528,3744.90,0.03775387,0
1506975107,22671425,3744.99,0.05260753,0
1506975007,22671335,3735.23,0.01500000,1
1506974990,22671325,3744.90,0.38082460,0
1506974963,22671311,3733.20,0.01587181,1
1506974959,22671307,3744.99,0.03761313,0
1506974959,22671306,3744.97,0.02585764,0
1506974936,22671278,3744.99,0.02598403,0
1506974934,22671276,3744.95,0.02597639,0
1506974933,22671275,3744.97,0.02490053,0
1506974908,22671265,3744.95,0.02480633,0
1506974906,22671262,3744.97,0.02490053,0
1506974872,22671253,3744.99,0.04844083,0
1506974866,22671250,3744.99,0.01758529,0
1506974865,22671248,3744.97,0.02578361,0
1506974857,22671245,3734.24,0.15212000,0
1506974842,22671241,3744.99,5.74933012,0
1506974842,22671240,3744.90,2.26870000,0
1506974825,22671194,3744.99,0.02514592,0
1506974807,22671187,3744.99,0.28033742,0
1506974806,22671186,3744.00,0.21991258,0
1506974805,22671185,3744.00,0.00330675,0
1506974805,22671184,3743.80,0.07231988,0
1506974764,22671167,3744.00,0.38121050,0
1506974764,22671166,3743.99,0.10978169,0
1506974764,22671165,3743.93,0.50925781,0
1506974755,22671160,3735.30,0.10494469,0
1506974741,22671151,3735.11,0.10950066,1
1506974726,22671144,3734.73,0.50925781,1
1506974726,22671142,3738.47,0.05400378,1
1506974726,22671141,3738.50,0.00556239,1
1506974726,22671140,3740.00,0.43117602,1
1506974725,22671137,3740.00,0.02112621,1
1506974707,22671124,3743.90,0.39135317,0
1506974705,22671123,3743.90,0.03776497,0
1506974704,22671121,3743.90,0.00764549,0
1506974702,22671120,3743.90,0.01304086,0
1506974681,22671116,3743.90,0.05076979,0
1506974681,22671115,3743.90,0.02664334,0
1506974644,22671104,3744.00,0.02513952,0
1506974634,22671100,3744.00,0.18649840,0
1506974623,22671090,3744.00,0.13330125,0
1506974611,22671080,3743.90,0.05279833,0
1506974603,22671068,3743.80,0.10310186,0
1506974603,22671067,3743.19,0.01035992,0
1506974602,22671063,3738.50,0.08949783,1
1506974577,22671043,3738.50,0.28320388,1
1506974574,22671037,3743.20,0.02647677,0
1506974547,22671010,3743.70,0.03897580,0
1506974538,22671008,3743.80,0.80130300,0
1506974521,22670997,3738.50,0.02146972,1
1506974484,22670966,3744.60,0.02470553,0
1506974466,22670963,3738.47,0.00441035,1
1506974464,22670961,3739.93,0.02740000,1
1506974463,22670959,3744.60,2.10574357,1
1506974461,22670956,3744.59,0.03066543,0
1506974460,22670955,3744.59,0.00286788,0
1506974453,22670954,3744.90,2.13623800,0
1506974444,22670946,3744.90,0.26086288,0
1506974352,22670883,3738.47,0.46158587,1
1506974349,22670882,3738.60,0.44182529,1
1506974349,22670881,3740.56,0.02000000,1
1506974349,22670880,3744.00,0.05000000,1
1506974344,22670879,3744.97,0.02276329,0
1506974323,22670870,3744.98,5.00000000,0
1506974303,22670859,3744.98,0.03106236,0
1506974299,22670854,3744.98,0.01988455,0
1506974298,22670851,3744.98,0.01339127,0
1506974298,22670850,3744.98,0.01025000,0
1506974294,22670849,3738.60,1.36563252,1
1506974271,22670816,3744.98,0.48311003,0
1506974271,22670814,3744.56,0.13873245,0
1506974271,22670811,3744.53,0.19394706,0
1506974267,22670797,3744.56,0.06126755,0
1506974253,22670771,3738.60,0.45409988,1
1506974247,22670765,3738.60,0.02135323,1
1506974244,22670764,3744.53,0.01041339,0
1506974240,22670757,3738.60,1.04129192,1
1506974204,22670710,3744.53,0.01536237,0
1506974174,22670693,3744.47,0.00627126,0
1506974130,22670645,3729.26,0.20000000,1
1506974123,22670641,3730.66,0.19946831,1
1506974123,22670640,3735.43,0.00053169,1
1506974103,22670634,3744.90,0.02450532,0
1506974081,22670579,3735.43,0.00213951,1
1506974073,22670576,3744.90,0.04145547,0
1506974072,22670575,3744.90,0.07878818,0
1506974072,22670573,3744.90,0.02642939,0
1506974071,22670570,3744.89,0.01979252,0
1506974046,22670561,3744.80,0.01178210,0
1506974046,22670560,3744.79,0.03958504,0
1506974024,22670550,3744.90,0.00772452,0
1506974023,22670548,3744.90,0.01535835,0
1506973969,22670526,3744.79,0.00198579,1
1506973968,22670524,3744.79,0.05128823,0
1506973965,22670522,3744.79,0.02555501,0
1506973942,22670518,3744.51,0.08317632,0
1506973942,22670517,3744.00,0.05000000,0
1506973909,22670498,3730.88,0.25000000,1
1506973909,22670497,3734.00,0.05000000,1
1506973863,22670471,3744.98,0.12252402,0
1506973860,22670467,3744.98,0.02357556,0
1506973847,22670464,3744.98,0.05024200,0
1506973845,22670463,3744.98,0.02513670,0
1506973844,22670462,3744.98,0.02513724,0
1506973827,22670457,3744.98,0.04625832,0
1506973826,22670456,3744.89,0.02032730,0
1506973809,22670449,3730.70,0.99000000,0
1506973807,22670448,3744.90,0.02450532,0
1506973804,22670447,3730.46,0.60430940,1
1506973804,22670445,3732.32,1.07500000,1
1506973803,22670444,3739.00,0.30738584,1
1506973803,22670443,3743.00,0.01330476,1
1506973795,22670439,3743.00,0.01000000,1
1506973793,22670438,3744.00,0.01000000,1
1506973752,22670418,3744.90,0.01278851,0
1506973745,22670416,3744.90,0.02581747,0
1506973707,22670406,3744.90,0.02548148,0
1506973705,22670405,3744.90,0.06548536,0
1506973684,22670401,3744.90,0.01303513,0
1506973683,22670399,3744.90,0.02450533,0
1506973676,22670397,3744.90,0.00794414,0
1506973658,22670393,3744.90,0.06658923,0
1506973636,22670390,3744.90,0.14423667,0
1506973635,22670389,3744.90,0.26204791,0
1506973635,22670388,3744.90,0.03952153,0
1506973618,22670380,3744.90,0.01006700,0
1506973568,22670349,3743.00,0.00209179,1
1506973544,22670334,3744.90,0.01756740,0
1506973525,22670323,3744.90,0.01649426,0
1506973507,22670311,3744.90,0.02501733,0
1506973490,22670305,3744.90,0.51177248,0
1506973490,22670304,3743.00,0.00618040,0
1506973488,22670302,3743.00,0.02593486,0
1506973475,22670291,3744.90,0.01341558,0
1506973464,22670286,3744.98,0.24648967,0
1506973462,22670284,3744.90,0.05136851,0
1506973457,22670279,3744.90,0.00889010,0
1506973442,22670269,3744.98,0.01065426,0
1506973440,22670265,3739.00,0.15000000,1
1506973424,22670254,3744.98,0.02614817,0
1506973392,22670241,3744.90,0.00133514,0
1506973382,22670237,3744.90,0.05024576,0
1506973352,22670198,3744.98,0.36824762,0
1506973352,22670197,3744.97,0.10000000,0
1506973351,22670196,3744.90,1.92901567,0
1506973329,22670184,3744.90,0.13652955,0
1506973324,22670182,3739.00,0.15383632,1
1506973287,22670174,3744.90,0.10403336,0
1506973286,22670173,3744.90,0.09712142,0
1506973280,22670172,3744.98,0.10547663,0
1506973278,22670168,3744.87,0.09111464,0
1506973277,22670167,3744.87,0.05260767,0
1506973266,22670155,3739.00,0.00213929,1
1506973262,22670141,3744.87,0.01677373,0
1506973245,22670131,3744.87,0.00816276,0
1506973225,22670128,3739.00,0.06712183,1
1506973210,22670126,3739.00,0.38869771,1
1506973209,22670122,3739.10,2.41130229,1
1506973183,22670113,3739.10,0.01649771,1
1506973169,22670103,3739.00,0.26681901,0
1506973166,22670102,3739.00,0.01638883,0
1506973146,22670093,3740.00,0.15695422,1
1506973146,22670092,3740.01,0.69800000,1
1506973141,22670091,3744.87,0.03134120,0
1506973140,22670090,3744.60,0.02943205,0
1506973133,22670087,3740.01,0.02900000,1
1506973123,22670081,3744.60,0.01504365,0
1506973101,22670071,3744.60,0.02090369,0
1506973081,22670050,3736.50,1.60000000,1
1506973064,22670049,3744.60,0.02614761,0
1506973046,22670031,3744.98,0.12513797,0
1506973041,22670030,3736.60,1.92002032,1
1506973039,22670027,3744.60,0.09000000,1
1506972986,22670012,3744.98,0.02294612,0
1506972971,22669983,3744.98,0.02237395,0
1506972939,22669974,3744.98,0.01340728,0
1506972908,22669969,3744.98,0.11400000,0
1506972876,22669956,3744.98,0.01239975,0
1506972876,22669955,3744.97,0.12000000,0
1506972874,22669954,3744.40,0.12937874,0
1506972870,22669953,3744.40,0.01331856,0
1506972868,22669952,3744.40,0.02495799,0
1506972825,22669922,3744.98,0.02614754,0
1506972807,22669910,3744.40,0.00140000,1
1506972804,22669909,3744.98,0.15532178,0
1506972794,22669896,3744.98,0.26276846,0
1506972793,22669895,3744.98,0.06594413,0
1506972793,22669894,3744.98,0.00810361,0
1506972770,22669886,3744.98,0.05000000,0
1506972766,22669884,3738.60,0.52298390,1
1506972755,22669879,3744.98,0.26675469,0
1506972738,22669872,3744.98,0.06742263,0
1506972723,22669862,3744.99,0.02614747,0
1506972712,22669845,3744.99,0.20000000,0
1506972707,22669843,3744.99,0.01681381,0
1506972707,22669842,3744.99,0.73015355,0
1506972707,22669841,3744.98,0.02184645,0
1506972706,22669840,3744.98,0.11815355,0
1506972706,22669839,3744.98,0.01221144,0
1506972704,22669838,3744.98,0.00778856,0
1506972675,22669830,3744.99,0.13163931,0
1506972663,22669812,3744.99,0.02114100,0
1506972655,22669803,3745.00,0.04369700,0
1506972626,22669799,3745.00,0.06465293,0
1506972619,22669755,3745.00,0.00266222,0
1506972616,22669751,3745.00,0.02663551,0
1506972615,22669747,3738.80,0.36000000,1
1506972615,22669744,3739.00,0.14000000,1
1506972604,22669731,3745.00,0.02587562,0
1506972590,22669724,3738.80,0.40000000,1
1506972563,22669696,3744.90,0.01251771,0
1506972551,22669692,3745.00,0.00000017,0
1506972551,22669691,3744.97,0.55385983,0
1506972530,22669679,3744.97,0.12300000,0
1506972525,22669678,3744.97,0.18800000,0
1506972505,22669671,3744.97,0.01246667,0
1506972484,22669656,3744.97,0.12251738,0
1506972471,22669640,3744.97,0.26700000,0
1506972461,22669638,3744.97,0.02614754,0
1506972440,22669632,3737.41,0.60000000,1
1506972438,22669630,3744.97,0.05500000,0
1506972402,22669601,3744.97,0.00747111,0
1506972354,22669572,3744.97,0.34499876,0
1506972323,22669560,3744.97,0.03528614,0
1506972315,22669559,3744.97,0.26325257,0
1506972301,22669548,3744.97,0.12608335,0
1506972288,22669542,3745.00,0.39938050,0
1506972287,22669541,3744.99,0.33432078,0
1506972280,22669539,3734.21,0.07763572,1
1506972275,22669536,3744.92,0.12804503,0
1506972271,22669534,3733.97,0.20000000,0
1506972265,22669531,3733.78,0.00214083,1
1506972223,22669518,3744.99,0.05162646,0
1506972184,22669493,3745.00,0.06237463,0
1506972184,22669492,3743.99,0.20000000,0
1506972164,22669487,3743.97,0.02439545,0
1506972159,22669485,3743.97,0.02677372,0
1506972144,22669469,3732.10,0.13703690,1
1506972140,22669462,3743.97,0.03969583,0
1506972127,22669439,3743.74,0.06740334,0
1506972113,22669436,3743.74,0.26647150,0
1506972103,22669424,3743.75,0.00847300,0
1506972103,22669423,3743.74,0.01779173,0
1506972100,22669420,3743.74,0.00288761,0
1506972087,22669408,3743.73,0.03996549,1
1506972073,22669390,3735.53,0.01341670,0
1506972051,22669365,3743.06,0.07179641,0
1506972039,22669359,3739.00,0.11678541,0
1506972034,22669353,3730.70,0.00195555,1
1506972033,22669352,3730.57,0.08065415,1
1506972026,22669348,3738.97,0.38677417,0
1506972019,22669339,3738.80,0.01120000,1
1506972015,22669336,3738.67,0.11160199,0
1506972014,22669334,3734.10,0.03953025,0
1506972008,22669328,3734.00,0.02608404,0
1506972007,22669326,3730.00,0.08982625,0
1506972007,22669325,3727.90,3.00158874,0
1506971991,22669319,3727.90,0.02515357,0
1506971990,22669318,3727.90,0.06778615,0
1506971986,22669317,3727.90,0.02071030,0
1506971984,22669316,3724.44,0.30000000,1
1506971983,22669315,3727.90,0.25183886,0
1506971956,22669300,3725.43,0.03197710,1
1506971951,22669298,3727.90,0.11240645,0
1506971949,22669291,3727.90,0.02675769,0
1506971925,22669280,3727.90,0.02426050,0
1506971891,22669229,3724.20,0.01250000,1
1506971883,22669225,3727.90,0.01575000,0
1506971870,22669212,3727.90,0.01358672,0
1506971862,22669202,3727.80,0.52258205,0
1506971859,22669200,3727.80,0.03741795,0
1506971858,22669199,3727.80,0.00495021,0
1506971858,22669198,3727.00,0.11863284,0
1506971853,22669190,3725.00,0.05000000,0
1506971848,22669185,3724.00,0.13456815,0
1506971835,22669173,3724.00,0.00526645,1
1506971832,22669172,3724.00,7.11473355,0
1506971826,22669167,3724.00,1.31251809,0
1506971824,22669166,3724.00,0.01614411,0
1506971803,22669149,3724.00,0.10544941,0
1506971786,22669141,3724.00,0.10144101,0
1506971784,22669137,3724.00,0.07025000,0
1506971782,22669136,3724.00,0.05501161,0
1506971782,22669135,3723.99,0.02484243,0
1506971763,22669128,3724.00,0.00097115,0
1506971763,22669127,3723.99,0.04968486,0
1506971715,22669109,3724.00,0.02224600,0
1506971686,22669103,3724.00,0.15847965,0
1506971685,22669102,3723.99,0.07327159,0
1506971684,22669101,3723.99,0.02609813,0
1506971665,22669089,3723.99,0.01259157,0
1506971643,22669082,3723.49,0.02464623,0
1506971639,22669076,3723.58,0.01607324,0
1506971596,22669066,3723.00,0.89610900,1
1506971593,22669065,3723.00,0.10389100,0
1506971570,22669056,3716.31,0.19496376,1
1506971569,22669055,3716.32,0.22892626,0
1506971565,22669049,3722.99,0.06380840,0
1506971563,22669047,3722.99,0.06550141,0
1506971553,22669029,3716.31,0.00135000,1
1506971509,22669017,3723.00,0.00638170,0
1506971504,22669015,3723.00,0.00751526,0
1506971405,22668966,3723.00,2.19001612,0
1506971405,22668965,3723.00,0.05066949,0
1506971384,22668964,3723.00,0.00133763,0
1506971364,22668952,3723.00,0.03797595,0
1506971363,22668951,3723.00,0.10459215,0
1506971349,22668939,3723.00,0.07800000,0
1506971319,22668914,3718.00,1.11003824,1
1506971319,22668913,3718.18,0.00215248,1
1506971319,22668911,3718.50,0.03117156,1
1506971317,22668910,3719.00,0.85663772,1
1506971317,22668909,3719.00,0.00170961,1
1506971316,22668908,3723.00,0.02468040,0
1506971316,22668906,3722.99,0.01501726,0
1506971293,22668903,3723.00,0.18458965,0
1506971293,22668902,3723.00,0.04100094,0
1506971285,22668899,3723.00,0.23784715,0
1506971285,22668898,3722.99,0.03003452,0
1506971281,22668896,3719.00,0.01050707,1
1506971244,22668877,3719.00,0.03047716,1
1506971236,22668873,3723.00,0.44023097,0
1506971236,22668872,3722.99,0.06006903,0
1506971209,22668829,3723.00,0.10569478,0
1506971206,22668826,3723.00,0.00961075,0
1506971204,22668824,3723.00,0.00748282,0
1506971195,22668820,3723.00,0.04027804,0
1506971195,22668819,3723.00,0.10558357,0
1506971194,22668818,3723.00,0.25835445,0
1506971193,22668817,3723.00,0.10899230,0
1506971193,22668815,3722.89,0.43802233,0
1506971191,22668813,3722.88,0.05813314,0
1506971172,22668806,3722.88,0.01341712,0
1506971165,22668803,3722.88,0.04858780,0
1506971148,22668790,3722.88,0.09908018,0
1506971101,22668764,3719.00,0.13837095,1
1506971097,22668760,3722.88,0.01277056,0
1506971071,22668746,3722.88,0.00267803,0
1506971061,22668738,3722.89,0.01845405,0
1506971049,22668733,3722.88,0.03831027,0
1506971044,22668730,3722.88,0.02630198,0
1506971012,22668714,3722.90,0.13191696,0
1506971003,22668713,3722.89,0.11739172,0
1506970995,22668710,3722.90,0.03954428,0
1506970987,22668703,3722.90,0.25684050,0
1506970984,22668698,3722.90,0.06162400,0
1506970974,22668660,3718.50,0.35691812,1
1506970972,22668643,3718.50,0.35656851,1
1506970968,22668640,3723.00,0.67284184,0
1506970943,22668624,3723.00,0.13002569,0
1506970926,22668620,3723.00,0.02531230,0
1506970924,22668619,3723.00,0.03289961,0
1506970887,22668603,3718.50,0.00220000,1
1506970873,22668595,3723.00,0.03025000,0
1506970848,22668587,3723.00,0.02579757,0
1506970846,22668585,3723.00,0.01293878,0
1506970769,22668567,3723.00,0.00755292,0
1506970751,22668560,3723.00,0.02554178,0
1506970747,22668559,3718.50,0.20000000,1
1506970745,22668558,3723.00,0.11748559,0
1506970711,22668546,3718.50,0.01820000,1
1506970699,22668542,3718.50,0.14005000,1
1506970686,22668540,3723.00,0.05378279,0
1506970686,22668539,3719.00,0.01045145,0
1506970677,22668536,3719.00,0.04656028,0
1506970668,22668520,3719.00,0.02579757,0
1506970666,22668519,3719.00,0.02528511,0
1506970664,22668518,3718.50,0.01131705,1
1506970658,22668517,3718.50,0.16254854,1
1506970624,22668506,3719.00,0.01253224,0
1506970610,22668493,3719.00,0.03494760,1
1506970607,22668488,3719.00,0.13270769,1
1506970607,22668486,3719.00,0.02284196,1
1506970604,22668481,3719.00,0.04421303,1
1506970604,22668479,3719.01,0.00006710,1
1506970602,22668474,3719.01,0.16773270,1
1506970585,22668444,3719.01,0.21820020,1
1506970581,22668438,3723.00,0.02062464,0
1506970565,22668422,3723.00,0.01339511,0
1506970558,22668402,3723.00,0.04642416,0
1506970555,22668401,3723.00,0.06131022,0
1506970546,22668389,3723.00,0.09147488,0
1506970544,22668388,3723.00,0.00751524,0
1506970525,22668355,3719.01,0.14260951,1
1506970525,22668354,3720.00,0.73529459,1
1506970524,22668353,3720.03,0.05441013,1
1506970485,22668336,3723.00,0.03150000,0
1506970482,22668331,3723.00,0.05167026,0
1506970481,22668330,3723.00,0.01320007,0
1506970465,22668311,3723.00,0.02471007,0
1506970462,22668308,3723.00,0.25865719,0
1506970453,22668298,3723.00,0.26418651,0
1506970442,22668292,3720.03,0.00214837,1
1506970430,22668291,3723.00,0.25508832,0
1506970396,22668274,3723.00,0.13378000,0
1506970395,22668273,3720.03,0.04344150,1
1506970394,22668272,3720.04,0.00334082,0
1506970393,22668271,3720.04,0.18000000,1
1506970391,22668270,3723.00,0.00288334,0
1506970383,22668263,3723.00,0.02464947,0
1506970340,22668240,3723.00,0.06203043,0
1506970340,22668239,3723.00,0.48377034,0
1506970313,22668230,3723.00,1.50341133,0
1506970305,22668228,3723.00,0.02863356,0
1506970298,22668226,3723.00,0.05984719,0
1506970285,22668220,3723.00,0.09268733,0
1506970284,22668219,3723.00,0.10025000,0
1506970274,22668217,3723.00,0.00288334,0
1506970270,22668213,3723.00,0.12588141,0
1506970268,22668212,3723.00,0.00778077,0
1506970267,22668211,3723.00,0.02605674,0
1506970241,22668206,3723.00,0.01855000,0
1506970232,22668201,3723.00,0.00898135,0
1506970225,22668200,3722.97,0.23307302,0
1506970217,22668195,3723.00,0.02643124,0
1506970206,22668188,3723.00,0.02531969,0
1506970198,22668185,3723.00,0.04243470,0
1506970190,22668183,3720.01,0.45000000,1
1506970181,22668180,3723.00,0.06272995,0
1506970181,22668179,3722.99,0.20133487,0
1506970168,22668173,3723.00,0.02439596,0
1506970167,22668172,3723.00,0.22996645,0
1506970159,22668170,3723.00,0.05297575,0
1506970149,22668165,3723.00,0.07479154,0
1506970126,22668162,3723.00,0.20989267,0
1506970124,22668161,3723.00,0.50704097,0
1506970106,22668155,3723.00,0.03847746,0
1506970106,22668154,3720.01,0.05310086,1
1506970083,22668152,3723.00,0.02464947,0
1506970062,22668144,3720.00,0.11975332,1
1506970053,22668143,3720.00,0.07000000,1
1506970045,22668141,3723.00,0.07717096,0
1506970044,22668140,3723.00,0.01800000,0
1506970043,22668139,3723.00,0.13443714,0
1506970039,22668136,3723.00,0.02658339,0
1506970038,22668134,3723.00,0.02658339,0
1506970036,22668133,3723.00,0.05860000,0
1506970012,22668121,3723.00,0.05359119,0
1506970010,22668120,3723.00,0.13459407,0
1506970009,22668119,3723.00,0.01000000,0
1506970008,22668118,3723.00,0.05204029,0
1506970007,22668117,3723.00,0.56795675,0
1506970006,22668116,3723.00,0.44028319,0
1506969994,22668112,3722.97,0.02211531,0
1506969981,22668110,3720.00,0.02432154,1
1506969981,22668109,3720.03,0.00417846,1
1506969947,22668101,3722.97,0.02782328,0
1506969946,22668100,3722.97,0.34645984,0
1506969946,22668099,3722.97,0.00381743,0
1506969946,22668098,3720.03,0.01444448,0
1506969925,22668096,3723.00,0.02586724,0
1506969924,22668095,3723.00,0.12378190,0
1506969917,22668093,3723.00,0.09000000,0
1506969913,22668092,3723.00,0.05291678,0
1506969897,22668088,3723.00,1.18399100,0
1506969866,22668081,3723.00,0.10408524,0
1506969864,22668079,3723.00,0.09189730,0
1506969862,22668078,3723.00,0.16791029,0
1506969860,22668077,3723.00,0.36562800,0
1506969859,22668076,3723.00,0.15077768,0
1506969844,22668071,3723.00,0.68700000,0
1506969726,22667992,3723.00,0.00746310,0
1506969710,22667967,3723.00,0.13227151,0
1506969703,22667966,3723.00,0.25000000,0
1506969703,22667965,3723.00,0.02531911,0
1506969686,22667960,3723.00,1.28883379,0
1506969672,22667958,3723.00,0.10045146,0
1506969664,22667957,3724.00,0.06160580,0
1506969648,22667949,3724.00,0.02615735,0
1506969646,22667948,3724.00,0.02564116,0
1506969639,22667945,3724.00,0.25398913,0
1506969637,22667943,3719.20,0.04735581,0
1506969633,22667941,3719.20,0.00264419,0
1506969633,22667940,3719.00,0.00828416,0
1506969627,22667937,3718.00,0.00778856,0
1506969618,22667928,3718.00,0.01343440,0
1506969603,22667916,3718.00,0.02583226,0
1506969554,22667909,3718.00,1.00018827,0
1506969520,22667901,3718.00,0.03192272,0
1506969505,22667889,3718.00,0.16170211,0
1506969492,22667888,3718.00,0.10572522,0
1506969474,22667884,3718.00,0.30038291,0
1506969465,22667879,3718.00,0.02442693,0
1506969450,22667878,3718.00,0.05365788,0
1506969445,22667876,3718.00,0.00778662,0
1506969402,22667871,3718.00,0.00552376,0
1506969400,22667870,3718.00,0.05924724,0
1506969389,22667867,3718.00,0.80000000,0
1506969373,22667865,3718.00,0.16765196,0
1506969371,22667861,3716.23,0.12752697,0
1506969329,22667851,3716.03,0.05792127,1
1506969321,22667850,3718.00,0.66808420,0
1506969312,22667845,3718.00,0.10025000,0
1506969303,22667842,3718.00,0.49700000,0
1506969285,22667832,3718.00,0.19552166,0
1506969277,22667831,3718.00,0.01000000,0
1506969274,22667830,3718.00,0.72248713,0
1506969274,22667829,3716.00,0.15000000,0
1506969265,22667828,3718.00,0.01252227,0
1506969253,22667824,3718.00,0.03025000,0
1506969245,22667821,3718.00,0.00748463,0
1506969243,22667820,3718.00,0.02474448,0
1506969227,22667815,3718.00,0.02615735,0
1506969225,22667814,3718.00,0.12866858,0
1506969204,22667806,3718.00,0.04901557,0
1506969204,22667805,3718.00,0.00778595,0
1506969163,22667797,3718.00,0.01038395,0
1506969145,22667792,3714.30,0.06430000,1
1506969140,22667791,3718.00,0.02979199,0
1506969135,22667790,3718.00,0.02507276,0
1506969134,22667789,3718.00,0.03040228,0
1506969132,22667788,3718.00,0.01300095,0
1506969130,22667787,3718.00,0.02113800,0
1506969121,22667783,3718.00,2.00000000,0
1506969104,22667740,3718.00,0.01312972,0
1506969103,22667738,3718.00,0.01348635,0
1506969086,22667736,3718.00,0.00536579,0
1506969077,22667735,3718.00,1.46273003,0
1506969073,22667733,3718.00,0.00526271,0
1506968997,22667723,3718.00,0.02279000,0
1506968968,22667709,3718.00,0.10208714,0
1506968966,22667708,3718.00,0.00752534,0
1506968965,22667707,3718.00,0.02573513,0
1506968954,22667703,3714.23,0.60000000,1
1506968944,22667698,3718.00,0.05275531,0
1506968943,22667696,3718.00,0.02468262,0
1506968897,22667683,3718.00,0.04106834,0
1506968893,22667680,3718.00,0.01368209,0
1506968893,22667679,3718.00,0.01345155,0
1506968892,22667678,3718.00,0.69828233,0
1506968884,22667676,3718.00,0.02606338,0
1506968866,22667667,3718.00,0.02577377,0
1506968846,22667663,3718.00,1.00000000,0
1506968846,22667662,3718.00,0.00164000,0
1506968845,22667661,3718.00,0.02633757,0
1506968844,22667660,3718.00,0.10025000,0
1506968826,22667647,3718.00,0.02614933,0
1506968804,22667641,3718.00,0.07622521,0
1506968798,22667636,3718.00,0.25000000,0
1506968798,22667634,3718.00,0.02661880,0
1506968789,22667629,3718.00,0.02442692,0
1506968788,22667628,3718.00,0.08048682,0
1506968777,22667626,3718.00,3.07152225,0
1506968770,22667620,3718.00,0.06634115,0
1506968765,22667614,3718.00,0.49812704,0
1506968764,22667612,3718.00,0.07522840,0
1506968761,22667607,3718.00,0.00828842,0
1506968760,22667604,3718.00,0.43178954,0
1506968758,22667601,3718.00,0.18953612,0
1506968744,22667588,3718.00,0.02074982,0
1506968714,22667557,3718.00,0.13210466,0
1506968702,22667548,3712.83,0.04184912,1
1506968702,22667546,3718.00,0.02653539,0
1506968685,22667536,3718.00,1.00304391,0
1506968682,22667534,3718.00,0.12334904,0
1506968680,22667533,3717.97,0.00822645,0
1506968670,22667529,3712.83,0.01224689,1
1506968652,22667511,3717.97,0.13885269,0
1506968640,22667504,3717.97,0.02414490,0
1506968621,22667499,3717.97,0.06625776,0
1506968617,22667498,3712.83,0.00215271,1
1506968596,22667494,3712.53,0.20718995,1
1506968586,22667492,3718.00,0.10942711,0
1506968585,22667490,3717.89,0.01398535,0
1506968548,22667470,3717.90,0.26529999,0
1506968516,22667462,3717.70,0.12603094,0
1506968514,22667458,3717.67,0.00812196,0
1506968513,22667456,3717.67,0.13415661,0
1506968512,22667454,3717.67,0.07678070,0
1506968512,22667452,3714.50,0.14365673,0
1506968510,22667451,3714.50,0.04933677,0
1506968504,22667445,3714.50,0.02686779,0
1506968481,22667424,3714.50,0.02535204,0
1506968481,22667423,3712.00,0.11328890,1
1506968474,22667422,3714.50,1.21415085,0
1506968473,22667421,3713.17,0.02797071,1
1506968473,22667420,3713.17,1.02798240,0
1506968468,22667417,3712.00,0.00250000,1
1506968468,22667416,3712.00,0.00250000,1
1506968467,22667415,3712.03,0.00250000,1
1506968455,22667406,3713.17,0.01250035,0
1506968453,22667405,3713.17,0.01253613,0
1506968450,22667402,3713.17,0.05000000,0
1506968430,22667392,3713.17,0.02657228,0
1506968414,22667387,3713.17,0.21898010,0
1506968403,22667360,3713.17,0.02443023,0
1506968401,22667357,3713.17,0.02025501,0
1506968384,22667353,3713.17,0.00769608,0
1506968382,22667351,3713.17,0.02686384,0
1506968343,22667341,3712.03,0.02779185,1
1506968332,22667334,3713.17,0.02149107,0
1506968294,22667321,3713.17,0.00289031,0
1506968284,22667308,3713.17,0.02471473,0
1506968261,22667286,3713.17,0.01975921,0
1506968240,22667255,3712.03,0.14860000,1
1506968236,22667245,3713.17,0.13226552,0
1506968202,22667232,3713.17,0.00724718,0
1506968190,22667229,3712.00,0.00250000,1
1506968173,22667226,3713.17,0.02025000,0
1506968160,22667213,3713.17,0.02942781,0
1506968152,22667212,3713.17,0.05000000,0
1506968145,22667209,3713.17,0.58202113,0
1506968133,22667204,3713.17,0.02738371,0
1506968130,22667203,3713.17,0.02654671,0
1506968126,22667202,3713.17,0.02516344,0
1506968103,22667201,3713.17,0.02471473,0
1506968069,22667191,3713.17,0.57830803,1
1506968064,22667189,3714.50,0.02636217,0
1506968005,22667172,3714.50,0.05504020,0
1506967985,22667135,3714.50,0.11343130,0
1506967981,22667129,3714.50,0.00880110,0
1506967953,22667107,3714.50,0.06338134,0
1506967951,22667106,3713.17,0.03000000,1
1506967948,22667105,3714.50,0.16196673,0
1506967946,22667101,3714.50,0.00770454,0
1506967924,22667097,3714.50,0.02531442,0
1506967885,22667043,3714.50,0.01265000,0
1506967881,22667042,3714.50,0.12706226,0
1506967872,22667035,3714.50,0.10025000,0
1506967865,22667033,3714.50,0.38848576,0
1506967864,22667032,3714.50,0.12352941,0
1506967864,22667030,3714.50,0.12352941,0
1506967864,22667029,3714.50,0.01225000,0
1506967844,22667025,3714.50,0.01260241,0
1506967815,22667019,3714.50,0.08124798,0
1506967803,22667014,3714.50,0.02583027,0
1506967772,22667007,3714.50,0.03863652,0
1506967767,22667001,3713.17,0.05493658,1
1506967753,22666987,3715.90,0.12789194,0
1506967744,22666981,3715.90,0.02446191,0
1506967743,22666975,3715.90,0.02911739,0
1506967741,22666973,3713.17,0.11076274,1
1506967700,22666895,3715.90,0.22650988,0
1506967670,22666882,3712.00,0.01400000,1
1506967668,22666879,3712.00,0.03595000,1
1506967668,22666878,3712.97,0.03000000,1
1506967666,22666875,3716.00,0.00133947,0
1506967661,22666866,3714.30,0.02650988,0
1506967660,22666865,3715.00,0.50000000,1
1506967641,22666846,3717.90,0.34618754,0
1506967612,22666814,3721.80,0.77035271,0
1506967611,22666813,3720.00,0.22964729,0
1506967591,22666809,3713.08,0.04779467,1
1506967591,22666808,3715.00,0.00220533,1
1506967586,22666806,3715.00,0.02245800,1
1506967578,22666803,3719.20,0.02682028,0
1506967567,22666797,3719.29,0.02467406,0
1506967565,22666793,3719.29,0.15606497,0
1506967564,22666791,3718.16,0.09335831,0
1506967564,22666788,3719.30,0.01291054,0
1506967563,22666785,3718.16,0.00660434,0
1506967563,22666782,3718.16,0.09339566,1
1506967557,22666774,3719.50,0.05000000,1
1506967552,22666763,3721.94,4.97536315,0
1506967552,22666762,3720.00,0.00463685,0
1506967551,22666761,3720.00,0.04598689,1
1506967551,22666760,3720.00,0.45941310,1
1506967551,22666759,3720.00,0.05136299,1
1506967550,22666758,3720.00,0.19860017,1
1506967533,22666750,3721.94,0.12841301,0
1506967463,22666734,3724.00,0.09775664,0
1506967461,22666728,3724.00,0.10140124,0
1506967443,22666721,3724.00,0.06160580,0
1506967425,22666716,3724.00,0.01004154,0
1506967423,22666715,3724.00,0.00827442,0
1506967415,22666714,3724.00,0.02652328,0
1506967406,22666708,3724.00,0.00877979,0
1506967404,22666707,3724.00,0.02629309,0
1506967399,22666706,3724.00,0.15725925,0
1506967385,22666703,3720.00,0.13446385,1
1506967384,22666700,3720.00,0.20169577,1
1506967377,22666697,3724.00,0.77742693,0
1506967377,22666696,3721.78,0.11196068,0
1506967333,22666683,3721.78,0.09144549,0
1506967283,22666664,3724.26,0.06329233,0
1506967217,22666636,3724.92,0.05246210,0
1506967205,22666621,3724.92,0.01232679,0
1506967200,22666619,3724.92,0.00268462,0
1506967196,22666618,3724.92,0.13442973,0
1506967122,22666603,3725.00,0.01310363,0
1506967101,22666593,3725.00,0.01384846,0
1506967100,22666592,3720.00,2.74876972,1
1506967100,22666591,3720.00,0.05633333,1
1506967100,22666590,3720.00,0.24000000,1
1506967100,22666589,3720.00,1.04331628,1
1506967094,22666587,3725.00,0.00443482,0
1506967086,22666579,3725.90,0.00778761,0
1506967083,22666575,3727.00,2.24663238,1
1506967079,22666571,3727.00,0.08088040,1
1506967077,22666569,3727.02,0.23209666,0
1506967073,22666563,3727.00,0.04758239,1
1506967070,22666562,3727.80,0.02675841,0
1506967065,22666555,3727.00,1.53867493,1
1506967064,22666550,3727.00,0.19345050,1
1506967061,22666549,3727.70,0.02260936,0
1506967059,22666543,3727.00,1.81476532,1
1506967058,22666542,3727.51,1.00000000,0
1506967057,22666539,3727.00,1.53867493,1
1506967054,22666537,3726.89,0.18971104,0
1506967054,22666536,3720.40,0.99960015,0
1506967054,22666535,3720.24,4.73795256,0
1506967053,22666533,3720.00,0.04865074,1
1506967047,22666530,3720.00,2.32000000,1
1506967044,22666528,3720.24,0.02441092,0
1506967043,22666526,3720.24,0.68231549,1
1506967036,22666520,3720.24,0.15545631,1
1506967028,22666515,3720.24,0.50286483,1
1506967002,22666453,3720.70,0.91245588,1
1506966994,22666450,3720.60,0.12844861,1
1506966989,22666445,3726.80,0.05061510,0
1506966987,22666443,3726.80,0.02626882,0
1506966986,22666436,3720.40,0.06376691,1
1506966985,22666434,3720.40,0.00926105,1
1506966964,22666417,3726.90,0.02462368,0
1506966936,22666402,3720.60,0.37124759,1
1506966935,22666401,3722.00,0.03275241,1
1506966923,22666399,3727.60,0.02599549,0
1506966905,22666398,3727.70,0.03944907,0
1506966903,22666397,3727.70,0.00750576,0
1506966901,22666396,3727.70,0.07919863,0
1506966899,22666395,3727.00,0.13673546,0
1506966883,22666390,3727.00,0.01474632,0
1506966864,22666387,3727.00,0.08105767,0
1506966843,22666379,3727.60,0.62882397,0
1506966826,22666368,3727.80,0.00787025,0
1506966826,22666367,3727.00,0.09345045,0
1506966824,22666365,3720.00,0.01000024,1
1506966813,22666360,3727.00,0.02654955,0
1506966789,22666354,3727.70,0.00816431,0
1506966782,22666351,3727.70,0.02675913,0
1506966746,22666345,3727.70,0.25832414,0
1506966744,22666343,3727.70,0.00750556,0
1506966723,22666331,3727.80,0.08243637,0
1506966723,22666330,3727.00,0.01756363,0
1506966715,22666329,3727.00,0.10243637,1
1506966703,22666327,3727.00,0.04800000,1
1506966703,22666326,3727.70,0.80000000,0
1506966690,22666316,3727.70,0.80000000,0
1506966677,22666315,3727.00,0.00214435,1
1506966676,22666314,3727.00,0.02579689,1
1506966675,22666313,3727.70,0.04201639,0
1506966667,22666298,3727.70,0.06764970,0
1506966657,22666292,3727.00,0.06939576,0
1506966638,22666289,3722.00,0.01318308,1
1506966621,22666285,3727.00,0.05060424,0
1506966545,22666258,3727.70,0.02705860,0
1506966544,22666256,3727.70,0.44808562,0
1506966541,22666247,3727.70,0.05025000,0
1506966538,22666241,3727.70,0.00846098,0
1506966538,22666239,3727.00,0.12000000,0
1506966536,22666236,3726.99,0.01338522,0
1506966506,22666231,3727.80,0.03800257,0
1506966506,22666230,3727.79,0.02677043,0
1506966493,22666228,3727.80,0.02128995,0
1506966485,22666222,3727.80,0.04415808,0
1506966484,22666221,3727.79,0.05354087,0
1506966475,22666215,3720.13,0.02266460,1
1506966445,22666201,3727.80,0.02453416,0
1506966423,22666196,3727.80,0.01749500,0
1506966412,22666194,3727.60,0.94150928,0
1506966396,22666189,3727.50,0.10000000,0
1506966367,22666184,3727.80,0.00767728,0
1506966365,22666182,3727.80,0.04154014,0
1506966365,22666181,3727.79,0.00870816,0
1506966364,22666180,3727.79,0.00776571,0
1506966347,22666174,3727.80,0.02557951,0
1506966345,22666173,3727.80,0.02626850,0
1506966343,22666171,3720.10,0.02039323,1
1506966326,22666161,3727.80,0.08863044,0
1506966325,22666159,3727.80,0.02601428,0
1506966320,22666156,3727.90,0.46777102,0
1506966319,22666155,3727.87,0.53222898,0
1506966318,22666154,3727.70,0.25512246,0
1506966316,22666153,3727.00,0.06600000,0
1506966278,22666103,3727.80,0.03473690,0
1506966278,22666102,3727.79,0.11994938,0
1506966278,22666101,3727.69,0.01160308,0
1506966145,22666079,3727.70,0.02505992,0
1506966144,22666078,3720.00,0.04213771,1
1506966141,22666077,3727.70,0.13775507,0
1506966136,22666067,3727.79,0.00000263,1
1506966132,22666060,3727.79,0.11999737,1
1506966104,22666044,3727.80,0.01074706,0
1506966103,22666043,3727.79,0.02320615,0
1506966101,22666042,3727.70,0.00945563,0
1506966065,22666025,3727.79,0.01274891,0
1506966039,22666017,3727.80,0.26367450,0
1506966032,22666016,3727.80,0.00668759,0
1506966024,22666013,3727.80,0.03999904,0
1506966016,22666011,3727.80,0.13052456,0
1506966014,22666010,3727.75,0.00121933,0
1506966004,22666007,3727.75,0.01427806,0
1506965996,22666004,3727.75,0.08450261,0
1506965996,22666003,3727.50,0.02641587,0
1506965984,22666001,3720.10,0.13826939,1
1506965957,22665990,3720.10,1.62411584,1
1506965951,22665986,3720.00,0.73124447,1
1506965945,22665962,3720.20,0.27425027,1
1506965944,22665961,3727.50,0.02461971,0
1506965922,22665947,3727.50,0.02252267,0
1506965921,22665945,3727.50,0.01028620,0
1506965921,22665944,3720.00,0.13455899,1
1506965921,22665943,3720.60,0.00002452,1
1506965892,22665900,3727.50,0.07914633,0
1506965889,22665896,3727.50,0.00638598,0
1506965883,22665893,3720.60,0.07644295,1
1506965881,22665889,3727.50,0.08002036,0
1506965844,22665877,3727.50,0.05060288,0
1506965824,22665872,3727.80,0.01021617,0
1506965822,22665871,3727.80,0.01761000,0
1506965809,22665865,3727.80,0.02437587,0
1506965792,22665849,3727.80,0.22130000,0
1506965789,22665848,3720.60,0.12844861,1
1506965788,22665845,3727.80,0.08375181,0
1506965785,22665833,3720.60,0.02107810,1
1506965778,22665819,3727.80,0.00288051,0
1506965777,22665817,3727.80,0.01334389,0
1506965765,22665808,3720.60,0.05089698,1
1506965757,22665804,3727.80,0.12765480,0
1506965756,22665803,3727.80,0.01402250,0
1506965756,22665802,3725.00,0.03874994,0
1506965728,22665793,3725.00,0.00001551,1
1506965724,22665790,3725.00,0.01498449,1
1506965724,22665788,3727.00,0.02378096,1
1506965713,22665785,3727.80,0.68421402,0
1506965713,22665784,3727.80,0.26899011,0
1506965703,22665778,3727.90,0.62880710,0
1506965664,22665767,3727.90,0.01035957,0
1506965661,22665764,3727.00,0.10388784,1
1506965657,22665763,3727.90,0.06128353,0
1506965568,22665748,3727.90,0.01825000,0
1506965566,22665747,3727.90,0.01022005,0
1506965523,22665691,3728.90,0.01013862,0
1506965521,22665690,3720.60,0.04047756,1
1506965509,22665689,3720.63,0.00500000,1
1506965505,22665687,3730.00,0.01017375,0
1506965503,22665686,3729.99,0.08987625,0
1506965486,22665684,3731.57,0.03402558,0
1506965485,22665683,3720.60,0.13705529,1
1506965483,22665682,3720.63,0.04109213,1
1506965473,22665679,3731.57,0.07893105,0
1506965472,22665678,3731.57,0.02586309,0
1506965464,22665675,3731.57,0.03318628,0
1506965411,22665656,3732.49,0.02641330,0
1506965405,22665652,3732.49,0.02458680,0
1506965405,22665650,3732.49,0.09906569,0
1506965382,22665638,3720.33,0.01127812,1
1506965381,22665634,3720.33,0.08727247,1
1506965369,22665623,3720.17,0.01288235,1
1506965369,22665621,3720.17,0.18711765,1
1506965365,22665620,3734.09,0.00832522,0
1506965365,22665619,3720.17,0.11288235,1
1506965364,22665611,3734.09,0.03385069,0
1506965359,22665605,3720.60,0.17426000,1
1506965357,22665602,3720.53,0.50182453,1
1506965356,22665600,3725.00,0.06694363,1
1506965345,22665583,3725.00,0.50000000,1
1506965336,22665566,3734.10,0.04542100,1
1506965335,22665561,3734.10,0.16457900,1
1506965263,22665539,3738.90,0.02597709,0
1506965245,22665531,3739.00,0.01836758,0
1506965244,22665530,3739.00,0.02639993,0
1506965226,22665514,3735.39,0.02515067,0
1506965224,22665513,3728.98,0.11160199,1
1506965219,22665510,3729.20,2.13424936,1
1506965197,22665499,3738.68,0.02905656,0
1506965194,22665498,3738.89,0.00158335,0
1506965186,22665497,3729.01,0.16221404,1
1506965176,22665488,3740.90,0.16161755,1
1506965174,22665485,3739.00,0.03503036,0
1506965158,22665477,3739.00,0.05000000,1
1506965145,22665472,3741.30,0.02490983,0
1506965089,22665431,3743.49,0.13131882,0
1506965089,22665430,3743.49,0.01295175,0
1506965064,22665409,3743.55,0.07869512,0
1506965003,22665398,3743.80,0.01097354,0
1506964986,22665391,3739.90,0.01252128,0
1506964984,22665390,3729.83,0.05111222,1
1506964967,22665376,3743.58,0.02483786,0
1506964922,22665335,3739.99,0.09599157,0
1506964919,22665334,3743.90,4.93827025,0
1506964919,22665333,3740.60,0.05530162,0
1506964918,22665332,3740.59,0.11024170,0
1506964918,22665331,3740.00,2.00000000,0
1506964918,22665330,3739.99,0.12000000,0
1506964916,22665329,3739.90,2.27580000,0
1506964884,22665314,3728.24,0.20000000,1
1506964876,22665310,3740.70,0.05532227,0
1506964864,22665306,3740.80,0.06132765,0
1506964861,22665298,3740.90,0.03902769,0
1506964836,22665283,3742.70,0.06583987,0
1506964825,22665281,3742.89,0.01305676,0
1506964824,22665280,3742.89,0.00999728,0
1506964815,22665273,3743.08,0.11808567,1
1506964814,22665271,3743.08,0.24952013,0
1506964806,22665230,3725.76,0.10786499,0
1506964805,22665217,3734.89,0.10000000,1
1506964805,22665213,3735.00,0.28420470,1
1506964803,22665209,3735.10,0.36664661,1
1506964785,22665201,3743.60,0.00738239,0
1506964784,22665199,3735.10,0.08215453,1
1506964761,22665192,3743.90,0.01252098,0
1506964740,22665186,3735.00,0.00213936,1
1506964704,22665170,3743.99,0.09120153,0
1506964696,22665155,3744.00,0.05261019,0
1506964684,22665149,3744.00,0.00978529,0
1506964684,22665148,3743.99,0.02873270,0
1506964621,22665113,3743.70,0.02233415,0
1506964619,22665112,3743.79,0.02119855,0
1506964592,22665105,3743.99,0.02664270,0
1506964587,22665100,3743.70,0.01229165,0
1506964571,22665077,3735.81,0.66848584,1
1506964568,22665062,3744.00,0.09176549,0
1506964566,22665061,3743.99,0.03105777,0
1506964563,22665057,3743.99,0.24777844,0
1506964551,22665054,3735.71,0.27871900,1
1506964550,22665053,3735.70,0.21346972,1
1506964483,22665035,3744.00,0.01329958,0
1506964384,22664993,3744.80,0.01458743,0
1506964372,22664973,3744.80,0.04320492,0
1506964372,22664972,3744.67,0.26725508,0
1506964372,22664971,3735.00,0.12380000,1
1506964333,22664929,3744.17,0.01361659,0
1506964301,22664921,3744.90,0.07755700,1
1506964293,22664918,3744.90,1.87528822,0
1506964293,22664917,3744.89,0.12471178,0
1506964285,22664915,3735.43,0.21655272,0
1506964285,22664914,3735.43,0.02513872,0
1506964285,22664913,3740.00,0.66500000,1
1506964283,22664912,3740.00,0.13500000,1
1506964283,22664911,3741.29,0.05353916,1
1506964272,22664909,3745.00,2.25054000,0
1506964264,22664903,3745.00,0.03914217,0
1506964226,22664889,3744.99,0.02513932,0
1506964224,22664888,3744.99,0.00747191,0
1506964213,22664885,3744.99,0.02627217,0
1506964205,22664884,3744.90,0.20420301,0
1506964200,22664882,3745.00,0.13792070,0
1506964200,22664881,3744.99,0.16000000,0
1506964200,22664880,3744.90,0.60896029,0
1506964199,22664879,3744.89,0.27173770,0
1506964138,22664846,3744.90,0.08526300,0
1506964122,22664845,3744.90,0.10483023,0
1506964097,22664842,3744.90,0.05327245,0
1506964083,22664836,3744.90,0.12252396,0
1506964042,22664789,3736.49,0.03697596,0
1506964037,22664785,3736.49,0.10000000,1
1506964024,22664777,3744.90,0.02515007,0
1506964000,22664772,3745.00,0.00532710,0
1506963984,22664762,3744.99,0.01378930,0
1506963926,22664730,3744.80,0.13118060,0
1506963926,22664729,3743.00,0.00868374,0
1506963925,22664726,3742.99,0.07994945,0
1506963883,22664709,3742.99,0.01898954,0
1506963826,22664698,3742.99,0.05329963,0
1506963814,22664696,3742.99,0.06576847,0
1506963748,22664676,3741.00,0.23205958,0
1506963747,22664674,3741.00,0.10494484,0
1506963745,22664673,3741.00,0.02590377,0
1506963744,22664672,3735.10,0.04895383,1
1506963744,22664671,3740.90,0.01120730,1
1506963712,22664658,3741.00,0.40000000,0
1506963708,22664655,3740.90,0.50076452,0
1506963696,22664653,3735.00,0.08985594,1
1506963696,22664650,3735.01,0.00771631,1
1506963648,22664630,3736.65,0.00209644,1
1506963648,22664629,3736.65,0.00209807,1
1506963647,22664623,3740.90,0.07872176,0
1506963643,22664608,3736.65,0.02791371,1
1506963615,22664604,3740.90,0.13125192,0
1506963600,22664601,3740.90,0.53274265,0
1506963551,22664585,3736.65,0.21746368,1
1506963523,22664579,3742.90,0.02616214,0
1506963500,22664569,3742.90,0.02645038,0
1506963499,22664568,3742.90,0.26166610,0
1506963498,22664567,3742.90,0.53301184,0
1506963480,22664554,3742.90,0.10660183,0
1506963468,22664549,3742.90,0.01578407,0
1506963468,22664548,3742.79,0.28446593,0
1506963466,22664547,3742.79,0.06553407,0
1506963465,22664546,3736.65,0.03650000,1
1506963425,22664526,3742.90,0.01243924,0
1506963387,22664520,3736.65,0.00592292,1
1506963385,22664519,3737.63,0.00266960,1
1506963364,22664511,3742.90,0.02456376,0
1506963319,22664451,3745.76,0.26630109,0
1506963304,22664447,3745.86,0.01835037,0
1506963283,22664437,3747.26,0.02511946,0
1506963281,22664436,3747.30,0.02821498,0
1506963252,22664423,3748.23,0.00532251,1
1506963203,22664413,3742.00,0.02534865,0
1506963143,22664398,3747.45,0.00998000,0
1506963141,22664397,3747.50,0.10277513,0
1506963103,22664393,3747.92,0.01250732,0
1506963056,22664384,3747.40,0.25864201,0
1506963055,22664383,3747.47,0.33794742,0
1506963054,22664382,3747.49,0.13841264,1
1506963016,22664368,3745.60,0.16242454,0
1506963016,22664367,3745.77,0.01675757,1
1506963015,22664364,3745.79,0.05267739,1
1506963014,22664363,3745.79,0.02043454,0
1506963012,22664362,3745.80,0.02511812,0
1506963011,22664361,3745.86,0.12779773,0
1506963010,22664357,3745.90,0.02494715,0
1506962984,22664349,3747.00,0.01755147,0
1506962926,22664321,3745.70,0.77858729,0
1506962923,22664320,3736.65,0.00213971,1
1506962896,22664309,3747.12,0.06654978,1
1506962887,22664306,3748.54,0.05336476,0
1506962886,22664305,3748.09,0.17000000,0
1506962886,22664304,3747.89,0.03210429,0
1506962865,22664300,3748.27,0.25913123,0
1506962864,22664298,3736.04,0.05444206,1
1506962799,22664273,3736.43,0.41446982,1
1506962799,22664271,3739.00,0.42838635,1
1506962799,22664270,3739.11,0.88046279,1
1506962799,22664269,3739.20,2.28880000,1
1506962761,22664249,3740.00,0.01148000,0
1506962744,22664236,3737.23,0.49746897,1
1506962741,22664234,3740.00,0.01333422,0
1506962724,22664225,3740.00,0.00838952,0
1506962691,22664214,3740.00,0.03000000,0
1506962666,22664202,3740.00,0.64674812,0
1506962653,22664196,3740.00,0.02666845,0
1506962653,22664195,3740.00,0.01332793,0
1506962641,22664187,3737.01,0.05470104,1
1506962627,22664181,3737.01,0.02635891,1
1506962613,22664174,3747.50,0.18257919,1
1506962613,22664173,3747.74,0.05606573,1
1506962584,22664140,3748.40,0.04578160,0
1506962569,22664136,3748.40,0.02640586,0
1506962568,22664135,3748.40,0.03948473,0
1506962524,22664120,3748.53,0.00228823,0
1506962524,22664119,3747.89,0.01274166,0
1506962522,22664116,3747.90,0.45517171,0
1506962521,22664114,3747.75,0.74281435,0
1506962516,22664112,3747.74,0.01032700,1
1506962501,22664081,3747.75,0.21316790,0
1506962475,22664070,3747.75,0.01597317,0
1506962464,22664068,3747.75,0.01835658,0
1506962439,22664060,3747.74,0.02115000,1
1506962438,22664059,3747.06,0.03944703,0
1506962424,22664044,3746.90,0.01250625,0
1506962400,22664039,3747.06,0.01388674,0
1506962363,22664034,3747.99,0.01079549,0
1506962363,22664033,3736.21,0.01273303,1
1506962355,22664031,3748.09,0.12449032,0
1506962348,22664029,3748.10,0.38802963,0
1506962323,22664021,3748.27,0.00968800,0
1506962313,22664018,3748.39,0.00286550,0
1506962302,22664016,3735.15,0.19148508,1
1506962302,22664015,3736.61,1.00000000,1
1506962263,22664002,3748.40,0.01190399,0
1506962245,22663995,3748.30,0.00846801,0
1506962243,22663994,3748.30,0.04812000,0
1506962243,22663993,3748.27,0.18246364,0
1506962223,22663979,3748.27,0.00531979,0
1506962196,22663955,3735.43,0.17000000,1
1506962189,22663951,3748.40,0.02511283,0
1506962187,22663949,3748.40,0.01941649,0
1506962146,22663928,3748.40,0.12507303,0
1506962103,22663912,3748.37,0.24748891,0
1506962086,22663889,3748.53,0.01278871,0
1506962085,22663888,3748.53,0.00962334,0
1506962083,22663887,3748.27,0.01472766,0
1506962067,22663870,3748.40,0.77613212,0
1506962064,22663869,3748.40,0.01649771,0
1506962061,22663865,3748.40,0.03685820,0
1506962056,22663863,3737.93,0.28000000,1
1506962048,22663860,3748.40,0.10123187,0
1506962004,22663851,3748.40,0.21372251,0
1506961985,22663847,3748.40,0.18633478,0
1506961984,22663844,3748.40,0.06471247,0
1506961961,22663831,3748.54,0.02563370,0
1506961949,22663821,3748.54,0.14106825,0
1506961948,22663816,3748.26,0.01052196,0
1506961945,22663815,3748.26,0.03336993,0
1506961943,22663812,3748.26,0.01920139,0
1506961918,22663792,3748.10,0.25153544,0
1506961918,22663791,3748.00,0.50452896,0
1506961916,22663790,3747.94,0.57811495,1
1506961904,22663788,3747.40,0.05286090,0
1506961903,22663787,3747.40,0.00435000,0
1506961882,22663737,3747.90,0.09293846,0
1506961881,22663736,3747.90,0.12601000,0
1506961879,22663734,3735.73,0.01070515,1
1506961874,22663730,3747.90,0.02117765,0
1506961844,22663720,3748.00,0.01125000,0
1506961804,22663697,3747.90,0.01825000,0
1506961783,22663684,3746.80,0.03077315,0
1506961765,22663678,3747.50,0.01049362,0
1506961684,22663639,3747.50,0.02511712,0
1506961645,22663615,3747.60,0.07702429,0
1506961639,22663606,3747.90,0.02682826,0
1506961605,22663579,3747.90,0.12419339,0
1506961594,22663572,3747.50,0.05250575,0
1506961593,22663571,3747.41,0.09179721,1
1506961584,22663570,3747.90,0.01031444,0
1506961567,22663561,3748.00,0.34129775,0
1506961533,22663546,3735.07,0.00220000,1
1506961506,22663536,3747.90,0.09704714,0
1506961487,22663531,3747.70,0.09076340,0
1506961486,22663530,3747.70,0.00456128,0
1506961486,22663529,3747.70,0.27885890,0
1506961486,22663528,3747.70,0.07554552,0
1506961484,22663525,3747.90,0.02612473,0
1506961484,22663524,3747.72,0.26447013,1
1506961468,22663522,3747.90,0.02514261,0
1506961466,22663520,3748.00,0.02511471,0
1506961465,22663519,3735.20,0.22949361,1
1506961452,22663518,3735.80,0.11000000,1
1506961446,22663517,3747.29,0.00983613,0
1506961442,22663516,3748.00,0.06292568,0
1506961441,22663515,3747.47,0.00626916,1
1506961440,22663513,3747.29,0.01963428,0
1506961398,22663501,3747.90,0.53229808,0
1506961396,22663500,3748.10,0.04725811,0
1506961386,22663498,3747.49,0.00829389,0
1506961384,22663497,3733.02,0.02784976,1
1506961365,22663485,3748.26,0.09828466,0
1506961363,22663483,3748.26,0.06296778,0
1506961343,22663472,3748.10,0.03949387,0
1506961341,22663471,3748.20,0.01470000,0
1506961325,22663457,3747.80,0.12997531,0
1506961303,22663440,3748.26,0.01265000,0
1506961295,22663429,3747.70,0.48067486,0
1506961295,22663428,3747.55,0.72729190,0
1506961295,22663427,3747.54,0.08228458,0
1506961284,22663422,3732.71,0.08199000,1
1506961283,22663421,3747.80,0.01327831,0
1506961244,22663410,3748.20,0.02610332,0
1506961204,22663364,3746.21,0.00771631,0
1506961164,22663319,3745.93,0.02509320,0
1506961105,22663289,3731.70,0.00214181,1
1506961083,22663273,3731.32,0.20000000,0
1506961081,22663272,3746.71,0.02395969,1
1506961071,22663270,3747.10,0.31940612,0
1506961070,22663268,3747.21,0.00414429,1
1506961043,22663258,3748.26,0.01293133,0
1506961041,22663256,3747.67,0.20000000,0
1506961023,22663252,3747.58,0.00749069,0
1506961008,22663237,3729.31,0.08520200,1
1506960992,22663220,3729.20,0.29702339,1
1506960981,22663214,3735.07,0.28979876,0
1506960977,22663213,3735.07,0.09402195,0
1506960965,22663205,3744.60,1.00000000,0
1506960964,22663204,3744.75,0.77797434,1
1506960962,22663201,3744.75,0.02154766,0
1506960957,22663199,3744.04,0.07899214,0
1506960950,22663198,3743.90,0.04262934,1
1506960917,22663188,3727.00,0.11412333,1
1506960910,22663187,3742.41,0.11857599,0
1506960908,22663184,3741.76,0.01469590,0
1506960897,22663173,3741.76,0.08530410,0
1506960881,22663168,3741.30,0.22214470,0
1506960880,22663167,3741.29,0.50000000,1
1506960880,22663166,3735.70,0.17049083,0
1506960878,22663165,3735.30,0.44209183,0
1506960843,22663157,3735.30,0.12284154,0
1506960839,22663155,3735.30,0.07899003,0
1506960830,22663154,3735.30,0.02638212,0
1506960809,22663150,3735.30,0.19778341,0
1506960793,22663143,3725.00,3.32556555,0
1506960777,22663138,3725.00,0.01019459,0
1506960764,22663131,3725.00,1.41244149,0
1506960745,22663125,3725.00,0.05179837,0
1506960715,22663118,3721.10,0.41704663,1
1506960714,22663117,3722.59,0.03295417,1
1506960700,22663113,3735.20,0.20000000,1
1506960698,22663112,3735.30,0.67963710,0
1506960698,22663111,3735.29,0.31765375,0
1506960642,22663086,3722.60,0.31796355,1
1506960603,22663075,3735.20,0.02456896,0
1506960598,22663071,3735.20,0.12885872,0
1506960587,22663070,3735.30,0.00403230,0
1506960548,22663061,3735.30,0.01381921,0
1506960546,22663060,3735.30,0.01819133,0
1506960543,22663058,3735.30,0.06141943,0
1506960530,22663054,3735.30,0.00418742,0
1506960505,22663040,3735.30,0.00637512,0
1506960497,22662998,3735.00,0.07674571,0
1506960497,22662997,3734.99,0.07012383,0
1506960481,22662992,3735.20,0.09535167,0
1506960468,22662987,3735.39,0.02550624,0
1506960449,22662980,3735.39,0.00133319,0
1506960445,22662979,3735.39,0.01520833,0
1506960444,22662978,3735.39,0.01840797,0
1506960432,22662977,3735.10,0.02649387,0
1506960428,22662976,3735.20,0.00133326,0
1506960406,22662970,3735.39,0.00133319,0
1506960404,22662969,3735.39,0.00133319,0
1506960384,22662964,3735.39,0.01335068,0
1506960340,22662950,3735.20,0.03751427,1
1506960339,22662949,3734.49,0.01349886,0
1506960324,22662943,3734.49,0.02520461,0
1506960315,22662938,3735.39,0.05294652,0
1506960315,22662937,3735.39,0.02403037,0
1506960313,22662936,3734.49,0.01468859,0
1506960313,22662935,3734.49,0.00090000,0
1506960308,22662923,3734.49,0.52410000,1
1506960304,22662922,3735.40,0.00749049,0
1506960267,22662916,3735.49,0.01290311,0
1506960218,22662890,3735.29,0.02648076,0
1506960193,22662880,3734.80,0.01337228,0
1506960166,22662874,3735.70,0.00774835,0
1506960152,22662872,3735.50,0.01480000,1
1506960146,22662871,3735.20,0.00801870,0
1506960145,22662870,3721.01,0.20044400,1
1506960124,22662860,3735.48,0.00314238,1
1506960123,22662858,3735.48,0.05827409,0
1506960116,22662849,3735.40,1.57200000,0
1506960097,22662842,3735.60,0.03961791,0
1506960096,22662841,3720.02,0.09817693,1
1506960096,22662840,3721.01,0.01274346,1
1506960089,22662838,3721.01,0.01275654,1
1506960089,22662837,3730.00,0.11048346,1
1506960085,22662833,3735.70,0.01489819,0
1506960085,22662832,3735.66,0.00999915,0
1506960079,22662829,3730.00,0.00575827,1
1506960079,22662828,3730.00,0.00575827,1
1506960067,22662827,3735.70,0.00731592,0
1506960027,22662819,3734.60,0.25824558,0
1506960027,22662818,3734.49,0.74175442,0
1506960005,22662795,3735.29,0.12602501,1
1506960005,22662789,3735.29,0.12232786,1
1506960003,22662783,3735.29,0.01206715,1
1506960000,22662780,3720.01,0.11465397,0
1506960000,22662779,3721.00,0.00470196,1
1506959998,22662778,3721.01,0.88064407,1
1506959994,22662777,3720.00,1.08744423,1
1506959994,22662776,3720.90,0.02000000,1
1506959993,22662775,3721.00,0.02000000,1
1506959993,22662774,3721.66,0.00031282,1
1506959993,22662773,3725.00,0.20111710,1
1506959991,22662771,3727.00,0.01000000,1
1506959987,22662769,3735.50,0.02489734,0
1506959955,22662765,3735.50,0.01205949,0
1506959935,22662762,3735.50,0.02670325,0
1506959926,22662758,3735.50,0.11664748,0
1506959926,22662757,3735.19,0.03300000,0
1506959912,22662752,3727.03,0.01999898,1
1506959911,22662751,3727.03,0.02148950,0
1506959910,22662749,3727.03,0.01396822,0
1506959896,22662737,3735.50,0.00133583,1
1506959893,22662736,3735.60,0.13140371,0
1506959863,22662721,3735.70,0.02570849,0
1506959825,22662706,3735.80,0.00749695,0
1506959823,22662703,3735.87,0.01964951,0
1506959763,22662654,3735.88,0.00281654,0
1506959763,22662653,3735.86,0.00999898,0
1506959731,22662641,3725.19,0.02290363,1
1506959724,22662638,3735.90,0.03576652,0
1506959724,22662637,3735.86,0.00999898,0
1506959705,22662629,3736.00,0.04135839,0
1506959703,22662626,3736.00,0.06138328,0
1506959701,22662624,3737.50,0.02598713,0
1506959689,22662623,3737.70,0.05183900,0
1506959681,22662622,3725.19,0.00164400,1
1506959661,22662618,3735.60,0.12891361,0
1506959646,22662614,3735.90,0.02521089,0
1506959644,22662609,3725.19,0.02259430,1
1506959644,22662608,3730.00,0.03000000,1
1506959644,22662607,3733.90,0.05186200,1
1506959640,22662605,3735.90,0.05186200,0
1506959631,22662604,3736.00,0.00133298,0
1506959625,22662601,3736.10,0.00744185,0
1506959615,22662597,3736.10,0.00133294,0
1506959605,22662593,3736.29,0.00133287,0
1506959596,22662590,3736.60,0.00133276,0
1506959577,22662577,3733.00,0.00133405,0
1506959568,22662570,3733.00,0.00847534,0
1506959566,22662569,3733.00,0.02568913,0
1506959539,22662566,3733.00,0.05186200,0
1506959525,22662562,3733.90,0.00133373,0
1506959524,22662561,3733.90,0.02512160,0
1506959514,22662557,3725.00,0.74400000,1
1506959504,22662552,3733.96,0.13614739,0
1506959494,22662549,3733.96,0.05186200,0
1506959492,22662548,3733.96,0.04808567,0
1506959489,22662547,3733.96,0.00133370,0
1506959487,22662544,3733.80,0.80267288,1
1506959485,22662543,3731.99,0.39984006,0
1506959475,22662537,3731.80,0.00133448,0
1506959472,22662536,3731.80,0.96474355,0
1506959470,22662535,3731.79,0.10455842,0
1506959465,22662531,3731.80,0.22564830,0
1506959465,22662530,3731.78,0.01439151,0
1506959462,22662526,3731.79,0.01248405,0
1506959452,22662520,3723.15,0.83878847,1
1506959444,22662512,3733.90,0.17416070,0
1506959444,22662511,3732.06,0.01076019,0
1506959442,22662507,3732.06,0.90679142,1
1506959440,22662504,3731.99,0.02878303,0
1506959434,22662501,3732.02,0.05191500,0
1506959422,22662497,3732.06,0.01075964,0
1506959412,22662495,3732.08,0.00133437,0
1506959410,22662493,3721.67,0.18030519,1
1506959403,22662487,3728.90,0.02461047,0
1506959398,22662484,3728.90,0.16050310,0
1506959383,22662463,3729.09,0.00133545,0
1506959379,22662462,3729.20,0.05198200,1
1506959371,22662461,3729.29,0.00133537,0
1506959366,22662459,3729.30,0.35842383,0
1506959366,22662458,3729.30,0.00133537,0
1506959360,22662452,3732.62,0.03120215,0
1506959360,22662451,3732.53,0.96879785,0
1506959354,22662443,3729.45,0.02914200,0
1506959354,22662442,3729.45,0.08903718,1
1506959353,22662441,3729.45,0.70084467,0
1506959344,22662437,3729.59,0.01295308,0
1506959344,22662435,3729.58,0.00133527,0
1506959338,22662406,3721.66,0.78202545,1
1506959336,22662402,3729.70,0.00133523,0
1506959332,22662396,3721.66,0.13425364,1
1506959332,22662394,3729.87,0.00133517,0
1506959328,22662391,3721.66,0.04340809,1
1506959324,22662389,3730.10,0.10394529,0
1506959324,22662388,3730.17,0.00133506,0
1506959321,22662386,3721.66,0.04000000,1
1506959315,22662383,3730.47,0.00133495,0
1506959311,22662382,3721.67,0.10110410,1
1506959310,22662381,3730.56,0.00133492,0
1506959306,22662376,3721.67,0.26391162,1
1506959305,22662373,3730.67,0.01050842,0
1506959300,22662370,3730.89,0.00133480,0
1506959294,22662365,3731.00,0.00133476,0
1506959294,22662363,3731.00,0.03957170,0
1506959286,22662346,3731.16,0.00133471,0
1506959283,22662337,3721.67,0.33986405,1
1506959269,22662316,3725.20,0.00003999,1
1506959268,22662315,3731.60,0.96000000,0
1506959254,22662295,3725.20,0.09996001,1
1506959245,22662273,3732.10,0.02525000,0
1506959225,22662263,3732.30,0.02994350,0
1506959223,22662261,3732.30,0.00133430,0
1506959207,22662251,3738.67,0.00133202,0
1506959199,22662247,3733.10,0.34219502,0
1506959199,22662246,3733.10,2.26788298,0
1506959198,22662244,3733.10,0.00564900,0
1506959194,22662238,3733.10,0.00133401,0
1506959190,22662232,3733.10,0.00133401,0
1506959185,22662230,3733.20,0.00133398,0
1506959184,22662229,3733.20,0.18350019,0
1506959180,22662228,3738.49,0.00133209,0
1506959176,22662226,3734.00,0.11510000,1
1506959173,22662223,3738.50,0.00133209,0
1506959125,22662215,3738.10,0.01354191,0
1506959123,22662214,3738.09,0.45338394,1
1506959121,22662213,3734.00,0.34754132,0
1506959102,22662206,3734.00,0.00748130,0
1506959090,22662201,3734.00,0.01497738,0
1506959044,22662142,3738.89,0.03773047,0
1506959006,22662115,3738.20,1.92687808,0
1506959006,22662114,3738.18,0.67662402,0
1506958999,22662111,3722.62,0.00214688,1
1506958974,22662092,3740.08,0.10025000,0
1506958971,22662087,3740.10,0.00133152,0
1506958967,22662084,3722.60,0.16701118,0
1506958967,22662083,3723.41,0.45000000,1
1506958966,22662082,3723.71,0.90000000,0
1506958966,22662080,3723.89,0.07777777,1
1506958966,22662079,3723.89,0.00133730,0
1506958966,22662078,3723.92,0.02106150,1
1506958965,22662076,3727.50,0.27456824,1
1506958965,22662074,3730.00,0.10000000,1
1506958965,22662073,3730.00,1.96000000,1
1506958963,22662072,3730.11,0.04420960,1
1506958952,22662066,3738.99,0.00133191,0
1506958948,22662064,3739.08,0.00133188,0
1506958942,22662061,3739.30,0.01067045,0
1506958925,22662052,3739.79,0.02565007,0
1506958919,22662047,3730.00,0.04000000,1
1506958904,22662045,3739.95,0.02512067,0
1506958900,22662043,3732.09,0.00731803,0
1506958895,22662042,3732.09,0.05000000,0
1506958887,22662041,3730.01,0.22159138,1
1506958886,22662040,3732.00,0.10000000,1
1506958886,22662039,3732.06,0.41861066,1
1506958885,22662038,3732.09,0.02459898,0
1506958885,22662037,3732.09,0.01639898,0
1506958884,22662036,3732.09,0.10000000,1
1506958881,22662035,3744.58,0.02593663,0
1506958879,22662033,3744.60,0.00132992,0
1506958876,22662030,3744.87,0.01045234,0
1506958872,22662025,3744.90,0.00132981,0
1506958866,22662024,3745.18,0.00132971,0
1506958859,22662016,3745.31,0.01402161,0
1506958857,22662015,3745.40,0.00132963,0
1506958853,22662013,3745.60,0.00133222,1
1506958851,22662012,3745.68,0.00132953,0
1506958847,22662010,3741.68,0.00133095,0
1506958841,22662003,3741.89,0.00133088,0
1506958786,22661980,3746.89,0.03797820,0
1506958784,22661979,3735.05,0.03200000,1
1506958747,22661970,3744.42,0.39300603,0
1506958745,22661969,3744.58,0.01564452,0
1506958726,22661954,3745.70,0.02150551,0
1506958723,22661952,3745.58,0.07553725,0
1506958718,22661951,3745.70,0.02662786,1
1506958706,22661944,3746.59,0.02106152,0
1506958704,22661941,3746.29,0.02486986,0
1506958663,22661923,3731.11,0.68138532,1
1506958655,22661919,3747.14,0.00681469,1
1506958655,22661918,3747.18,0.03348000,0
1506958654,22661917,3747.20,0.06423063,0
1506958643,22661916,3747.35,0.06289911,0
1506958629,22661910,3747.58,0.01878994,0
1506958627,22661907,3747.60,0.02579579,0
1506958615,22661900,3730.50,0.71075894,0
1506958615,22661899,3730.97,0.00200000,1
1506958615,22661898,3731.00,0.02000000,1
1506958614,22661897,3731.65,0.01778838,1
1506958614,22661896,3731.66,0.01248000,1
1506958613,22661895,3735.00,0.00400000,1
1506958613,22661894,3735.65,0.60978136,1
1506958613,22661893,3735.90,0.42137177,1
1506958611,22661892,3736.12,0.90491365,1
1506958572,22661872,3735.94,0.26203680,1
1506958572,22661871,3738.39,0.00623141,1
1506958564,22661868,3748.24,0.06120641,0
1506958543,22661862,3748.80,0.02756600,0
1506958541,22661860,3748.99,0.10025000,0
1506958526,22661847,3749.07,0.02505315,0
1506958524,22661846,3738.54,0.06739111,1
1506958506,22661839,3749.53,0.02536720,0
1506958504,22661838,3749.59,0.01247998,0
1506958486,22661836,3738.39,0.02710189,1
1506958483,22661835,3749.88,0.04982295,0
1506958481,22661834,3738.54,0.13932200,0
1506958481,22661833,3738.55,0.40000000,1
1506958471,22661825,3740.00,0.21567804,1
1506958465,22661824,3750.20,0.01247998,0
1506958464,22661821,3740.00,0.03432196,1
1506958463,22661819,3740.00,0.00138423,1
1506958463,22661818,3740.00,0.01202000,1
1506958463,22661816,3740.96,0.08869311,1
1506958453,22661799,3750.30,1.31136442,1
1506958451,22661798,3750.27,0.94947465,0
1506958445,22661797,3740.96,0.09540718,1
1506958405,22661781,3740.96,0.08405141,1
1506958404,22661780,3742.44,0.05000000,1
1506958404,22661779,3751.47,0.02002535,0
1506958384,22661759,3752.40,0.02631038,0
1506958372,22661714,3742.43,0.10000000,1
1506958332,22661695,3753.90,0.13072193,0
1506958321,22661685,3754.17,0.13050000,0
1506958306,22661676,3740.96,0.00648368,1
1506958305,22661675,3741.00,0.02000000,1
1506958305,22661674,3741.01,0.88273910,1
1506958304,22661671,3743.50,0.49262751,1
1506958304,22661670,3743.50,1.00000000,0
1506958304,22661669,3749.96,0.54814971,1
1506958302,22661667,3750.01,0.05000000,1
1506958285,22661663,3756.10,0.25688998,0
1506958284,22661662,3749.96,0.05718931,1
1506958283,22661661,3756.10,0.03764030,0
1506958283,22661660,3749.96,0.04691000,1
1506958254,22661644,3754.52,0.00547705,0
1506958253,22661643,3754.52,0.00136738,0
1506958251,22661642,3754.52,0.95910796,0
1506958219,22661634,3756.69,0.06638024,0
1506958208,22661629,3749.96,0.00565000,1
1506958203,22661618,3756.80,0.01825000,0
1506958184,22661607,3756.90,0.25138013,0
1506958143,22661584,3757.57,0.02442270,0
1506958093,22661575,3756.40,0.02639407,0
1506958084,22661572,3756.53,0.00787081,0
1506958083,22661569,3756.53,0.02544285,0
1506958082,22661568,3756.50,0.38603482,0
1506958049,22661563,3757.57,0.01451001,1
1506958007,22661526,3757.70,0.02647896,0
1506958005,22661525,3757.70,0.38436346,0
1506958000,22661523,3757.70,0.02574251,0
1506957998,22661522,3757.77,0.25000000,0
1506957984,22661518,3757.88,0.01675031,0
1506957973,22661516,3757.17,0.07842077,0
1506957938,22661511,3757.57,0.26546411,0
1506957923,22661503,3757.60,0.00746133,0
1506957919,22661498,3757.80,0.02654212,0
1506957899,22661483,3749.96,0.39210098,0
1506957868,22661479,3743.50,0.08837770,1
1506957868,22661478,3744.25,0.01501769,1
1506957867,22661477,3744.25,0.02178373,1
1506957867,22661476,3749.90,0.09966000,1
1506957864,22661475,3749.96,0.38747952,0
1506957806,22661456,3749.70,0.01329973,0
1506957792,22661450,3749.70,0.07219678,0
1506957792,22661449,3749.68,0.18550297,0
1506957784,22661448,3749.89,0.13300390,0
1506957772,22661445,3749.67,0.01862030,0
1506957766,22661443,3744.28,0.99700000,1
1506957664,22661380,3749.90,0.02365847,0
1506957631,22661372,3749.90,0.61530000,0
1506957612,22661368,3749.90,0.01462972,0
1506957604,22661365,3749.90,0.02335960,0
1506957585,22661357,3749.90,0.03145980,0
1506957584,22661356,3744.25,0.01191097,1
1506957584,22661355,3745.15,0.09148596,1
1506957584,22661354,3745.16,0.40825504,1
1506957537,22661342,3745.95,0.00154000,1
1506957531,22661340,3754.70,0.02505895,0
1506957529,22661339,3757.89,0.01025000,0
1506957529,22661338,3757.89,0.05693022,0
1506957528,22661336,3757.89,0.01488199,0
1506957528,22661335,3757.88,0.00999898,0
1506957512,22661328,3757.80,0.13279916,0
1506957512,22661327,3757.79,0.05126203,0
1506957512,22661326,3757.78,0.30000000,0
1506957512,22661325,3757.66,0.13000000,0
1506957512,22661324,3754.90,2.00000000,0
1506957510,22661323,3754.90,0.02570004,0
1506957509,22661322,3754.90,0.02549149,0
1506957490,22661313,3745.56,0.02421489,1
1506957467,22661305,3755.10,0.02542233,0
1506957444,22661298,3755.30,0.02605214,0
1506957420,22661296,3757.51,0.00847635,1
1506957420,22661295,3757.49,0.00999898,0
1506957406,22661292,3757.09,0.01771070,0
1506957387,22661285,3757.09,0.07635077,0
1506957385,22661284,3757.00,0.09292520,1
1506957373,22661282,3757.29,0.01286832,0
1506957369,22661281,3745.19,0.29446000,1
1506957363,22661280,3756.27,0.00744974,0
1506957344,22661276,3755.30,0.00770946,0
1506957344,22661275,3757.49,0.04518238,1
1506957343,22661274,3757.48,0.14000000,0
1506957342,22661271,3756.27,0.15003159,1
1506957342,22661270,3756.27,0.01162588,1
1506957341,22661267,3756.20,2.26180000,0
1506957324,22661265,3756.77,0.00744974,0
1506957323,22661264,3756.80,0.10000000,0
1506957315,22661261,3757.00,0.05025000,0
1506957314,22661260,3757.00,0.15686342,0
1506957303,22661258,3757.39,0.06105785,0
1506957264,22661242,3755.87,0.05776269,0
1506957254,22661240,3756.00,0.06550559,0
1506957244,22661236,3745.15,0.00851404,1
1506957201,22661232,3757.10,0.02000000,0
1506957182,22661225,3757.78,0.00132525,0
1506957181,22661223,3745.15,0.04115897,1
1506957174,22661221,3754.42,0.00132644,0
1506957169,22661219,3745.15,0.00213396,1
1506957140,22661217,3745.15,0.01628000,1
1506957133,22661215,3755.33,0.06550507,0
1506957124,22661214,3755.79,0.38443786,0
1506957086,22661204,3744.25,0.27200000,0
1506957056,22661198,3743.83,0.43569200,1
1506957047,22661195,3750.00,0.45975177,1
1506957047,22661194,3754.68,0.04055618,1
1506957026,22661187,3757.90,0.95112137,1
1506957025,22661186,3757.79,0.05755271,0
1506957024,22661182,3750.00,0.03000000,1
1506957022,22661176,3754.68,0.03939043,1
1506957021,22661174,3754.70,0.05243738,1
1506957020,22661172,3754.65,0.26088072,0
1506957018,22661171,3754.68,0.23505249,0
1506957002,22661161,3750.00,0.04224289,1
1506956982,22661125,3743.54,0.21500000,1
1506956976,22661124,3755.40,0.01858923,0
1506956974,22661123,3755.37,0.00633690,0
1506956964,22661120,3743.60,0.35577807,1
1506956931,22661117,3755.99,0.02655757,0
1506956906,22661111,3757.80,0.02588437,0
1506956904,22661110,3757.80,0.01247464,0
1506956881,22661105,3757.80,0.88347945,0
1506956881,22661104,3757.03,0.01124418,0
1506956881,22661103,3757.00,0.20552637,0
1506956846,22661080,3757.03,0.00239898,0
1506956845,22661078,3757.00,0.00159898,0
1506956844,22661077,3757.03,0.02489076,0
1506956843,22661076,3743.85,0.15142689,1
1506956843,22661075,3746.88,0.04512611,1
1506956843,22661074,3757.00,0.00600000,1
1506956837,22661072,3757.03,0.00164898,0
1506956830,22661069,3757.90,0.03900000,0
1506956826,22661064,3757.03,0.03278586,1
1506956804,22661054,3757.90,0.00860100,0
1506956784,22661045,3757.90,0.02756436,0
1506956782,22661044,3757.90,0.02130553,0
1506956762,22661034,3742.82,0.05569846,1
1506956762,22661032,3746.70,0.01247434,1
1506956762,22661030,3748.21,0.01182720,1
1506956744,22661014,3757.90,0.10051197,0
1506956733,22661010,3757.90,0.06336133,0
1506956730,22661009,3757.90,0.10497475,0
1506956711,22660995,3757.90,0.78144001,0
1506956711,22660994,3757.21,0.07133971,0
1506956711,22660993,3757.20,0.14722028,0
1506956709,22660992,3748.21,0.02819190,1
1506956707,22660991,3757.00,0.00004810,1
1506956691,22660965,3757.00,0.12024641,1
1506956684,22660962,3757.20,0.06528139,0
1506956682,22660960,3757.00,0.12970549,1
1506956681,22660958,3757.20,0.00008504,1
1506956679,22660947,3757.20,0.21258671,1
1506956673,22660938,3757.21,0.00004763,1
1506956670,22660933,3757.21,0.11906742,1
1506956665,22660929,3757.90,0.31852897,0
1506956663,22660927,3757.90,1.26569609,1
1506956662,22660925,3757.80,0.06150690,0
1506956659,22660918,3757.21,0.07970998,1
1506956656,22660910,3757.21,0.06000000,1
1506956637,22660889,3757.80,0.33999946,0
1506956635,22660886,3757.21,0.00508423,0
1506956635,22660884,3757.21,0.00000138,0
1506956634,22660883,3757.21,0.09837214,0
1506956624,22660880,3757.21,0.00530979,0
1506956597,22660878,3757.21,0.06637105,0
1506956591,22660877,3757.20,0.03732825,0
1506956584,22660876,3757.20,0.24466514,0
1506956566,22660869,3757.21,0.02486141,0
1506956544,22660857,3756.99,0.04450000,0
1506956525,22660849,3756.99,1.33323146,0
1506956525,22660848,3756.00,1.00000000,0
1506956525,22660847,3755.96,0.26172041,0
1506956524,22660845,3755.99,0.02578597,0
1506956519,22660842,3756.97,0.01327399,0
1506956510,22660840,3756.88,0.53124548,0
1506956466,22660807,3757.20,0.40713009,0
1506956463,22660802,3757.13,0.00870290,0
1506956446,22660787,3757.01,0.00757862,0
1506956427,22660781,3757.20,0.01327318,0
1506956424,22660780,3756.86,0.02484828,0
1506956389,22660764,3748.20,0.00930618,1
1506956364,22660758,3757.90,0.01247434,0
1506956363,22660757,3757.92,0.04512611,0
1506956355,22660753,3757.78,0.02633814,0
1506956353,22660752,3745.30,0.40613124,1
1506956351,22660751,3745.53,0.47028876,0
1506956351,22660750,3745.53,0.12358000,1
1506956348,22660749,3757.99,0.01530816,0
1506956346,22660747,3757.93,0.09982023,0
1506956345,22660746,3748.32,0.03279804,1
1506956328,22660738,3746.31,0.82018750,1
1506956328,22660737,3748.20,0.17981250,1
1506956328,22660736,3751.00,2.00000000,1
1506956326,22660735,3757.83,0.02537399,0
1506956299,22660729,3757.99,0.24639851,0
1506956297,22660726,3757.86,0.01447527,0
1506956292,22660723,3757.87,0.14599228,0
1506956264,22660678,3757.96,0.00744524,0
1506956260,22660676,3757.99,0.02413524,0
1506956258,22660674,3757.98,0.02895054,0
1506956251,22660671,3757.99,0.44564249,0
1506956251,22660670,3757.50,0.11367604,0
1506956243,22660662,3757.50,0.37632396,0
1506956243,22660661,3757.49,0.05790109,0
1506956233,22660652,3757.40,0.00285888,0
1506956222,22660638,3756.86,0.01299000,0
1506956214,22660635,3748.36,0.40189074,1
1506956214,22660634,3749.70,0.10000000,1
1506956179,22660616,3745.54,0.00220199,1
1506956179,22660615,3749.80,0.46138322,1
1506956173,22660614,3757.72,0.02633814,0
1506956162,22660612,3749.81,0.50000000,1
1506956152,22660611,3749.83,0.44060049,1
1506956152,22660610,3750.86,0.21077564,1
1506956147,22660608,3749.80,0.03861678,1
1506956147,22660607,3750.00,0.01250000,1
1506956147,22660606,3750.00,0.10000000,1
1506956147,22660605,3750.00,0.14212208,1
1506956147,22660604,3751.00,0.20676114,1
1506956145,22660603,3757.99,0.00995977,0
1506956144,22660597,3751.00,0.00721887,1
1506956143,22660596,3756.63,0.00670000,1
1506956106,22660567,3757.99,0.02534493,0
1506956105,22660565,3757.99,0.00738400,0
1506956103,22660562,3757.99,0.05019758,0
1506956056,22660543,3758.00,0.05025000,0
1506956056,22660542,3758.00,0.03102880,0
1506956056,22660541,3758.00,0.11785351,0
1506956054,22660540,3758.00,0.00677221,0
1506956054,22660539,3758.00,0.02415034,0
1506956024,22660533,3758.00,0.12501241,0
1506956019,22660531,3758.00,0.09000000,0
1506955982,22660518,3758.00,0.00633830,0
1506955923,22660504,3758.00,0.01247467,0
1506955881,22660465,3758.00,0.18580362,0
1506955853,22660456,3758.00,0.04181643,0
1506955825,22660440,3758.00,0.20769276,0
1506955825,22660439,3757.80,0.02475067,0
1506955823,22660438,3757.80,0.02505028,0
1506955804,22660431,3757.80,0.05019905,0
1506955663,22660367,3757.89,0.02505028,0
1506955645,22660362,3757.89,0.00905834,0
1506955645,22660361,3756.66,0.01746064,0
1506955644,22660359,3752.00,0.03833561,1
1506955640,22660357,3756.66,0.00253936,1
1506955605,22660353,3757.90,0.06434961,0
1506955605,22660352,3757.00,0.00340019,0
1506955544,22660297,3756.66,0.01096064,1
1506955537,22660295,3757.00,0.06613097,0
1506955532,22660293,3757.00,0.01829098,0
1506955526,22660292,3757.00,0.01271688,0
1506955506,22660289,3757.00,0.15149694,0
1506955504,22660288,3757.00,0.04013786,0
1506955500,22660283,3757.00,0.10782618,0
1506955484,22660281,3757.90,0.28849336,0
1506955483,22660280,3757.90,0.26544080,0
1506955469,22660269,3758.00,0.53686843,0
1506955468,22660268,3758.00,0.02061917,0
1506955467,22660265,3757.90,0.00265308,0
1506955466,22660262,3757.90,0.00784338,0
1506955464,22660261,3757.90,0.23135093,0
1506955453,22660259,3756.81,0.01409130,1
1506955443,22660255,3757.90,0.12210277,0
1506955395,22660245,3757.90,0.14293538,0
1506955327,22660217,3758.00,0.04375590,0
1506955326,22660216,3752.00,0.11360800,1
1506955311,22660207,3758.00,1.06205695,0
1506955303,22660205,3752.40,0.03960000,0
1506955301,22660203,3752.00,0.00012525,1
1506955299,22660202,3752.50,0.03987475,1
1506955244,22660183,3752.00,0.04788030,1
1506955242,22660182,3758.00,0.03039666,0
1506955241,22660181,3752.00,0.00213006,1
1506955229,22660179,3758.00,0.01553485,0
1506955227,22660174,3757.00,0.04287248,0
1506955205,22660163,3757.00,0.02505028,0
1506955204,22660162,3757.00,0.01174791,0
1506955173,22660143,3757.00,0.02655044,0
1506955170,22660142,3757.80,0.09377889,1
1506955164,22660139,3758.00,0.00795028,0
1506955116,22660112,3758.00,0.04225000,0
1506955106,22660110,3758.00,0.00132517,0
1506955103,22660109,3757.80,0.11477028,1
1506955101,22660108,3758.00,0.02592114,0
1506955092,22660101,3758.00,0.03938325,0
1506955089,22660097,3758.00,0.00132517,0
1506955084,22660095,3758.00,0.07789670,0
1506955083,22660094,3757.90,0.24685861,0
1506955082,22660092,3758.00,0.00132517,0
1506955077,22660085,3757.90,0.58928125,0
1506955063,22660081,3757.90,0.92242800,0
1506955027,22660070,3757.90,0.00132521,0
1506955015,22660063,3757.90,0.03293671,0
1506954974,22659996,3757.90,0.19605183,0
1506954974,22659994,3757.90,1.00000000,0
1506954973,22659993,3757.90,0.26124753,0
1506954936,22659985,3757.90,0.02658400,0
1506954927,22659983,3757.90,0.02544671,0
1506954926,22659981,3757.90,0.00132521,0
1506954925,22659980,3757.90,0.02555946,0
1506954924,22659978,3752.00,0.02504113,1
1506954924,22659977,3752.00,0.10251517,1
1506954923,22659976,3755.90,0.09685000,1
1506954913,22659965,3757.90,0.02638069,0
1506954906,22659961,3757.90,0.26544080,0
1506954904,22659960,3757.90,0.12210277,0
1506954882,22659911,3757.90,0.00132521,0
1506954873,22659905,3757.90,0.00530000,0
1506954871,22659904,3757.90,0.77377790,0
1506954867,22659902,3757.90,0.02434078,0
1506954865,22659901,3757.90,0.01687386,0
1506954860,22659900,3757.90,0.00132521,0
1506954853,22659899,3758.00,0.17743553,0
1506954848,22659895,3758.00,0.00132517,0
1506954846,22659892,3751.88,0.07757200,1
1506954843,22659891,3758.00,0.62377062,0
1506954843,22659890,3758.00,0.02441990,0
1506954834,22659885,3758.00,0.00132517,0
1506954829,22659884,3758.00,0.13093794,0
1506954825,22659883,3758.00,0.02497923,0
1506954811,22659870,3758.00,0.00132517,0
1506954806,22659866,3758.00,0.01986053,0
1506954804,22659862,3757.90,0.25182146,0
1506954781,22659855,3757.90,0.26544080,0
1506954756,22659841,3757.60,0.03252777,0
1506954755,22659839,3757.67,0.99596559,0
1506954745,22659832,3752.73,0.00221819,0
1506954744,22659831,3752.73,0.01381035,0
1506954744,22659830,3751.88,0.02911135,0
1506954706,22659794,3751.88,0.01518365,0
1506954706,22659793,3749.73,0.02378953,0
1506954703,22659790,3749.73,0.08808484,0
1506954692,22659782,3749.73,0.11000000,0
1506954691,22659780,3749.73,0.00249100,0
1506954688,22659779,3749.73,0.00533000,0
1506954685,22659777,3749.73,0.23506349,1
1506954685,22659776,3750.89,0.09881921,1
1506954673,22659767,3751.88,0.02658667,0
1506954634,22659743,3750.89,0.06396841,0
1506954631,22659741,3750.89,0.10000000,0
1506954614,22659731,3750.89,0.00286515,0
1506954584,22659629,3750.88,0.01382875,0
1506954553,22659613,3745.79,0.09038753,1
1506954553,22659612,3750.00,0.00711247,1
1506954552,22659611,3750.00,0.02732669,0
1506954552,22659610,3750.00,0.03539824,0
1506954552,22659609,3750.00,9.99750000,0
1506954552,22659608,3749.00,7.93266260,0
1506954541,22659591,3748.97,0.01880891,0
1506954512,22659572,3748.97,0.13100731,0
1506954497,22659566,3748.84,0.01330278,0
1506954488,22659559,3748.87,0.06652179,1
