date,tid,price,amount,type
1506988839,22678087,4377.95,1.00000000,1
1506988831,22678085,4387.09,0.34859826,0
1506988829,22678084,4378.04,0.12850000,1
1506988829,22678083,4378.06,0.87150000,1
1506988827,22678082,4378.03,0.12850000,1
1506988827,22678081,4378.03,0.87150000,1
1506988812,22678080,4380.85,0.00500000,1
1506988803,22678074,4391.41,0.00263826,0
1506988787,22678067,4391.48,0.07607997,0
1506988781,22678064,4380.78,1.00000000,1
1506988778,22678062,4380.74,0.00116415,1
1506988770,22678032,4388.10,0.02305554,1
1506988766,22678031,4388.24,0.03839833,0
1506988765,22678030,4388.24,0.15486932,0
1506988739,22678027,4391.70,0.08523754,0
1506988735,22678026,4391.69,0.05497062,0
1506988595,22677984,4391.20,0.62462584,1
1506988594,22677980,4391.00,0.44012764,0
1506988594,22677979,4390.89,0.87150000,0
1506988583,22677976,4390.97,0.03425349,0
1506988566,22677972,4390.99,0.21126898,1
1506988563,22677970,4391.00,0.02606000,0
1506988514,22677961,4389.82,0.77147348,1
1506988513,22677960,4389.82,0.16500000,0
1506988468,22677958,4393.53,0.02768362,0
1506988449,22677949,4393.78,0.21039453,1
1506988448,22677947,4388.10,0.05439953,0
1506988418,22677944,4388.10,0.05660000,0
1506988398,22677942,4388.10,0.13100047,0
1506988372,22677934,4391.56,0.17040796,0
1506988344,22677931,4389.04,0.01450000,0
1506988344,22677930,4386.97,0.26200000,0
1506988344,22677929,4386.95,1.72350000,0
1506988342,22677928,4386.82,2.27650000,0
1506988341,22677927,4386.96,0.02000000,0
1506988340,22677925,4386.87,1.41712673,0
1506988340,22677924,4386.80,1.00000000,0
1506988325,22677923,4389.04,1.34154181,0
1506988288,22677914,4392.60,0.04602187,0
1506988287,22677912,4380.86,1.47681007,1
1506988287,22677911,4380.87,0.38392480,1
1506988284,22677910,4389.10,0.99000000,1
1506988284,22677909,4389.90,0.37058700,1
1506988282,22677908,4388.57,0.30900000,0
1506988262,22677904,4380.89,0.32057633,1
1506988240,22677903,4395.00,0.49885092,0
1506988240,22677902,4394.88,0.00114908,0
1506988238,22677901,4390.82,0.38057000,0
1506988237,22677900,4390.82,0.32116624,0
1506988237,22677899,4389.99,0.17958376,0
1506988234,22677898,4389.98,0.14075580,0
1506988234,22677897,4389.97,0.23981420,0
1506988222,22677895,4385.62,0.02117408,1
1506988222,22677894,4389.99,0.85000000,0
1506988221,22677893,4389.99,0.87000000,0
1506988218,22677892,4380.36,1.66611852,0
1506988217,22677891,4380.41,1.00000000,0
1506988217,22677890,4382.49,0.04328925,1
1506988217,22677889,4382.49,4.00000000,0
1506988217,22677888,4385.00,2.00000000,1
1506988215,22677887,4385.11,0.19059223,1
1506988212,22677886,4389.99,0.50671280,0
1506988212,22677885,4389.99,0.62164360,0
1506988211,22677884,4389.99,0.66664360,0
1506988211,22677883,4389.73,0.30500000,0
1506988203,22677882,4389.99,0.10000000,0
1506988174,22677879,4389.99,0.08926595,0
1506988170,22677878,4385.03,0.27382252,0
1506988170,22677877,4385.03,0.00260545,0
1506988164,22677876,4389.99,0.00815324,0
1506988160,22677875,4389.99,0.18677491,0
1506988160,22677874,4389.69,0.21322509,0
1506988151,22677873,4389.69,0.21877491,0
1506988145,22677872,4389.99,0.57300000,0
1506988142,22677870,4389.99,0.02608600,0
1506988135,22677866,4389.99,2.12175722,0
1506988135,22677865,4388.65,0.37824278,0
1506988127,22677859,4388.65,0.01802058,0
1506988091,22677851,4388.65,0.01773664,0
1506988076,22677844,4391.35,1.37749439,1
1506988076,22677842,4390.25,0.06793153,0
1506988076,22677841,4390.25,0.05528847,0
1506988074,22677839,4389.87,1.00000000,1
1506988074,22677838,4389.87,0.41200000,0
1506988074,22677837,4389.86,0.15467464,0
1506988060,22677832,4382.49,4.53070538,0
1506988059,22677831,4383.97,0.01587801,1
1506988059,22677829,4384.38,0.15395791,1
1506988059,22677828,4384.63,0.87150000,1
1506988058,22677827,4384.64,4.00000000,0
1506988058,22677826,4384.70,0.87150000,1
1506988057,22677825,4384.72,0.87150000,0
1506988057,22677824,4384.72,0.87150000,0
1506988056,22677823,4384.75,1.00000000,1
1506987973,22677787,4390.00,0.52279424,1
1506987973,22677786,4390.00,3.97690120,0
1506987970,22677785,4390.00,0.02309916,0
1506987966,22677779,4390.00,13.90002753,0
1506987966,22677778,4389.44,0.59409091,0
1506987966,22677777,4389.42,0.13100000,0
1506987966,22677776,4387.90,0.03300000,0
1506987966,22677775,4387.87,0.15474479,0
1506987966,22677773,4387.87,4.00000000,0
1506987950,22677768,4383.98,0.01665993,1
1506987906,22677751,4387.40,0.01303500,1
1506987893,22677748,4387.43,0.17064061,0
1506987884,22677744,4387.44,0.05119218,1
1506987844,22677735,4387.43,0.87000000,1
1506987843,22677734,4387.45,0.01188306,0
1506987837,22677733,4387.42,0.42776147,1
1506987820,22677729,4387.90,0.71140000,1
1506987818,22677728,4384.50,0.23860000,0
1506987817,22677727,4384.50,0.01140000,1
1506987817,22677726,4388.00,0.75000000,1
1506987816,22677725,4384.99,0.11863607,0
1506987809,22677723,4385.00,0.21937719,1
1506987809,22677722,4385.06,0.08867208,1
1506987808,22677721,4389.40,0.17056324,0
1506987799,22677720,4385.05,0.01099110,1
1506987774,22677718,4385.04,2.25940000,1
1506987733,22677714,4389.44,0.01590909,0
1506987722,22677712,4384.51,1.14690015,1
1506987722,22677711,4384.51,2.50000000,1
1506987715,22677710,4389.99,0.03047661,0
1506987691,22677703,4384.07,0.09243291,0
1506987689,22677702,4389.19,0.03556709,1
1506987676,22677700,4390.00,12.09997211,0
1506987676,22677699,4390.00,4.00000000,1
1506987676,22677698,4389.99,5.83000000,0
1506987675,22677697,4389.19,0.75500000,0
1506987675,22677696,4389.19,0.45182971,1
1506987675,22677695,4388.81,0.03500000,0
1506987673,22677694,4388.80,4.00000000,0
1506987642,22677690,4389.18,0.09100000,0
1506987627,22677673,4389.18,0.00530352,0
1506987604,22677662,4383.97,0.00588199,1
1506987540,22677658,4389.99,0.03462139,0
1506987524,22677655,4393.18,1.00000000,1
1506987517,22677654,4393.21,0.33859296,0
1506987514,22677653,4393.16,0.87150000,0
1506987506,22677652,4393.19,0.14652645,0
1506987502,22677651,4391.94,0.78701600,0
1506987502,22677650,4387.70,0.85100000,0
1506987500,22677649,4383.97,0.01154000,1
1506987483,22677645,4391.27,0.02950383,0
1506987477,22677636,4389.22,5.50814951,0
1506987477,22677633,4387.04,0.15477406,0
1506987476,22677632,4383.98,2.35740264,0
1506987464,22677631,4392.89,0.87150000,0
1506987462,22677630,4386.27,0.58275462,0
1506987462,22677629,4386.27,1.68300000,0
1506987461,22677628,4386.34,0.04184538,1
1506987446,22677624,4390.08,0.06506168,1
1506987446,22677623,4390.77,0.20423568,1
1506987420,22677620,4393.19,0.21424978,1
1506987420,22677619,4393.18,0.10000000,0
1506987419,22677618,4392.36,0.20000000,0
1506987419,22677617,4392.30,0.04340237,0
1506987419,22677616,4390.75,0.14040000,0
1506987418,22677615,4389.83,0.87150000,1
1506987417,22677614,4389.83,0.51351447,0
1506987409,22677613,4388.36,0.07979673,0
1506987391,22677609,4388.45,0.28901321,0
1506987329,22677547,4386.33,0.06506168,0
1506987329,22677546,4386.33,0.02159974,0
1506987312,22677543,4386.33,0.06640634,0
1506987303,22677540,4386.33,0.21149295,0
1506987300,22677538,4386.34,0.01189431,0
1506987234,22677536,4386.31,0.00670592,1
1506987140,22677530,4386.14,0.07987773,0
1506987104,22677526,4380.06,0.02000000,1
1506987086,22677525,4383.97,0.01706444,0
1506987063,22677521,4383.98,0.00391400,0
1506987051,22677520,4383.98,0.24650000,0
1506987047,22677519,4380.00,0.14463700,0
1506987047,22677518,4379.98,0.15502354,0
1506987015,22677516,4380.00,0.11409507,0
1506987011,22677515,4379.01,0.31656347,0
1506987009,22677514,4379.01,0.06773186,0
1506987006,22677513,4379.01,0.19784032,0
1506986979,22677506,4380.00,0.24300000,1
1506986967,22677502,4380.01,1.91786435,0
1506986963,22677499,4380.00,0.75700000,1
1506986963,22677498,4380.03,0.87150000,1
1506986963,22677497,4380.05,0.87150000,1
1506986954,22677496,4380.00,1.00000000,1
1506986950,22677495,4380.00,0.05265399,0
1506986947,22677494,4382.30,0.07584601,1
1506986947,22677493,4382.35,0.87150000,1
1506986944,22677492,4386.46,0.05230185,1
1506986929,22677490,4382.79,0.02356631,0
1506986925,22677489,4382.80,0.00295139,0
1506986882,22677485,4382.80,0.00220000,1
1506986879,22677484,4386.37,0.05900206,0
1506986869,22677483,4386.46,0.01804690,1
1506986771,22677470,4386.38,0.10000000,0
1506986740,22677467,4379.28,0.00360999,1
1506986734,22677465,4386.47,0.01189868,0
1506986711,22677464,4386.44,0.00666052,0
1506986704,22677462,4386.45,0.10460623,1
1506986605,22677440,4378.42,0.03000000,1
1506986605,22677439,4378.42,0.01000000,1
1506986603,22677438,4386.46,0.01271008,0
1506986565,22677431,4386.48,0.46930424,0
1506986565,22677430,4386.47,0.15479417,0
1506986554,22677429,4378.31,0.20600000,0
1506986553,22677427,4378.31,0.79400000,0
1506986549,22677424,4383.68,1.00000000,1
1506986545,22677421,4384.82,4.00000000,0
1506986544,22677420,4384.82,0.00228000,1
1506986526,22677419,4389.51,0.02090666,0
1506986522,22677417,4385.09,0.82162977,0
1506986522,22677416,4385.10,0.48346795,1
1506986471,22677412,4389.51,0.00332000,0
1506986466,22677411,4389.50,0.00831000,0
1506986409,22677402,4386.65,0.05228740,0
1506986406,22677400,4391.99,0.05223600,0
1506986389,22677398,4391.99,0.59668396,0
1506986389,22677397,4391.97,1.74300000,0
1506986389,22677396,4390.72,2.00000000,0
1506986388,22677395,4390.70,0.87150000,0
1506986388,22677394,4388.90,0.11056725,0
1506986388,22677393,4387.04,0.12457617,0
1506986387,22677392,4385.26,0.46995111,0
1506986375,22677388,4385.26,0.03004889,0
1506986282,22677382,4384.82,0.17798709,0
1506986257,22677378,4384.85,0.06119534,0
1506986248,22677373,4384.86,0.03591085,0
1506986231,22677371,4383.88,0.00049342,0
1506986231,22677370,4383.86,0.00125273,0
1506986211,22677368,4383.85,2.18980526,0
1506986200,22677366,4378.80,0.15509755,1
1506986194,22677365,4377.90,0.15509719,0
1506986182,22677363,4378.27,0.70961520,0
1506986182,22677362,4377.95,0.15509542,0
1506986182,22677361,4377.91,0.53535885,0
1506986172,22677359,4378.27,0.02125642,0
1506986073,22677337,4374.07,0.36448398,1
1506986073,22677336,4374.06,1.55093672,1
1506986073,22677335,4374.07,0.70476328,1
1506986072,22677334,4374.06,0.17171647,1
1506986072,22677333,4384.54,0.07258353,1
1506986060,22677331,4384.53,0.00869876,1
1506986057,22677329,4373.83,0.53535885,0
1506986050,22677324,4384.86,0.08132446,0
1506986050,22677323,4384.83,0.01491829,0
1506986050,22677322,4384.82,0.00125387,0
1506986050,22677321,4384.82,0.00125222,0
1506986049,22677320,4384.53,0.00125116,0
1506986049,22677318,4384.53,1.00000000,0
1506986042,22677313,4384.53,0.99749225,1
1506986041,22677312,4384.53,0.00125394,0
1506986040,22677311,4384.52,0.00125381,0
1506986031,22677310,4384.59,0.00244364,1
1506986030,22677308,4384.58,0.00353150,0
1506986030,22677307,4384.57,0.00125101,0
1506986028,22677306,4384.56,0.00125207,0
1506985999,22677277,4384.65,0.05507106,0
1506985985,22677274,4384.70,0.18667010,1
1506985985,22677273,4384.71,1.00000000,1
1506985982,22677272,4384.71,0.12850000,1
1506985981,22677271,4384.68,0.87150000,0
1506985979,22677270,4384.70,1.00000000,0
1506985976,22677269,4384.70,0.00125362,0
1506985976,22677268,4384.67,0.11375999,1
1506985974,22677267,4384.69,0.99624276,1
1506985974,22677266,4384.69,0.00125215,1
1506985973,22677265,4384.69,0.00125323,0
1506985973,22677264,4384.68,0.00125186,0
1506985969,22677263,4382.55,1.18691148,0
1506985967,22677261,4382.55,0.07353558,0
1506985967,22677260,4382.31,0.01613533,0
1506985963,22677259,4378.46,0.01400000,0
1506985957,22677255,4376.53,0.01240000,0
1506985909,22677248,4376.00,1.68863503,0
1506985908,22677247,4376.00,1.00000000,0
1506985906,22677246,4376.00,1.00000000,0
1506985903,22677245,4376.00,1.00000000,0
1506985901,22677244,4376.00,0.00520000,0
1506985886,22677237,4376.00,1.00000000,0
1506985883,22677231,4376.00,1.00000000,0
1506985881,22677228,4376.00,1.00000000,0
1506985876,22677218,4376.00,0.19568000,0
1506985874,22677214,4376.00,0.35010100,0
1506985868,22677201,4376.00,0.93235900,0
1506985868,22677200,4375.54,0.01500000,0
1506985865,22677199,4372.89,0.59466900,0
1506985864,22677194,4372.89,0.87150000,0
1506985863,22677193,4372.90,0.77700000,1
1506985863,22677192,4373.88,0.04483100,1
1506985839,22677184,4372.72,0.01611301,1
1506985837,22677183,4376.00,0.00259065,0
1506985836,22677182,4376.00,0.11154949,0
1506985835,22677181,4375.99,0.12490189,0
1506985832,22677180,4375.99,0.03026300,0
1506985817,22677178,4376.00,0.71388483,0
1506985817,22677177,4375.99,0.28611517,0
1506985764,22677172,4381.50,0.00334853,0
1506985737,22677164,4373.56,2.43160000,0
1506985736,22677163,4375.09,0.47658023,1
1506985736,22677162,4379.65,0.14621977,1
1506985721,22677156,4379.64,0.06840000,1
1506985704,22677151,4382.30,0.69200000,0
1506985704,22677150,4382.29,0.30800000,0
1506985700,22677149,4379.99,1.00000000,0
1506985698,22677146,4379.99,1.00000000,0
1506985697,22677145,4380.00,0.08622374,1
1506985695,22677144,4380.00,0.91377626,0
1506985690,22677142,4379.62,0.29523064,0
1506985686,22677136,4378.71,0.01900000,1
1506985684,22677130,4379.62,0.10476936,0
1506985683,22677128,4378.71,0.90472474,0
1506985677,22677124,4378.67,0.01735702,0
1506985674,22677123,4378.66,0.53249279,0
1506985668,22677120,4376.07,0.02200000,0
1506985610,22677094,4378.66,0.00333040,0
1506985604,22677090,4378.68,1.00000000,0
1506985602,22677087,4378.68,1.00000000,0
1506985599,22677086,4378.68,1.00000000,0
1506985597,22677082,4378.68,0.70659437,0
1506985597,22677081,4378.67,0.29340563,0
1506985590,22677072,4378.71,0.12021526,0
1506985590,22677071,4378.14,0.02400000,0
1506985590,22677070,4376.43,0.11000000,0
1506985590,22677069,4375.62,0.02190665,0
1506985590,22677068,4374.84,0.01397062,0
1506985588,22677067,4370.22,0.02400000,0
1506985586,22677062,4369.11,0.06894140,1
1506985580,22677052,4369.09,0.17826412,0
1506985578,22677049,4369.10,0.23068266,0
1506985577,22677048,4369.10,0.47400875,0
1506985573,22677041,4369.10,0.29961600,0
1506985543,22677025,4369.10,0.19860971,0
1506985543,22677024,4369.08,0.15541029,0
1506985525,22677004,4369.08,0.01437900,0
1506985506,22676989,4368.09,0.15907244,0
1506985506,22676988,4368.09,0.01420829,1
1506985416,22676981,4370.19,0.05706159,0
1506985409,22676980,4367.99,0.38100000,1
1506985391,22676978,4368.00,2.10067269,1
1506985383,22676976,4371.63,0.09403221,1
1506985383,22676975,4371.63,0.01092864,0
1506985380,22676973,4368.07,0.00219389,0
1506985372,22676971,4368.09,0.17480121,1
1506985334,22676968,4368.02,0.08847725,1
1506985334,22676967,4373.12,0.00152275,1
1506985333,22676966,4373.12,0.02900000,0
1506985323,22676943,4374.84,0.06386938,0
1506985323,22676942,4373.88,0.01475362,0
1506985307,22676939,4371.65,0.02831453,0
1506985298,22676936,4367.99,0.02126147,0
1506985253,22676923,4367.99,0.01273853,0
1506985235,22676907,4367.00,1.04091464,0
1506985235,22676906,4367.00,0.00142788,0
1506985235,22676905,4367.00,0.02445883,0
1506985235,22676904,4367.00,0.11681917,0
1506985235,22676903,4367.00,2.60844524,0
1506985235,22676902,4367.00,0.00420571,0
1506985235,22676901,4367.00,0.00840844,0
1506985234,22676900,4367.00,0.65487737,0
1506985234,22676899,4367.00,0.00665468,0
1506985234,22676898,4367.00,0.01708473,0
1506985234,22676897,4367.00,0.02034522,0
1506985234,22676896,4367.00,0.06980040,0
1506985234,22676895,4367.00,0.20034829,0
1506985234,22676894,4367.00,0.02255355,0
1506985234,22676893,4367.00,0.00830835,0
1506985233,22676892,4367.00,0.01215137,0
1506985233,22676891,4367.00,0.01368963,0
1506985233,22676890,4367.00,0.00742095,0
1506985233,22676889,4367.00,0.14535299,0
1506985233,22676888,4367.00,0.01935430,0
1506985233,22676887,4367.00,0.03421837,0
1506985233,22676886,4367.00,0.02686027,0
1506985233,22676885,4367.00,0.00812438,0
1506985233,22676884,4367.00,0.00431426,0
1506985232,22676883,4367.00,0.01436838,0
1506985232,22676882,4367.00,0.03146819,0
1506985232,22676881,4367.00,0.24179198,0
1506985232,22676880,4367.00,0.01166414,0
1506985232,22676879,4367.00,0.01088621,0
1506985232,22676878,4367.00,0.02155531,0
1506985232,22676877,4367.00,0.00296454,0
1506985232,22676876,4367.00,0.03476914,0
1506985231,22676875,4367.00,0.06288359,0
1506985231,22676874,4367.00,0.08484432,0
1506985229,22676871,4367.00,2.41560726,0
1506985229,22676869,4367.00,1.54605619,0
1506985229,22676867,4367.00,0.04210050,0
1506985229,22676866,4367.00,0.03961611,0
1506985229,22676865,4367.00,0.09810340,0
1506985229,22676862,4367.00,0.03864850,0
1506985229,22676860,4367.00,0.01214520,0
1506985228,22676859,4367.00,0.27768550,0
1506985228,22676857,4367.00,0.14477457,0
1506985228,22676856,4367.00,0.18656153,0
1506985228,22676855,4367.00,0.07085554,0
1506985228,22676854,4367.00,0.04266635,0
1506985204,22676829,4366.99,0.21242959,0
1506985204,22676827,4367.00,0.05253492,0
1506985204,22676826,4367.00,0.01000000,0
1506985165,22676812,4367.00,1.70771635,0
1506985165,22676811,4366.95,0.87150000,0
1506985159,22676808,4364.80,0.99000000,1
1506985159,22676807,4365.00,0.89608808,1
1506985156,22676805,4364.61,0.03700000,0
1506985109,22676796,4367.00,1.05474320,0
1506985102,22676795,4367.00,2.10466897,0
1506985102,22676794,4366.99,0.17000000,0
1506985100,22676793,4366.98,0.20000000,0
1506985093,22676788,4367.00,0.02533103,0
1506985089,22676785,4366.98,0.04806795,0
1506985089,22676784,4366.98,0.05488738,0
1506985085,22676781,4366.47,0.21245537,1
1506985084,22676780,4366.47,0.02101698,0
1506985083,22676778,4366.47,0.52513466,0
1506985070,22676773,4365.69,0.47486534,0
1506985068,22676772,4365.69,0.04883887,0
1506985064,22676771,4366.61,0.01000000,0
1506985052,22676766,4365.75,0.05240202,0
1506985050,22676765,4366.65,0.56887946,0
1506985050,22676764,4365.76,0.15552848,0
1506985046,22676763,4356.53,0.00556540,0
1506985045,22676760,4363.78,0.05689293,0
1506985042,22676758,4366.20,1.00811000,1
1506985042,22676757,4363.79,0.03900000,0
1506985041,22676756,4356.53,0.87664262,0
1506985041,22676755,4356.53,0.11821900,0
1506985040,22676754,4357.11,0.11821900,1
1506985036,22676751,4356.53,0.77446654,0
1506985036,22676750,4357.03,0.27873107,1
1506985036,22676749,4357.04,0.11821900,1
1506985036,22676748,4357.04,0.12470400,1
1506985030,22676745,4357.03,0.60321193,1
1506985030,22676744,4357.05,0.12470600,1
1506985030,22676743,4357.85,0.15296004,1
1506985024,22676742,4365.40,0.02620700,0
1506985024,22676741,4365.40,2.50000000,0
1506985023,22676739,4365.40,0.00811843,0
1506985021,22676734,4365.40,0.25911374,0
1506985021,22676733,4365.37,0.42466294,0
1506985020,22676732,4365.40,0.01521815,0
1506985012,22676729,4365.33,0.46904390,0
1506985006,22676727,4365.35,0.69044582,0
1506985005,22676725,4365.40,0.11000000,0
1506985003,22676724,4365.39,1.53347224,0
1506985003,22676723,4365.36,0.58492205,0
1506985002,22676722,4365.39,0.03675302,0
1506985002,22676721,4365.39,0.06324698,0
1506985000,22676720,4365.39,0.09229468,0
1506984997,22676719,4365.40,0.04472343,0
1506984995,22676716,4357.05,0.04461521,0
1506984995,22676715,4357.60,0.70538479,0
1506984994,22676714,4357.03,0.79405700,1
1506984993,22676711,4357.77,0.08444300,0
1506984993,22676710,4357.77,0.87150000,1
1506984988,22676707,4366.96,0.09262324,0
1506984970,22676699,4366.96,0.14558042,0
1506984967,22676697,4357.36,3.94627864,0
1506984966,22676695,4366.97,1.05372136,0
1506984965,22676694,4367.00,0.21242958,0
1506984963,22676692,4366.98,0.02616546,0
1506984962,22676690,4366.97,2.50000000,1
1506984962,22676688,4366.98,1.02736888,0
1506984959,22676687,4364.89,0.83298051,0
1506984958,22676686,4366.75,0.04937978,1
1506984958,22676685,4366.75,1.14409857,1
1506984956,22676684,4366.75,1.14533308,1
1506984956,22676683,4366.75,0.14085184,1
1506984956,22676682,4366.75,0.30519227,1
1506984956,22676681,4366.80,0.28160571,1
1506984949,22676680,4366.71,1.74300000,0
1506984948,22676679,4366.71,0.68465794,0
1506984948,22676678,4366.71,0.18684206,0
1506984945,22676677,4366.73,0.17687429,0
1506984941,22676674,4358.72,1.26460000,0
1506984935,22676671,4366.99,0.01442616,0
1506984935,22676670,4356.32,1.52623362,0
1506984934,22676667,4356.36,0.10508200,1
1506984934,22676666,4356.44,0.10508200,1
1506984934,22676664,4356.44,0.45963891,0
1506984933,22676660,4356.93,0.87150000,1
1506984933,22676659,4357.07,0.10073700,0
1506984932,22676658,4357.07,0.96022647,0
1506984931,22676657,4357.07,0.87150000,1
1506984927,22676656,4366.99,0.06757340,0
1506984921,22676654,4366.99,0.14675783,1
1506984920,22676653,4367.00,0.16399098,0
1506984920,22676652,4366.99,0.22000000,0
1506984913,22676648,4366.97,0.28533300,0
1506984908,22676646,4366.98,0.24530768,0
1506984908,22676645,4366.03,0.11144641,0
1506984905,22676644,4366.99,0.17007891,0
1506984904,22676643,4366.01,0.08779404,1
1506984900,22676641,4356.29,0.55139404,1
1506984900,22676640,4356.39,0.87150000,0
1506984900,22676639,4356.39,3.46597842,0
1506984900,22676638,4357.69,0.10508300,0
1506984898,22676637,4365.42,0.00604454,1
1506984897,22676636,4366.02,0.46360000,0
1506984896,22676635,4366.99,0.04694898,0
1506984896,22676634,4366.03,0.04900000,0
1506984892,22676631,4366.02,0.07629905,0
1506984880,22676627,4355.00,0.09331237,1
1506984880,22676626,4355.00,0.91400000,0
1506984880,22676625,4355.72,0.87150000,0
1506984879,22676624,4360.73,1.72000000,1
1506984879,22676623,4361.63,0.00116925,1
1506984879,22676622,4361.64,1.24350228,1
1506984877,22676621,4362.32,0.15651610,1
1506984874,22676620,4366.02,0.17681048,1
1506984844,22676617,4366.10,0.19130000,1
1506984844,22676616,4366.10,0.79870000,1
1506984844,22676615,4366.80,0.57979800,1
1506984842,22676614,4365.42,1.03280200,0
1506984842,22676613,4365.41,0.08870000,0
1506984841,22676612,4365.41,1.37849800,0
1506984841,22676611,4365.42,0.20169773,0
1506984838,22676608,4365.40,0.01448562,0
1506984832,22676607,4365.40,1.81546561,0
1506984829,22676606,4365.41,0.06837579,0
1506984814,22676599,4365.41,0.11652957,0
1506984811,22676598,4365.42,0.30000000,0
1506984797,22676591,4365.30,0.10900963,1
1506984794,22676590,4367.16,0.04741630,0
1506984793,22676589,4366.87,0.05200000,0
1506984793,22676588,4365.30,0.81851012,0
1506984793,22676587,4365.30,0.59540335,0
1506984792,22676586,4365.30,0.60000000,0
1506984790,22676585,4365.30,0.07638089,0
1506984790,22676584,4365.30,3.53120564,0
1506984782,22676576,4363.10,0.01649443,0
1506984781,22676575,4363.10,0.00140794,0
1506984780,22676574,4363.10,0.05253760,0
1506984778,22676569,4362.25,0.30125341,0
1506984776,22676566,4362.26,1.80524912,1
1506984774,22676565,4367.13,0.05934332,0
1506984772,22676564,4367.14,0.02457758,0
1506984771,22676563,4367.14,1.05156500,0
1506984771,22676562,4367.14,0.00758699,0
1506984755,22676557,4367.15,0.20261265,1
1506984746,22676555,4367.15,0.36333998,0
1506984745,22676554,4367.15,0.95000000,0
1506984744,22676553,4367.15,1.00000000,0
1506984744,22676552,4367.14,0.18666002,0
1506984723,22676548,4371.58,0.71548099,0
1506984723,22676547,4371.57,0.87150000,0
1506984708,22676544,4370.60,0.91301901,1
1506984703,22676543,4368.07,0.11155857,0
1506984703,22676542,4370.70,1.03625000,1
1506984703,22676541,4370.70,0.99000000,1
1506984703,22676540,4370.70,0.24418457,1
1506984701,22676539,4370.00,0.10145236,0
1506984701,22676538,4368.08,0.01655450,0
1506984675,22676536,4368.07,0.03710521,0
1506984660,22676530,4368.08,0.01694550,0
1506984642,22676526,4368.07,0.02321600,0
1506984633,22676521,4368.07,0.32876942,0
1506984614,22676493,4368.08,0.02850000,0
1506984557,22676481,4361.78,0.00137393,1
1506984554,22676480,4371.49,0.00230340,0
1506984552,22676479,4371.00,0.57549711,1
1506984551,22676478,4367.02,0.01206289,0
1506984513,22676473,4367.02,0.04322227,0
1506984513,22676472,4366.94,0.15548645,0
1506984491,22676469,4361.12,0.01939048,0
1506984485,22676468,4366.95,0.50075000,0
1506984483,22676467,4366.96,0.00655107,0
1506984416,22676455,4361.15,0.63730000,0
1506984416,22676454,4361.32,0.87150000,1
1506984411,22676451,4361.22,0.00192351,1
1506984390,22676448,4366.98,0.00114038,0
1506984383,22676446,4360.93,0.02000000,1
1506984345,22676438,4361.74,0.08577221,0
1506984345,22676436,4361.84,0.11386779,1
1506984332,22676434,4367.01,0.99000000,0
1506984331,22676433,4361.84,0.01625939,1
1506984330,22676432,4361.83,0.02462906,1
1506984329,22676431,4367.01,0.13399474,0
1506984314,22676428,4367.02,0.03132343,0
1506984310,22676426,4367.02,0.00339141,0
1506984303,22676425,4370.40,0.72419444,1
1506984302,22676424,4369.60,0.01333047,0
1506984302,22676423,4368.19,0.02067009,0
1506984298,22676421,4368.16,0.12675889,0
1506984263,22676419,4361.05,0.10000000,0
1506984256,22676417,4368.13,0.01325026,0
1506984253,22676416,4368.19,0.06032991,0
1506984244,22676414,4371.62,0.10496108,1
1506984237,22676411,4371.42,0.02000000,0
1506984222,22676407,4369.80,0.13540677,1
1506984221,22676406,4367.00,0.14176185,0
1506984220,22676405,4367.00,0.00572246,0
1506984217,22676404,4367.00,0.00800000,1
1506984216,22676403,4367.04,0.16028073,1
1506984215,22676402,4367.04,0.04552000,0
1506984186,22676394,4367.04,0.05248000,0
1506984185,22676392,4371.57,0.21220751,0
1506984173,22676387,4358.07,0.01340000,1
1506984163,22676386,4373.04,0.08752579,1
1506984151,22676382,4373.03,0.50849561,1
1506984145,22676381,4373.08,1.62850000,1
1506984145,22676380,4373.02,0.87150000,0
1506984136,22676379,4373.22,0.50000000,0
1506984134,22676375,4373.36,0.01085286,0
1506984133,22676374,4373.36,0.86227183,0
1506984133,22676373,4373.36,0.87150000,0
1506984133,22676372,4368.43,0.11800000,0
1506984133,22676371,4365.00,0.30000000,0
1506984127,22676369,4361.05,0.02773256,1
1506984126,22676368,4360.00,0.96395233,0
1506984126,22676367,4360.00,0.88781950,0
1506984124,22676366,4360.00,0.10524083,0
1506984123,22676365,4360.00,0.25753084,0
1506984123,22676363,4360.00,0.50075000,0
1506984121,22676362,4360.00,0.43536520,0
1506984121,22676361,4360.00,0.50075000,0
1506984113,22676357,4360.00,2.28700000,0
1506984112,22676356,4360.00,0.14320266,0
1506984106,22676349,4360.00,0.50000000,0
1506984102,22676348,4360.00,2.50000000,0
1506984096,22676343,4360.00,2.76449263,0
1506984093,22676342,4360.00,1.71610544,0
1506984092,22676341,4360.00,5.00000000,0
1506984087,22676339,4360.00,1.00000000,0
1506984085,22676337,4360.00,0.74000000,0
1506984085,22676336,4360.00,1.11980000,0
1506984083,22676334,4360.00,3.50248697,0
1506984081,22676333,4360.00,7.00000000,0
1506984079,22676331,4360.00,0.00114908,0
1506984079,22676330,4360.00,0.12205635,0
1506984077,22676329,4360.00,4.00000000,0
1506984077,22676328,4365.00,0.72533647,1
1506984077,22676327,4366.70,0.19091403,1
1506984066,22676320,4366.70,2.50000000,1
1506984064,22676317,4366.55,0.00262128,0
1506984062,22676316,4366.61,0.01049019,0
1506984032,22676304,4367.34,0.00444993,0
1506984027,22676303,4356.19,0.27356940,1
1506984015,22676298,4365.13,0.14291082,0
1506984015,22676297,4364.65,0.15556803,0
1506984014,22676296,4360.76,0.00152115,0
1506984010,22676293,4360.75,0.36226326,0
1506984010,22676292,4360.53,0.10300000,0
1506983978,22676271,4364.86,0.01200000,0
1506983978,22676270,4355.75,0.07949387,1
1506983967,22676265,4355.74,0.14104207,0
1506983966,22676263,4356.27,0.03822500,1
1506983966,22676262,4358.18,0.03822500,1
1506983964,22676260,4362.00,0.00891771,1
1506983952,22676258,4360.76,0.00304677,0
1506983931,22676254,4365.10,0.07239372,0
1506983927,22676253,4365.12,2.27390000,0
1506983926,22676252,4365.12,0.60557098,0
1506983924,22676251,4365.13,0.22610000,0
1506983900,22676225,4367.34,0.02062766,0
1506983893,22676222,4367.41,2.35200000,0
1506983888,22676220,4364.12,0.14800000,1
1506983885,22676218,4367.48,0.18327450,0
1506983884,22676217,4367.50,0.04951938,0
1506983883,22676216,4367.51,0.00140898,0
1506983874,22676215,4369.45,1.96499166,0
1506983874,22676214,4362.00,0.03500834,0
1506983861,22676210,4362.00,0.08787436,0
1506983856,22676207,4362.00,0.01011730,0
1506983825,22676200,4364.72,0.51166876,0
1506983825,22676199,4364.75,0.60213015,1
1506983824,22676198,4364.75,0.48341885,1
1506983819,22676196,4364.78,0.00275660,0
1506983782,22676188,4361.30,0.72644769,1
1506983782,22676187,4358.65,0.10425231,0
1506983773,22676185,4358.65,0.05074769,0
1506983765,22676181,4354.21,0.48717363,0
1506983765,22676180,4354.21,0.03000000,1
1506983765,22676179,4354.22,0.01071900,1
1506983761,22676178,4360.00,0.08939102,0
1506983754,22676177,4358.89,0.18418819,0
1506983752,22676176,4358.89,0.45000000,0
1506983752,22676175,4352.00,1.19054468,1
1506983752,22676174,4352.02,0.87150000,1
1506983751,22676173,4352.48,0.00200000,1
1506983751,22676172,4352.95,0.08083600,1
1506983750,22676171,4353.00,0.00200000,1
1506983750,22676170,4353.00,0.09000000,1
1506983750,22676169,4353.00,0.00179500,1
1506983750,22676168,4353.08,0.01145626,1
1506983749,22676165,4354.00,0.10000000,1
1506983749,22676164,4354.01,0.03017200,1
1506983749,22676162,4354.03,0.82500000,1
1506983749,22676161,4354.06,0.03650200,1
1506983748,22676160,4354.08,0.03017300,1
1506983748,22676159,4354.10,0.03650200,1
1506983748,22676158,4354.10,0.08513557,0
1506983747,22676157,4354.13,0.03017200,1
1506983747,22676156,4354.17,1.62800000,1
1506983747,22676155,4354.18,0.02546500,0
1506983746,22676153,4354.18,0.87728149,0
1506983745,22676151,4354.18,0.02546500,0
1506983740,22676150,4358.89,0.02092218,0
1506983733,22676149,4361.56,0.83444553,0
1506983732,22676148,4361.56,0.35400000,0
1506983730,22676147,4363.83,0.02900000,0
1506983729,22676144,4354.12,1.00000000,1
1506983727,22676143,4354.03,0.81645788,0
1506983726,22676142,4354.05,0.02266582,1
1506983726,22676141,4354.07,0.03650100,1
1506983726,22676140,4354.12,0.03650100,1
1506983726,22676139,4354.12,0.08787430,1
1506983724,22676138,4367.93,0.08905799,0
1506983724,22676137,4365.38,0.15554201,0
1506983721,22676136,4354.05,0.01422918,1
1506983721,22676135,4354.11,0.87150000,1
1506983721,22676134,4367.18,0.11427082,1
1506983721,22676133,4367.18,0.17500000,0
1506983721,22676132,4359.28,0.01134582,0
1506983718,22676129,4354.01,1.29737900,0
1506983717,22676128,4354.01,0.03883300,1
1506983717,22676127,4354.02,0.03689400,1
1506983717,22676126,4354.04,6.59000000,1
1506983717,22676125,4354.04,0.03689400,1
1506983715,22676124,4359.28,0.00939671,0
1506983714,22676123,4359.28,0.15825747,0
1506983710,22676120,4357.09,1.00000000,0
1506983708,22676119,4357.09,1.30072653,0
1506983708,22676118,4360.50,0.56482900,1
1506983707,22676117,4356.41,0.43517100,0
1506983707,22676116,4356.41,0.52600000,1
1506983707,22676115,4356.42,0.03882900,1
1506983700,22676113,4361.54,0.97655129,0
1506983700,22676112,4361.54,0.17547331,0
1506983699,22676111,4361.54,1.46831749,0
1506983698,22676110,4357.10,1.00000000,0
1506983697,22676109,4357.10,0.16977092,0
1506983695,22676108,4357.10,0.25643000,1
1506983694,22676107,4361.54,0.79763643,0
1506983694,22676106,4357.11,0.01000413,0
1506983694,22676105,4357.11,0.23833526,0
1506983693,22676104,4357.11,0.14006738,0
1506983690,22676100,4357.11,0.04869800,0
1506983689,22676099,4357.28,0.04869700,0
1506983688,22676098,4357.28,0.15870087,0
1506983687,22676097,4357.11,0.14100045,0
1506983686,22676096,4357.11,0.04869700,0
1506983684,22676095,4357.10,0.94857000,1
1506983684,22676093,4357.11,0.05143000,1
1506983684,22676091,4357.90,0.07457998,0
1506983682,22676088,4357.29,0.14993932,0
1506983679,22676084,4357.28,0.00330000,0
1506983677,22676077,4357.28,0.17273694,0
1506983677,22676076,4357.30,0.05464800,1
1506983675,22676075,4357.29,1.00000000,1
1506983671,22676071,4361.54,0.01644140,0
1506983669,22676063,4359.03,0.06074100,0
1506983667,22676060,4359.04,0.91200000,1
1506983666,22676058,4363.24,1.40930000,0
1506983665,22676057,4359.02,0.87870000,0
1506983665,22676056,4359.03,0.06062700,1
1506983665,22676055,4359.04,0.06067300,1
1506983661,22676054,4363.29,0.02392435,1
1506983658,22676052,4365.40,0.27260000,0
1506983658,22676051,4365.40,2.19640000,0
1506983657,22676049,4364.75,0.03100000,0
1506983654,22676048,4365.40,0.12469349,0
1506983653,22676047,4365.40,0.72530651,0
1506983653,22676046,4363.30,0.75000000,0
1506983652,22676045,4363.30,0.72725673,0
1506983652,22676044,4363.30,0.29743676,0
1506983650,22676038,4364.43,0.25944263,1
1506983650,22676033,4360.00,3.74055737,0
1506983649,22676031,4360.00,0.26322640,0
1506983648,22676030,4360.00,1.14500000,1
1506983647,22676029,4360.00,0.51793630,1
1506983647,22676028,4360.85,1.00000000,1
1506983647,22676027,4361.00,1.01798752,1
1506983647,22676026,4365.00,1.63529241,1
1506983644,22676023,4367.76,0.10505385,0
1506983640,22676021,4367.76,0.02783258,0
1506983638,22676019,4365.00,0.36333473,1
1506983608,22676017,4365.00,0.00137286,1
1506983605,22676014,4370.42,0.00215599,0
1506983600,22676007,4361.00,2.15857100,0
1506983599,22676006,4361.09,0.91200000,0
1506983599,22676005,4363.09,0.91100000,0
1506983599,22676004,4364.93,0.09961900,1
1506983598,22676003,4365.09,4.00000000,1
1506983598,22676002,4365.09,4.00000000,1
1506983597,22676001,4365.10,0.45700000,0
1506983596,22676000,4365.10,0.87150000,1
1506983522,22675984,4372.16,0.20000000,0
1506983485,22675978,4372.13,0.59000000,1
1506983476,22675977,4372.16,0.12269883,0
1506983476,22675976,4372.15,0.15530117,0
1506983476,22675975,4371.46,0.22200000,0
1506983468,22675974,4369.58,0.75000000,0
1506983467,22675973,4369.58,0.06770000,0
1506983467,22675972,4369.58,0.62443676,0
1506983466,22675970,4369.58,0.60920000,0
1506983466,22675969,4369.57,0.00980000,0
1506983463,22675967,4369.58,0.00114656,0
1506983462,22675966,4369.58,0.21660400,0
1506983454,22675964,4372.16,0.01158085,0
1506983451,22675960,4372.09,0.04072504,0
1506983450,22675957,4373.80,0.00568563,1
1506983450,22675956,4373.81,0.01016733,1
1506983449,22675954,4373.88,0.19254829,1
1506983410,22675947,4373.85,0.00980000,1
1506983374,22675943,4373.81,0.00235844,0
1506983368,22675942,4379.09,0.00200000,0
1506983346,22675941,4373.80,0.01000000,1
1506983345,22675940,4380.00,0.05922402,0
1506983338,22675935,4380.00,0.00124429,0
1506983285,22675916,4380.00,0.85014067,0
1506983285,22675915,4380.00,0.08287074,1
1506983283,22675914,4373.80,0.14896976,0
1506983274,22675908,4373.80,0.20030000,0
1506983236,22675900,4372.36,0.00137180,1
1506983233,22675899,4373.80,0.00173024,0
1506983217,22675862,4372.35,0.00241460,1
1506983208,22675859,4373.80,0.00200000,0
1506983189,22675856,4372.34,0.08287074,1
1506983163,22675850,4378.41,0.00874326,0
1506983144,22675848,4378.40,0.00917474,0
1506983142,22675847,4378.38,0.12850000,0
1506983141,22675846,4378.35,0.87150000,0
1506983138,22675845,4378.42,1.00000000,0
1506983136,22675844,4378.42,1.00000000,0
1506983130,22675841,4378.39,0.87150000,0
1506983125,22675835,4378.24,0.12850000,1
1506983124,22675833,4378.14,0.87150000,0
1506983118,22675830,4372.83,0.28750089,0
1506983112,22675826,4372.80,0.15527808,0
1506983107,22675823,4372.19,0.02546300,0
1506983103,22675821,4372.19,0.00653700,0
1506983071,22675814,4363.38,0.11175836,1
1506983071,22675813,4363.39,0.03871470,1
1506983070,22675812,4365.00,0.05000000,1
1506983070,22675811,4366.74,0.00114731,1
1506983070,22675810,4367.22,0.12578963,1
1506983068,22675809,4367.36,0.06333000,1
1506983062,22675808,4367.29,0.32741000,1
1506983050,22675807,4367.17,0.08874000,1
1506983037,22675805,4367.21,0.42750000,1
1506983025,22675801,4367.06,0.17626000,1
1506983008,22675796,4372.83,0.05771292,0
1506983003,22675794,4366.95,0.00137159,1
1506982996,22675793,4372.83,0.00178619,0
1506982993,22675791,4374.50,0.01387203,0
1506982979,22675780,4374.50,0.00831201,0
1506982978,22675779,4374.50,0.01737794,0
1506982929,22675770,4366.71,0.05695136,1
1506982928,22675769,4366.74,0.99755497,1
1506982928,22675768,4374.45,0.01549367,1
1506982923,22675767,4374.50,0.02097839,0
1506982906,22675761,4374.45,5.78040000,0
1506982870,22675745,4374.43,3.59650000,0
1506982869,22675744,4374.41,0.05885853,0
1506982869,22675743,4374.41,0.81264147,0
1506982869,22675742,4371.89,0.11600000,0
1506982869,22675741,4370.88,0.35600000,0
1506982799,22675703,4374.41,0.05885853,0
1506982785,22675702,4374.05,4.09930786,1
1506982783,22675698,4374.05,0.62377129,0
1506982782,22675697,4371.35,0.13531285,0
1506982782,22675696,4369.68,0.14160800,0
1506982764,22675693,4369.68,0.01439200,0
1506982742,22675691,4370.76,0.00774300,0
1506982741,22675690,4369.41,0.06000000,0
1506982732,22675688,4369.41,0.08200000,0
1506982706,22675686,4365.54,0.00244503,0
1506982696,22675681,4369.41,0.00200000,0
1506982692,22675680,4372.51,0.13343900,0
1506982685,22675679,4372.40,0.03456100,0
1506982684,22675678,4372.40,0.06543900,1
1506982680,22675675,4372.51,0.01727725,0
1506982678,22675673,4372.51,4.83192245,0
1506982678,22675672,4372.48,0.12021900,0
1506982678,22675671,4369.31,0.03800000,0
1506982677,22675670,4368.98,0.00985855,0
1506982673,22675668,4368.98,0.03754160,0
1506982672,22675667,4368.98,0.03519500,0
1506982667,22675665,4368.98,0.02000000,0
1506982666,22675664,4368.98,0.00296099,0
1506982636,22675657,4368.97,0.11496436,0
1506982636,22675656,4368.94,0.15541527,0
1506982628,22675647,4368.94,0.05882229,0
1506982624,22675645,4361.51,0.09884956,1
1506982624,22675644,4365.29,0.00115044,1
1506982597,22675626,4368.97,0.01080315,0
1506982588,22675614,4368.98,0.04470641,0
1506982588,22675613,4368.12,0.00152109,0
1506982585,22675606,4368.98,0.01473745,0
1506982573,22675590,4372.47,0.00530783,0
1506982573,22675589,4368.29,0.01216873,0
1506982545,22675585,4365.29,0.00136550,1
1506982542,22675584,4372.49,0.00181053,0
1506982532,22675581,4365.29,0.00244503,1
1506982524,22675576,4372.50,0.01332148,0
1506982522,22675575,4372.51,0.00200000,0
1506982520,22675574,4372.51,0.02184649,0
1506982519,22675573,4371.13,0.01300000,0
1506982492,22675528,4372.64,0.08364500,0
1506982481,22675522,4365.26,0.15367239,1
1506982481,22675521,4365.79,0.02000000,1
1506982481,22675520,4366.93,0.04340237,1
1506982481,22675519,4366.93,0.04340237,1
1506982480,22675518,4366.93,0.01818446,1
1506982476,22675516,4366.93,0.02521791,1
1506982474,22675514,4366.94,0.02703891,1
1506982450,22675502,4372.65,0.86605900,1
1506982449,22675501,4372.00,0.06100000,0
1506982441,22675497,4372.66,0.00832590,0
1506982396,22675494,4372.66,0.12051991,0
1506982385,22675487,4366.92,0.03449642,1
1506982383,22675486,4374.04,0.05227400,0
1506982382,22675485,4366.91,0.03449642,1
1506982370,22675484,4366.93,0.01132550,0
1506982329,22675482,4374.05,0.01576603,0
1506982300,22675474,4374.05,0.09235174,0
1506982288,22675471,4374.05,0.03376292,0
1506982275,22675468,4374.05,0.03434802,0
1506982245,22675448,4378.83,0.36519255,1
1506982244,22675445,4370.20,1.27580798,0
1506982243,22675444,4370.20,0.87150000,0
1506982242,22675441,4378.84,0.98106374,0
1506982242,22675440,4374.06,0.02000000,0
1506982236,22675434,4373.00,0.33699858,0
1506982235,22675433,4374.05,0.01569344,1
1506982231,22675427,4378.84,0.47209583,0
1506982231,22675426,4378.82,0.10506461,0
1506982230,22675424,4378.82,0.05000000,0
1506982225,22675422,4378.82,0.14266229,0
1506982225,22675419,4378.82,0.47989003,0
1506982224,22675418,4378.82,0.47117823,0
1506982224,22675416,4378.82,0.15829234,0
1506982224,22675414,4378.82,0.71149338,0
1506982213,22675380,4378.82,0.14476462,0
1506982195,22675361,4378.83,0.86324171,0
1506982151,22675346,4374.08,0.69796680,1
1506982144,22675345,4381.14,0.00773900,0
1506982117,22675337,4382.79,0.00227481,0
1506982097,22675335,4376.15,1.53868882,1
1506982097,22675334,4378.00,0.20453174,1
1506982097,22675333,4381.79,0.02167944,1
1506982096,22675332,4382.82,1.77359452,0
1506982091,22675330,4382.67,0.06730040,0
1506982087,22675328,4382.67,0.17069960,0
1506982086,22675327,4381.79,0.07154920,1
1506982085,22675326,4381.79,0.25465258,1
1506982084,22675325,4377.99,0.24615100,1
1506982084,22675324,4379.70,0.00784900,1
1506982081,22675323,4380.92,4.68896030,0
1506982080,22675322,4380.87,0.19000000,0
1506982080,22675321,4380.82,0.87150000,1
1506982080,22675320,4380.00,0.10000000,0
1506982080,22675319,4379.07,0.10232000,0
1506982079,22675318,4378.12,0.99639447,0
1506982079,22675317,4378.00,1.00000000,0
1506982078,22675316,4377.00,0.15383540,0
1506982075,22675314,4377.00,0.04616460,0
1506982073,22675312,4375.00,0.41295408,0
1506982063,22675311,4375.00,0.03000426,0
1506982056,22675298,4375.00,0.03372856,0
1506982021,22675286,4374.42,0.02581300,0
1506982019,22675285,4374.42,2.78687688,0
1506982019,22675284,4374.00,0.17385566,0
1506982018,22675281,4374.00,0.02614434,0
1506982018,22675280,4373.99,3.01825497,0
1506982012,22675279,4374.42,0.09202075,0
1506982012,22675278,4374.05,0.01083436,0
1506982009,22675275,4374.05,0.14439935,0
1506982001,22675273,4368.04,0.10642028,1
1506981993,22675272,4369.01,0.00567362,0
1506981967,22675271,4374.11,0.01376601,0
1506981960,22675268,4374.15,0.00261471,0
1506981957,22675267,4374.17,0.03789781,0
1506981937,22675263,4374.29,0.06683838,0
1506981916,22675253,4369.00,0.29215389,1
1506981915,22675252,4373.00,0.77321699,1
1506981914,22675248,4369.01,0.14278268,0
1506981913,22675246,4369.01,0.00290000,0
1506981912,22675243,4369.01,0.05431732,0
1506981903,22675230,4374.38,0.03465414,0
1506981903,22675228,4369.05,0.01534586,0
1506981903,22675227,4369.05,0.00357814,0
1506981903,22675226,4369.01,0.00053386,0
1506981892,22675215,4369.01,0.01922816,0
1506981877,22675202,4369.01,0.07465798,0
1506981865,22675197,4371.61,0.57400000,0
1506981864,22675196,4372.50,2.50000000,1
1506981852,22675189,4370.00,0.08752642,0
1506981848,22675185,4370.00,0.38007023,0
1506981843,22675183,4370.00,0.03139100,0
1506981835,22675180,4372.40,1.54166331,1
1506981831,22675179,4372.04,0.20000000,0
1506981826,22675177,4372.03,0.88000000,0
1506981822,22675117,4372.03,0.20570550,0
1506981820,22675115,4372.03,0.48508634,0
1506981806,22675113,4372.03,0.46616000,0
1506981801,22675109,4366.38,0.06049110,1
1506981801,22675108,4365.17,0.06270000,1
1506981800,22675107,4366.37,0.06182760,1
1506981799,22675106,4372.00,0.06806409,0
1506981799,22675105,4372.00,0.03387978,0
1506981793,22675103,4366.38,1.00000000,0
1506981790,22675100,4366.38,1.00000000,0
1506981787,22675099,4366.38,0.00143918,1
1506981786,22675097,4372.04,0.04455804,0
1506981785,22675095,4372.04,1.54642797,0
1506981785,22675093,4366.42,0.73318449,0
1506981784,22675092,4366.38,1.00000000,1
1506981782,22675091,4374.40,0.06727551,1
1506981779,22675088,4374.40,0.02280313,0
1506981769,22675087,4374.42,0.05224239,0
1506981766,22675086,4374.40,0.08535074,0
1506981762,22675083,4374.41,0.04617096,0
1506981748,22675081,4374.41,0.12637422,0
1506981747,22675080,4374.41,0.01190000,0
1506981723,22675074,4375.00,0.02097600,0
1506981720,22675072,4375.00,0.16957965,0
1506981716,22675071,4375.00,0.03280194,0
1506981692,22675060,4374.99,0.08895258,0
1506981663,22675055,4374.34,0.09155500,0
1506981645,22675036,4374.40,0.02698427,0
1506981643,22675034,4374.40,0.07844603,0
1506981638,22675033,4374.40,0.07616184,0
1506981637,22675032,4374.40,0.34051000,0
1506981630,22675031,4369.84,0.01004592,0
1506981627,22675029,4368.54,0.15542950,0
1506981624,22675028,4374.45,0.43938059,0
1506981614,22675027,4363.02,0.04101201,1
1506981614,22675024,4360.05,0.93728658,0
1506981613,22675023,4361.02,0.91200000,0
1506981613,22675022,4361.09,0.36782320,1
1506981612,22675021,4364.21,1.64100000,1
1506981612,22675020,4365.00,0.91000000,0
1506981611,22675019,4367.00,8.85204946,1
1506981611,22675018,4367.00,4.00000000,0
1506981610,22675017,4367.02,0.29968496,0
1506981610,22675016,4367.00,3.70031504,0
1506981610,22675015,4367.02,0.87150000,1
1506981609,22675014,4367.03,0.06564514,1
1506981602,22675006,4374.46,1.79571506,0
1506981602,22675005,4374.45,0.01093203,0
1506981597,22675002,4374.45,0.25751405,0
1506981585,22674995,4371.11,0.26844608,0
1506981583,22674994,4372.10,0.01125700,1
1506981570,22674988,4374.46,2.84872875,0
1506981568,22674985,4374.40,0.87150000,0
1506981563,22674983,4374.42,0.06723077,0
1506981560,22674978,4374.42,0.03709936,0
1506981560,22674977,4374.00,0.20000000,0
1506981542,22674968,4372.07,2.50000000,1
1506981542,22674967,4372.07,2.22951987,1
1506981541,22674963,4372.07,0.04634168,0
1506981540,22674960,4372.07,2.55365832,1
1506981539,22674959,4372.07,2.67049271,0
1506981532,22674952,4372.07,2.27586155,1
1506981514,22674941,4371.96,0.49796204,0
1506981510,22674936,4372.08,0.03256274,0
1506981510,22674934,4371.97,0.87150000,1
1506981509,22674933,4371.99,0.73466915,0
1506981509,22674932,4371.98,0.00165318,0
1506981508,22674931,4371.98,1.71834682,1
1506981507,22674930,4371.98,0.07117145,1
1506981507,22674929,4371.97,0.61669031,0
1506981506,22674928,4371.97,0.25480969,0
1506981500,22674925,4369.99,0.02637701,0
1506981497,22674921,4370.00,0.90639951,0
1506981472,22674910,4369.97,0.76659336,1
1506981463,22674907,4370.00,0.10580371,0
1506981459,22674905,4369.97,0.00179817,0
1506981458,22674904,4369.99,0.07932646,0
1506981433,22674902,4371.26,0.00604046,0
1506981429,22674901,4371.29,0.16669084,0
1506981426,22674900,4371.31,0.53630834,1
1506981423,22674898,4371.32,0.11444096,0
1506981329,22674871,4371.97,0.03165137,0
1506981308,22674867,4369.57,0.03247495,0
1506981293,22674861,4369.58,0.51239580,0
1506981284,22674859,4369.60,0.06202571,0
1506981277,22674858,4369.60,0.14963975,0
1506981271,22674854,4369.62,0.13486919,0
1506981267,22674849,4369.62,0.57055779,0
1506981259,22674841,4369.65,0.64548320,0
1506981257,22674840,4369.65,0.91400000,0
1506981255,22674837,4369.66,0.15451680,0
1506981249,22674835,4360.09,0.01004394,1
1506981248,22674834,4369.80,0.00087251,1
1506981248,22674833,4369.75,0.00305149,0
1506981247,22674832,4369.65,0.90626717,0
1506981245,22674831,4369.71,0.01485625,0
1506981241,22674825,4369.70,0.14097163,0
1506981236,22674812,4369.76,2.28959808,1
1506981236,22674811,4369.76,3.09876939,1
1506981235,22674810,4369.76,3.21669523,0
1506981234,22674808,4369.76,1.35779675,0
1506981234,22674807,4369.75,0.76564947,0
1506981234,22674806,4369.75,0.50686407,0
1506981230,22674803,4369.76,0.63176155,0
1506981224,22674799,4360.00,9.48206370,1
1506981223,22674798,4360.00,2.00000000,1
1506981223,22674793,4360.04,1.57700000,0
1506981222,22674791,4360.17,1.05147488,0
1506981222,22674790,4360.17,0.41804511,0
1506981221,22674789,4360.17,0.05012531,0
1506981221,22674788,4360.17,0.03929647,1
1506981217,22674786,4369.76,0.39995505,0
1506981216,22674785,4369.00,0.01531725,0
1506981216,22674784,4360.16,0.08800000,0
1506981216,22674783,4360.16,0.91200000,1
1506981213,22674781,4369.00,0.03468275,0
1506981213,22674780,4366.19,0.00136550,0
1506981213,22674779,4360.14,0.12850000,0
1506981212,22674778,4360.17,0.87150000,1
1506981211,22674777,4360.06,0.00401739,0
1506981210,22674776,4360.06,0.12448261,0
1506981210,22674774,4360.16,0.87150000,1
1506981210,22674773,4368.96,0.09373283,0
1506981209,22674772,4364.01,0.09241168,0
1506981208,22674770,4364.01,0.00181053,0
1506981199,22674768,4364.01,1.00000000,1
1506981198,22674766,4369.66,0.15538966,0
1506981197,22674758,4364.00,0.50000000,0
1506981197,22674757,4364.00,0.50000000,1
1506981191,22674756,4369.76,0.09379142,0
1506981190,22674754,4369.67,0.02646200,0
1506981186,22674750,4366.19,0.04908370,0
1506981184,22674749,4366.19,0.00091630,1
1506981183,22674748,4369.68,0.02100153,0
1506981178,22674746,4366.19,0.00133509,1
1506981151,22674734,4366.19,1.66617213,0
1506981151,22674733,4368.28,0.01740424,1
1506981151,22674732,4368.64,0.04000000,1
1506981150,22674731,4368.70,0.27642363,1
1506981129,22674714,4374.27,0.03605438,0
1506981100,22674701,4374.46,0.00174840,0
1506981095,22674700,4368.65,0.00136550,0
1506981089,22674699,4374.42,0.00181053,0
1506981063,22674693,4378.24,0.53540464,0
1506981059,22674691,4378.26,0.01561617,0
1506981049,22674690,4366.19,0.12850000,1
1506981049,22674689,4366.19,0.87150000,1
1506981041,22674688,4378.60,0.00006472,0
1506981040,22674687,4378.00,1.00000000,0
1506981040,22674686,4372.77,0.01595258,0
1506981040,22674685,4372.77,0.09096419,0
1506981039,22674684,4372.82,0.04836238,1
1506981036,22674678,4372.82,0.13932657,0
1506981035,22674677,4372.82,0.01595080,0
1506981024,22674670,4370.00,1.00000000,0
1506981021,22674668,4370.00,0.95000000,0
1506981021,22674667,4370.00,0.05000000,1
1506981015,22674663,4370.86,0.06428711,1
1506981012,22674660,4370.85,0.78150000,1
1506981010,22674657,4370.85,0.12850000,1
1506981009,22674656,4370.87,0.87150000,1
1506981000,22674655,4370.84,0.46661586,1
1506981000,22674654,4372.42,0.03338414,1
1506980996,22674653,4372.84,0.00136550,1
1506980991,22674652,4380.00,0.00181053,0
1506980990,22674651,4380.00,0.00179500,0
1506980980,22674650,4380.92,0.05581975,0
1506980974,22674648,4380.92,0.08489104,0
1506980970,22674647,4381.96,0.00179500,0
1506980945,22674640,4382.46,0.06404838,0
1506980922,22674635,4382.58,0.21094466,0
1506980898,22674626,4382.71,0.14977158,0
1506980885,22674612,4382.80,0.00627100,1
1506980857,22674611,4382.34,0.01156290,0
1506980836,22674609,4382.47,0.03471195,0
1506980830,22674607,4379.20,2.28090000,1
1506980830,22674606,4379.50,0.10394205,1
1506980828,22674605,4377.97,0.02100000,0
1506980816,22674602,4369.42,0.35020000,1
1506980805,22674601,4382.53,0.42208482,1
1506980802,22674600,4382.49,1.29298103,1
1506980801,22674599,4382.47,0.78493415,0
1506980801,22674598,4382.47,0.08656585,0
1506980795,22674597,4382.50,0.26082481,0
1506980785,22674592,4377.97,1.00000000,1
1506980784,22674591,4377.97,0.22587519,1
1506980784,22674590,4377.97,0.01330000,1
1506980782,22674589,4377.97,1.00000000,1
1506980769,22674587,4382.63,0.21483824,1
1506980768,22674586,4382.63,0.49555462,1
1506980768,22674585,4382.63,0.12801407,1
1506980765,22674582,4382.68,0.24867031,0
1506980765,22674581,4382.60,0.79732969,0
1506980765,22674580,4371.00,0.95400000,0
1506980763,22674579,4371.00,0.04600000,1
1506980762,22674575,4371.31,1.00000000,0
1506980756,22674572,4371.31,0.00281289,1
1506980756,22674570,4371.59,0.12500000,1
1506980755,22674568,4382.78,0.07729694,0
1506980752,22674565,4371.59,0.87150000,0
1506980742,22674561,4371.56,0.12850000,1
1506980742,22674560,4371.56,0.87150000,1
1506980737,22674556,4383.77,0.72395039,0
1506980736,22674553,4384.92,0.66298041,0
1506980735,22674552,4383.91,0.00520000,0
1506980735,22674551,4383.79,0.13267059,0
1506980733,22674542,4371.31,0.79732969,0
1506980733,22674541,4378.31,0.02454143,1
1506980733,22674540,4378.97,0.17812888,1
1506980727,22674538,4383.83,0.05890000,0
1506980714,22674531,4383.50,0.86732941,0
1506980705,22674527,4378.31,0.05676672,0
1506980705,22674526,4378.31,0.15508267,0
1506980699,22674519,4378.31,0.07746825,0
1506980692,22674511,4374.90,0.42721600,1
1506980691,22674510,4374.90,0.57278400,1
1506980691,22674507,4374.89,0.92937195,0
1506980689,22674506,4374.89,0.07062805,1
1506980679,22674485,4378.34,0.03359814,1
1506980667,22674474,4380.00,0.01523059,1
1506980588,22674453,4380.04,0.00136550,1
1506980534,22674446,4388.34,0.01733935,0
1506980531,22674444,4375.12,0.85637387,0
1506980530,22674443,4375.15,0.10457953,0
1506980530,22674442,4380.59,0.03585442,0
1506980528,22674441,4381.00,0.00319218,1
1506980523,22674438,4374.89,0.04886833,1
1506980523,22674437,4380.52,0.00116421,1
1506980512,22674435,4380.58,0.01002703,1
1506980483,22674428,4380.56,0.01900506,1
1506980478,22674372,4380.56,1.00000000,1
1506980463,22674369,4387.54,0.10457953,0
1506980438,22674366,4388.88,0.04952203,0
1506980438,22674365,4388.28,0.08514627,0
1506980408,22674358,4382.86,0.06913892,0
1506980407,22674355,4385.10,0.34430332,1
1506980403,22674353,4385.20,0.05317489,1
1506980401,22674352,4381.91,0.08682511,0
1506980395,22674351,4381.91,0.00169564,0
1506980391,22674349,4381.91,0.06643451,0
1506980391,22674348,4381.89,0.00212049,0
1506980374,22674317,4376.63,1.39117907,1
1506980374,22674316,4376.65,0.87150000,1
1506980361,22674313,4386.32,0.05152093,1
1506980344,22674307,4387.97,0.34894664,0
1506980341,22674306,4388.02,0.20030000,0
1506980237,22674296,4388.44,0.02510000,0
1506980227,22674293,4388.69,0.04659249,0
1506980220,22674290,4376.42,0.36638631,1
1506980219,22674288,4377.00,0.84218660,1
1506980219,22674287,4377.00,0.87150000,0
1506980219,22674286,4377.19,0.99800000,0
1506980219,22674285,4380.67,0.12902383,1
1506980217,22674284,4380.68,4.00000000,1
1506980179,22674279,4380.67,0.08206515,1
1506980153,22674273,4388.90,0.02299384,0
1506980145,22674267,4386.45,0.00364757,1
1506980144,22674266,4388.90,0.06643891,0
1506980144,22674265,4386.48,0.11789419,0
1506980143,22674264,4386.45,0.15479488,0
1506980140,22674261,4376.78,0.18691518,1
1506980140,22674260,4380.40,0.02868398,1
1506980133,22674255,4386.46,0.01310990,0
1506980127,22674250,4380.41,0.02880650,1
1506980117,22674247,4386.48,0.17266843,0
1506980116,22674244,4380.45,0.54812318,1
1506980115,22674240,4380.40,1.04691602,1
1506980114,22674235,4380.44,0.03914175,1
1506980062,22674171,4386.48,0.36043738,0
1506980061,22674170,4385.78,0.09174270,0
1506980061,22674169,4385.78,0.81669723,0
1506980061,22674168,4385.77,1.23112269,0
1506980047,22674166,4385.77,0.06979231,0
1506980045,22674165,4385.77,0.00652300,0
1506980044,22674164,4385.77,0.05192200,0
1506980036,22674163,4385.77,0.00150000,0
1506980032,22674162,4380.49,1.36086000,1
1506980018,22674159,4385.78,0.11907089,0
1506980018,22674158,4385.40,0.12000000,0
1506979964,22674151,4385.78,0.00351726,0
1506979964,22674150,4385.77,0.00300000,0
1506979961,22674149,4380.45,0.00300000,1
1506979953,22674147,4385.78,0.05215752,0
1506979948,22674145,4385.78,0.07824841,0
1506979925,22674138,4385.78,0.02611118,0
1506979865,22674122,4385.78,0.01305100,0
1506979859,22674118,4385.76,0.01069637,0
1506979858,22674117,4385.76,0.01695633,0
1506979852,22674113,4384.63,0.02510000,0
1506979806,22674107,4375.47,0.01146532,1
1506979795,22674104,4384.66,0.00290000,0
1506979791,22674103,4384.66,0.11833510,0
1506979757,22674097,4384.64,0.00460000,0
1506979757,22674096,4384.64,0.33446376,0
1506979751,22674095,4384.64,0.07822044,0
1506979721,22674090,4384.66,0.23142946,0
1506979712,22674088,4384.48,0.95000000,0
1506979711,22674087,4384.48,0.55393892,0
1506979711,22674086,4384.48,0.39606108,0
1506979711,22674085,4384.48,0.44935612,0
1506979709,22674083,4384.48,0.02608280,0
1506979695,22674081,4384.52,0.75000000,0
1506979695,22674079,4384.52,0.12850000,0
1506979694,22674078,4384.50,0.87150000,0
1506979692,22674076,4384.53,0.35460000,0
1506979690,22674075,4384.55,2.14540000,0
1506979689,22674074,4384.56,0.07822044,0
1506979684,22674072,4384.66,0.09106200,0
1506979683,22674071,4384.61,0.10465013,0
1506979645,22674064,4384.90,0.33967144,1
1506979644,22674063,4385.00,0.12158883,1
1506979644,22674062,4385.78,1.96458426,1
1506979633,22674061,4384.90,0.00021991,0
1506979622,22674059,4384.90,0.07660900,0
1506979592,22674052,4384.89,0.89195086,1
1506979586,22674051,4384.89,0.13000000,1
1506979585,22674050,4384.90,0.00520401,0
1506979566,22674047,4384.90,0.00459508,0
1506979561,22674045,4384.90,0.01337200,0
1506979553,22674041,4384.89,2.01346488,1
1506979553,22674040,4384.89,1.71175618,1
1506979535,22674034,4383.49,0.15577706,0
1506979535,22674033,4382.80,0.10000000,0
1506979533,22674032,4382.79,2.14540000,0
1506979512,22674027,4380.00,0.78824382,0
1506979504,22674017,4380.00,0.01210000,0
1506979493,22674014,4382.79,0.05885713,0
1506979480,22674003,4369.35,0.00200000,1
1506979479,22674001,4369.47,0.00200000,1
1506979478,22674000,4382.79,2.00000000,0
1506979438,22673936,4376.76,0.41796800,0
1506979432,22673925,4365.37,2.00000000,1
1506979432,22673924,4376.78,0.01337693,0
1506979423,22673911,4376.80,0.08475177,0
1506979422,22673908,4376.80,0.22774062,0
1506979411,22673890,4378.01,0.64323777,1
1506979411,22673888,4376.87,0.00050602,0
1506979409,22673887,4376.87,0.02449398,1
1506979407,22673886,4376.86,0.12200000,0
1506979407,22673885,4376.86,0.12070000,0
1506979407,22673883,4376.84,0.30000000,0
1506979407,22673882,4376.82,0.80415290,0
1506979407,22673881,4376.82,0.15000000,0
1506979406,22673880,4376.81,0.97865312,0
1506979403,22673872,4374.44,2.28220000,0
1506979401,22673870,4374.45,0.17863093,1
1506979400,22673868,4374.45,0.15748976,1
1506979400,22673867,4374.45,0.05239819,1
1506979400,22673865,4374.45,0.12443507,1
1506979400,22673864,4374.45,0.07816007,1
1506979400,22673863,4374.45,0.34980404,1
1506979400,22673861,4374.45,0.15598474,1
1506979399,22673855,4374.45,0.94912225,0
1506979398,22673852,4374.45,4.49985027,0
1506979398,22673851,4374.45,0.28749073,0
1506979396,22673844,4354.03,0.11369810,1
1506979396,22673843,4360.28,0.01230190,1
1506979395,22673842,4374.45,0.45000000,0
1506979394,22673841,4376.84,0.22957737,1
1506979394,22673840,4376.84,0.07515938,1
1506979393,22673839,4376.87,0.07323712,0
1506979393,22673838,4373.00,0.05000000,0
1506979391,22673837,4362.03,0.04838892,0
1506979387,22673825,4353.00,0.16960000,0
1506979387,22673824,4353.00,6.72375450,0
1506979387,22673823,4353.00,0.23000000,0
1506979387,22673822,4353.00,0.08231870,0
1506979387,22673821,4353.00,0.07545597,0
1506979387,22673820,4353.00,0.09008955,0
1506979387,22673819,4353.00,1.20072920,0
1506979386,22673818,4352.99,0.15598474,0
1506979386,22673816,4352.48,0.64328606,0
1506979386,22673815,4352.48,0.01230190,0
1506979386,22673813,4352.48,0.11052589,0
1506979386,22673812,4352.48,0.23388615,0
1506979384,22673808,4352.03,0.11970538,1
1506979383,22673804,4353.00,0.12655227,0
1506979383,22673802,4353.00,0.06455504,0
1506979382,22673801,4353.00,0.09951985,0
1506979382,22673799,4353.00,0.19853886,0
1506979382,22673798,4353.00,0.09947215,0
1506979382,22673797,4352.48,0.00343969,0
1506979382,22673796,4352.48,0.14533245,0
1506979382,22673794,4352.48,0.07873156,0
1506979381,22673788,4352.48,0.20000000,0
1506979380,22673780,4352.48,0.31474156,0
1506979380,22673778,4352.48,0.10177000,0
1506979379,22673776,4352.99,0.15598474,1
1506979379,22673775,4353.00,12.00000000,0
1506979378,22673772,4353.00,0.10903814,0
1506979378,22673771,4353.00,1.02494000,0
1506979377,22673770,4352.46,0.31550000,0
1506979377,22673769,4352.46,0.57150000,1
1506979376,22673768,4352.47,0.11300000,1
1506979376,22673766,4353.00,0.08598588,0
1506979375,22673765,4353.00,0.26984321,0
1506979375,22673764,4353.00,0.19307582,0
1506979374,22673760,4353.00,0.07559912,0
1506979374,22673758,4353.00,0.09027054,0
1506979374,22673756,4353.00,0.01185270,0
1506979374,22673755,4353.00,0.12633396,0
1506979374,22673754,4352.99,0.07366604,0
1506979373,22673751,4352.99,0.08231870,0
1506979373,22673750,4353.00,0.01185270,0
1506979372,22673748,4352.46,0.12850000,1
1506979372,22673747,4352.48,0.87150000,1
1506979371,22673744,4353.00,0.02292681,0
1506979371,22673740,4353.00,5.00000000,0
1506979370,22673738,4353.00,10.00000000,0
1506979370,22673737,4353.00,0.15671022,0
1506979370,22673735,4353.00,0.01185270,0
1506979369,22673732,4353.00,0.01579903,0
1506979369,22673731,4353.00,0.20000000,0
1506979369,22673730,4353.00,1.29578000,0
1506979368,22673729,4353.00,0.01185270,0
1506979368,22673728,4353.00,0.01185270,0
1506979368,22673727,4353.00,2.00000000,0
1506979368,22673726,4353.00,0.01134812,0
1506979368,22673725,4353.00,1.02494000,0
1506979368,22673724,4353.00,0.03000000,0
1506979368,22673723,4353.00,0.13000000,0
1506979368,22673721,4353.00,0.01610000,0
1506979368,22673720,4353.00,0.07093659,0
1506979367,22673719,4353.00,0.92654279,0
1506979364,22673705,4353.00,0.00996240,0
1506979364,22673699,4353.00,12.00000000,0
1506979364,22673697,4353.00,0.08231870,0
1506979364,22673696,4353.00,0.05000000,0
1506979362,22673688,4353.00,0.17350000,0
1506979362,22673686,4353.00,0.20000000,0
1506979361,22673682,4353.00,0.02292681,0
1506979361,22673680,4353.00,0.00459453,0
1506979361,22673677,4353.00,0.55134390,0
1506979361,22673674,4353.00,0.01610000,0
1506979361,22673668,4352.46,0.22000000,1
1506979360,22673661,4352.46,5.00000000,1
1506979360,22673654,4353.00,1.02431875,0
1506979360,22673652,4353.00,0.00300000,0
1506979360,22673649,4353.00,0.09649727,0
1506979359,22673647,4353.00,0.10558121,0
1506979359,22673644,4353.00,0.16550000,0
1506979359,22673642,4353.00,0.00351086,0
1506979359,22673641,4353.00,0.03000000,0
1506979359,22673640,4353.00,0.17000000,0
1506979359,22673638,4353.00,0.16159700,0
1506979359,22673635,4353.00,4.00000000,0
1506979358,22673633,4353.00,1.22819383,0
1506979356,22673619,4353.00,0.28249061,1
1506979356,22673618,4354.64,6.60000000,1
1506979355,22673617,4355.00,0.10000000,1
1506979355,22673616,4355.00,0.50000000,1
1506979355,22673615,4355.00,0.11785846,1
1506979355,22673614,4356.05,50.05000000,1
1506979355,22673613,4356.08,0.50050000,1
1506979355,22673612,4356.11,0.65000000,1
1506979355,22673611,4356.26,0.80609901,1
1506979355,22673610,4356.87,6.09319200,1
1506979354,22673608,4357.52,1.57493316,1
1506979354,22673606,4357.53,4.15225448,1
1506979354,22673604,4358.50,6.30000000,1
1506979354,22673603,4359.83,0.05590322,1
1506979354,22673602,4360.00,0.86327407,1
1506979354,22673601,4360.00,1.00000000,1
1506979354,22673600,4360.00,0.89130544,1
1506979354,22673599,4360.00,1.10909074,1
1506979353,22673598,4360.00,0.00182112,1
1506979353,22673597,4360.61,7.25000000,1
1506979353,22673596,4362.00,0.89303920,1
1506979353,22673595,4363.20,7.05897088,1
1506979353,22673594,4363.21,2.07178875,1
1506979353,22673593,4365.00,0.05000000,1
1506979353,22673592,4365.00,0.07040773,1
1506979353,22673591,4365.00,1.00000000,1
1506979353,22673590,4365.63,6.00000000,1
1506979352,22673589,4366.74,0.03000000,1
1506979352,22673588,4367.35,0.15730000,1
1506979352,22673587,4367.79,1.02494000,1
1506979352,22673586,4368.29,7.66940000,1
1506979352,22673585,4370.00,0.30000000,1
1506979352,22673584,4370.00,0.00181695,1
1506979352,22673583,4370.56,7.20010000,1
1506979352,22673582,4371.00,0.72683258,1
1506979351,22673581,4372.77,6.22480289,1
1506979351,22673580,4374.33,0.00380590,1
1506979351,22673579,4375.00,0.05000000,1
1506979351,22673578,4375.00,1.07950100,1
1506979351,22673577,4375.76,6.17969200,1
1506979351,22673576,4375.81,0.04000000,1
1506979351,22673575,4377.49,6.29000000,1
1506979351,22673574,4377.83,41.32804059,1
1506979350,22673573,4378.00,0.02164486,1
1506979350,22673572,4378.00,0.38464844,1
1506979350,22673571,4378.51,0.00116474,1
1506979350,22673570,4380.00,0.04566210,1
1506979350,22673569,4380.14,5.74567500,1
1506979350,22673568,4380.73,0.16070000,1
1506979350,22673567,4381.00,0.50000000,1
1506979350,22673566,4382.42,6.19000000,1
1506979350,22673564,4382.43,0.19000000,1
1506979349,22673563,4384.07,6.25960000,1
1506979349,22673561,4384.08,0.70407710,1
1506979349,22673560,4386.15,6.49605818,1
1506979349,22673559,4389.35,0.18041418,1
1506979349,22673558,4398.80,0.02500000,1
1506979323,22673545,4398.80,0.03901200,0
1506979318,22673543,4398.86,0.00593462,1
1506979316,22673542,4389.33,0.10000000,1
1506979315,22673541,4389.33,0.00120000,1
1506979313,22673539,4399.01,0.00260207,0
1506979303,22673536,4399.08,0.05885749,0
1506979298,22673535,4399.11,0.00181053,0
1506979283,22673532,4400.00,0.02164486,0
1506979283,22673531,4399.88,0.01738911,0
1506979279,22673527,4399.50,0.29239209,0
1506979278,22673526,4395.03,0.05580985,0
1506979232,22673518,4389.06,0.38479099,1
1506979187,22673498,4388.98,0.02000000,1
1506979171,22673495,4388.75,0.01227153,1
1506979137,22673492,4386.73,0.02097231,1
1506979137,22673491,4386.73,0.31261000,1
1506979134,22673490,4395.02,0.00638993,0
1506979134,22673489,4395.02,0.02762442,0
1506979133,22673488,4395.02,0.07802189,0
1506979126,22673486,4386.61,0.36060000,1
1506979110,22673484,4386.40,0.07696000,1
1506979109,22673483,4395.04,0.01577095,0
1506979109,22673482,4395.04,0.01023323,0
1506979100,22673468,4386.30,0.23224409,1
1506979100,22673463,4388.00,0.01000000,1
1506979100,22673458,4388.99,0.11835591,1
1506979094,22673452,4395.04,0.00600244,0
1506979089,22673450,4389.04,0.25336000,1
1506979085,22673449,4389.02,0.01720259,1
1506979083,22673446,4395.03,0.10440201,0
1506979082,22673444,4389.01,0.15526000,1
1506979009,22673421,4399.44,0.01360173,0
1506978989,22673413,4388.15,0.00177577,1
1506978989,22673412,4388.18,0.11376408,1
1506978966,22673399,4399.50,5.84566182,1
1506978966,22673397,4399.92,0.05214185,1
1506978965,22673396,4399.50,4.00000000,1
1506978964,22673395,4399.50,0.15433818,1
1506978935,22673381,4387.38,0.06341694,1
1506978877,22673357,4400.00,0.38464844,0
1506978877,22673356,4399.37,0.87150000,0
1506978877,22673355,4399.26,0.51651276,0
1506978865,22673350,4386.51,0.17884581,1
1506978865,22673349,4394.40,0.09615419,1
1506978863,22673345,4394.40,0.02790472,1
1506978853,22673340,4397.74,0.07864553,1
1506978820,22673323,4397.99,0.10544551,0
1506978796,22673316,4398.22,2.50000000,0
1506978793,22673315,4398.23,0.04455390,0
1506978784,22673314,4398.24,0.03253300,0
1506978777,22673313,4393.78,2.34528307,1
1506978776,22673312,4388.66,0.15471693,0
1506978743,22673298,4385.47,0.11000000,0
1506978738,22673297,4384.16,0.29983699,1
1506978738,22673296,4384.16,0.70016301,1
1506978731,22673285,4390.93,0.08834097,0
1506978730,22673283,4388.68,0.02085924,1
1506978726,22673282,4390.11,0.12016053,1
1506978715,22673281,4390.94,0.82644719,0
1506978715,22673280,4390.94,0.17355281,1
1506978712,22673279,4390.94,1.00000000,1
1506978707,22673276,4398.50,0.43000000,0
1506978705,22673275,4398.50,0.01060000,1
1506978705,22673274,4398.78,0.00629716,1
1506978700,22673272,4398.78,0.05325210,1
1506978660,22673264,4398.38,0.00235976,0
1506978656,22673262,4398.78,0.00611221,0
1506978656,22673261,4398.47,0.87150000,0
1506978656,22673260,4398.45,0.69238779,0
1506978644,22673257,4390.95,0.32509034,1
1506978620,22673248,4390.95,1.00000000,0
1506978618,22673247,4390.95,0.02246475,0
1506978615,22673245,4390.95,1.00000000,0
1506978612,22673243,4390.95,1.00000000,1
1506978611,22673241,4398.90,0.00587023,0
1506978609,22673240,4390.95,1.00000000,1
1506978601,22673238,4391.01,0.67247652,0
1506978601,22673237,4391.01,0.19718046,0
1506978601,22673236,4391.02,0.13034302,1
1506978580,22673230,4391.01,0.01000000,1
1506978558,22673229,4391.00,0.03070112,1
1506978548,22673226,4399.95,0.03033367,0
1506978543,22673225,4399.46,0.02085924,1
1506978513,22673221,4399.48,0.34783534,0
1506978505,22673220,4390.94,0.95280910,1
1506978500,22673217,4390.93,0.05222292,1
1506978498,22673216,4399.96,1.62850000,0
1506978498,22673215,4399.85,0.87150000,0
1506978483,22673205,4396.84,0.05889767,0
1506978482,22673204,4395.89,2.09023035,1
1506978481,22673203,4394.76,0.15450218,0
1506978481,22673202,4394.51,0.00302952,0
1506978481,22673201,4394.50,0.02623795,0
1506978475,22673200,4390.88,0.93590852,1
1506978458,22673193,4394.50,0.02469921,0
1506978453,22673192,4390.89,0.12904234,1
1506978447,22673188,4390.88,0.32480798,1
1506978447,22673187,4390.88,0.04034805,1
1506978432,22673179,4394.20,0.15789362,1
1506978431,22673178,4390.11,0.00302952,0
1506978421,22673174,4390.01,2.46670994,1
1506978415,22673173,4390.01,1.43464116,1
1506978396,22673118,4390.01,0.00226458,1
1506978374,22673113,4390.00,0.02030079,1
1506978374,22673112,4390.04,0.04486531,1
1506978304,22673096,4394.50,0.05220616,1
1506978289,22673092,4394.25,0.00333622,0
1506978288,22673091,4394.27,0.04835755,1
1506978288,22673090,4394.49,0.07166754,1
1506978288,22673089,4394.49,0.41533246,1
1506978285,22673086,4394.26,0.05089771,0
1506978281,22673081,4388.08,0.07258133,1
1506978277,22673079,4394.50,0.03116056,0
1506978269,22673074,4391.70,2.00000000,0
1506978269,22673073,4391.22,0.01300000,0
1506978267,22673072,4390.00,0.99149200,0
1506978266,22673071,4389.99,5.00000000,0
1506978260,22673066,4390.00,0.00200000,0
1506978246,22673064,4389.99,0.01000866,0
1506978244,22673063,4390.00,0.00650800,0
1506978218,22673057,4388.05,0.00127386,1
1506978214,22673054,4391.54,0.10601976,0
1506978213,22673053,4391.53,0.11150499,0
1506978187,22673045,4387.55,0.01100000,1
1506978184,22673035,4393.09,0.05222292,1
1506978183,22673034,4393.16,0.06430000,0
1506978171,22673031,4382.67,0.66145334,1
1506978171,22673030,4385.00,0.05798634,1
1506978170,22673029,4385.08,0.11081571,1
1506978134,22673021,4394.26,0.11937085,0
1506978132,22673020,4391.70,4.97453890,1
1506978132,22673019,4391.70,5.00000000,1
1506978129,22673016,4391.73,0.06009000,0
1506978125,22673013,4391.73,0.12706400,0
1506978123,22673012,4391.73,0.02081600,0
1506978096,22673006,4388.50,0.01399144,1
1506978096,22673005,4388.52,0.08726860,1
1506978095,22673004,4389.01,0.00173996,1
1506978085,22673003,4391.55,0.02901280,0
1506978077,22673002,4391.62,0.02603558,0
1506978073,22672999,4388.51,0.99750609,1
1506978072,22672998,4388.51,0.02819391,1
1506978065,22672996,4389.80,0.02819391,0
1506978063,22672992,4387.55,0.01146966,0
1506978056,22672990,4387.55,0.02614350,0
1506978009,22672976,4385.02,0.00494486,1
1506978000,22672974,4385.00,0.03746820,1
1506977980,22672969,4385.40,0.01720000,1
1506977958,22672963,4391.92,0.08478013,1
1506977912,22672949,4391.93,0.01637298,0
1506977912,22672948,4391.92,0.13125469,0
1506977911,22672946,4391.93,0.34614686,0
1506977911,22672944,4391.89,0.15460314,0
1506977909,22672943,4391.89,0.50075000,0
1506977908,22672942,4391.89,0.50075000,0
1506977908,22672941,4391.89,0.50075000,0
1506977903,22672938,4391.89,0.01472309,0
1506977873,22672928,4385.27,4.00000000,1
1506977823,22672917,4394.32,0.10441888,0
1506977796,22672905,4385.02,0.01560782,1
1506977743,22672890,4386.83,2.32820000,0
1506977740,22672889,4386.83,0.14733768,1
1506977738,22672888,4386.82,0.54500000,1
1506977732,22672887,4394.18,0.02446232,0
1506977721,22672881,4395.48,2.98939000,1
1506977716,22672880,4399.67,0.07111260,0
1506977716,22672879,4393.36,0.01061000,0
1506977714,22672878,4390.15,0.85336640,1
1506977708,22672876,4393.36,0.00639000,0
1506977705,22672874,4395.60,0.02087769,0
1506977703,22672870,4395.60,0.02814272,0
1506977681,22672813,4386.84,4.49783418,0
1506977650,22672806,4386.94,3.10601177,0
1506977650,22672805,4386.94,1.74300000,0
1506977650,22672804,4387.63,0.74820001,0
1506977648,22672803,4396.00,0.11377308,1
1506977636,22672800,4396.56,0.01291561,1
1506977635,22672799,4396.09,0.01900000,0
1506977583,22672784,4396.08,0.02674600,0
1506977535,22672774,4388.91,0.12180716,1
1506977520,22672771,4388.77,0.25179999,0
1506977518,22672769,4395.31,0.15027568,1
1506977513,22672768,4399.20,0.49300991,0
1506977513,22672767,4399.20,0.00124715,0
1506977513,22672766,4399.19,0.00124779,0
1506977509,22672765,4399.21,0.04076924,0
1506977503,22672763,4395.30,0.15449515,1
1506977487,22672762,4394.80,0.05000000,1
1506977487,22672761,4394.80,0.08632241,1
1506977487,22672760,4393.12,0.01500000,0
1506977487,22672759,4389.92,0.02300000,0
1506977476,22672755,4387.51,0.05508000,1
1506977445,22672748,4389.89,0.04473265,1
1506977445,22672747,4390.13,0.02511459,1
1506977407,22672739,4399.50,0.11989208,0
1506977404,22672736,4399.53,0.10304577,1
1506977404,22672735,4399.52,0.00124719,0
1506977403,22672734,4399.53,0.00520300,0
1506977392,22672729,4392.81,0.32668377,1
1506977391,22672728,4394.99,1.95231623,1
1506977343,22672720,4394.99,0.87900000,1
1506977343,22672719,4399.87,0.01925100,0
1506977341,22672715,4394.99,0.27950000,1
1506977340,22672714,4394.99,1.95310000,1
1506977335,22672712,4394.99,0.26740000,1
1506977331,22672711,4394.99,2.16296447,1
1506977330,22672710,4395.02,0.15740221,1
1506977309,22672706,4399.76,0.02686465,0
1506977308,22672705,4399.71,0.00124879,0
1506977303,22672702,4399.72,0.06000000,0
1506977300,22672701,4395.00,2.50000000,1
1506977288,22672698,4394.99,0.04565852,1
1506977288,22672696,4395.01,0.03034122,1
1506977285,22672689,4399.76,1.07701783,1
1506977282,22672686,4399.77,0.20104005,0
1506977281,22672685,4398.97,0.02500000,1
1506977280,22672684,4398.97,0.00124970,0
1506977225,22672669,4399.92,0.00674443,0
1506977225,22672668,4399.38,0.01200000,0
1506977225,22672667,4399.37,0.00124952,0
1506977225,22672666,4399.07,0.00124837,0
1506977224,22672665,4399.05,0.00352094,0
1506977224,22672664,4399.04,0.00124774,0
1506977215,22672663,4399.05,0.00002511,0
1506977215,22672662,4399.05,0.00124875,0
1506977203,22672661,4399.09,2.15803140,1
1506977202,22672660,4399.09,0.11591923,1
1506977202,22672659,4399.09,0.00124881,0
1506977182,22672657,4397.40,2.41573451,1
1506977182,22672656,4395.78,0.08126644,0
1506977182,22672655,4395.01,0.00299905,0
1506977180,22672654,4395.00,0.26203553,1
1506977177,22672645,4394.99,2.02150000,1
1506977176,22672644,4394.99,0.47850000,1
1506977162,22672640,4394.99,0.01298290,1
1506977161,22672639,4395.00,0.01201710,1
1506977142,22672632,4398.08,1.79677455,1
1506977141,22672631,4399.50,0.00902106,0
1506977141,22672630,4399.49,0.00124756,0
1506977141,22672629,4399.48,0.00124921,0
1506977135,22672627,4398.07,0.11491572,1
1506977130,22672626,4399.90,0.16612869,0
1506977130,22672625,4399.60,0.00124792,0
1506977118,22672622,4399.96,0.41130165,0
1506977118,22672621,4399.96,0.00124917,0
1506977118,22672620,4399.95,0.00124918,0
1506977117,22672619,4398.53,0.24739513,1
1506977117,22672618,4399.53,0.12577633,1
1506977117,22672617,4399.53,0.00124662,1
1506977113,22672616,4399.66,0.12702295,1
1506977113,22672615,4399.65,0.00147705,0
1506977112,22672614,4399.34,0.87150000,0
1506977105,22672609,4399.37,0.00181880,1
1506977105,22672608,4399.37,0.16526197,1
1506977104,22672607,4399.37,0.00124721,0
1506977104,22672606,4399.31,0.00238542,0
1506977104,22672605,4398.95,0.00124764,0
1506977098,22672601,4398.57,0.00329481,0
1506977098,22672600,4398.56,0.00124773,0
1506977097,22672599,4398.55,0.00124938,0
1506977092,22672598,4397.19,0.02000000,0
1506977086,22672594,4395.97,0.26162005,0
1506977084,22672593,4395.97,0.00832546,0
1506977082,22672591,4395.48,0.06059516,1
1506977081,22672590,4395.48,0.20310000,0
1506977073,22672585,4395.48,0.02390000,0
1506977064,22672583,4395.01,0.14207957,1
1506977049,22672579,4395.00,0.01361999,1
1506977048,22672578,4395.00,2.31900340,0
1506977043,22672576,4395.00,0.01044500,0
1506977042,22672574,4395.00,0.55000000,0
1506977041,22672573,4394.99,2.50000000,1
1506977041,22672572,4394.99,0.02500000,1
1506977020,22672568,4395.00,0.99000000,0
1506977013,22672566,4394.99,0.02721546,1
1506977010,22672565,4395.00,0.87760000,0
1506977007,22672564,4394.99,3.59492551,1
1506977006,22672563,4394.22,0.02700000,0
1506976997,22672562,4389.17,0.28300000,1
1506976995,22672561,4389.14,0.17634801,1
1506976981,22672515,4395.00,0.82610100,0
1506976966,22672505,4394.39,0.98919184,0
1506976964,22672504,4395.00,0.09425630,0
1506976961,22672502,4394.40,0.26376200,0
1506976959,22672501,4394.40,0.16355936,0
1506976953,22672500,4394.99,0.01153212,0
1506976952,22672498,4394.38,0.47636762,0
1506976951,22672497,4394.99,0.14998522,0
1506976951,22672496,4394.10,0.02374228,0
1506976940,22672493,4394.09,2.30636635,0
1506976932,22672492,4394.10,0.01125772,0
1506976925,22672490,4394.98,0.03283365,0
1506976923,22672488,4394.95,0.16080000,0
1506976923,22672486,4394.95,0.00650000,0
1506976911,22672485,4395.00,0.91525346,0
1506976909,22672484,4388.82,2.28000000,1
1506976894,22672482,4394.96,0.01141688,1
1506976893,22672481,4394.96,0.98858312,1
1506976890,22672479,4388.76,1.06790000,1
1506976889,22672478,4394.96,1.00000000,0
1506976886,22672477,4394.96,1.00000000,0
1506976879,22672474,4388.80,0.11328240,1
1506976872,22672469,4394.98,0.47664000,0
1506976868,22672466,4393.22,0.28018533,1
1506976867,22672465,4393.22,0.03100000,1
1506976865,22672464,4394.99,1.07807981,1
1506976862,22672462,4395.00,1.41734084,0
1506976861,22672461,4395.00,0.06129816,0
1506976861,22672460,4393.69,0.03400000,0
1506976861,22672459,4392.97,0.96736100,0
1506976860,22672458,4392.96,0.01000000,0
1506976850,22672455,4392.95,0.01000000,0
1506976830,22672451,4392.95,2.27660000,0
1506976824,22672446,4392.96,0.00255483,1
1506976821,22672443,4388.77,0.02426682,1
1506976810,22672431,4392.96,0.00344155,1
1506976806,22672430,4392.97,0.02611200,0
1506976802,22672424,4388.76,0.01472503,1
1506976794,22672418,4392.96,0.01467116,0
1506976794,22672417,4392.96,0.01720776,1
1506976785,22672412,4390.05,0.48331418,1
1506976784,22672411,4392.96,0.25500000,0
1506976783,22672410,4392.96,0.02581164,0
1506976767,22672403,4390.04,0.07019076,1
1506976761,22672401,4390.04,0.79083665,1
1506976757,22672397,4390.03,0.07095299,1
1506976750,22672389,4390.04,0.39150000,1
1506976744,22672387,4392.97,0.00652700,0
1506976739,22672385,4392.97,1.00000000,0
1506976737,22672383,4392.97,1.00000000,0
1506976734,22672381,4392.97,1.00000000,0
1506976732,22672380,4392.97,1.00000000,0
1506976725,22672379,4392.95,0.09695000,0
1506976725,22672378,4391.42,0.87150000,0
1506976723,22672376,4391.44,1.00000000,0
1506976713,22672375,4390.16,2.21800317,0
1506976713,22672374,4390.00,0.16449683,0
1506976713,22672373,4390.00,0.11750000,0
1506976693,22672367,4389.34,1.00000000,0
1506976691,22672366,4389.34,0.00127386,0
1506976690,22672365,4389.34,0.05200000,0
1506976690,22672364,4389.04,0.03800000,0
1506976683,22672363,4389.47,0.00522300,0
1506976671,22672352,4383.88,0.43674001,1
1506976652,22672346,4383.87,0.04842724,0
1506976628,22672343,4378.79,0.05000000,0
1506976613,22672340,4383.86,2.02216474,1
1506976612,22672338,4378.79,0.10000000,0
1506976610,22672337,4378.79,0.15883526,1
1506976598,22672335,4383.87,0.01157276,0
1506976597,22672333,4378.66,4.12955638,0
1506976595,22672332,4378.66,2.50417808,0
1506976594,22672330,4378.66,4.49582192,0
1506976585,22672328,4378.66,0.50417808,0
1506976563,22672314,4386.04,0.03473954,0
1506976562,22672312,4378.66,4.97044762,0
1506976560,22672311,4378.66,0.02955238,0
1506976555,22672310,4386.23,0.06530976,0
1506976554,22672308,4377.83,0.93805827,1
1506976552,22672307,4382.62,0.06194173,1
1506976552,22672306,4385.46,0.07200000,0
1506976550,22672305,4385.48,0.04165059,1
1506976544,22672303,4385.51,0.00127386,0
1506976539,22672302,4383.05,4.52537430,0
1506976532,22672301,4378.66,5.00000000,0
1506976515,22672300,4383.05,0.47462570,0
1506976515,22672299,4380.44,0.04594304,0
1506976514,22672298,4380.43,1.81703890,0
1506976511,22672297,4380.43,1.73827025,0
1506976505,22672294,4380.43,0.00783400,0
1506976504,22672293,4380.43,0.12475685,0
1506976503,22672291,4380.43,0.01210000,0
1506976482,22672277,4378.66,5.00000000,0
1506976470,22672273,4380.44,0.00884764,0
1506976466,22672269,4380.44,0.00720932,0
1506976464,22672268,4380.43,0.01260248,0
1506976458,22672266,4380.43,0.00446743,0
1506976452,22672263,4380.43,0.00413009,0
1506976445,22672257,4377.83,3.61155139,1
1506976445,22672256,4377.84,0.00751740,1
1506976445,22672255,4378.66,0.28488604,1
1506976444,22672254,4378.66,1.08387824,1
1506976444,22672253,4378.67,0.01216693,1
1506976438,22672247,4378.66,0.33613590,0
1506976437,22672246,4378.66,0.64167991,0
1506976433,22672241,4378.66,0.86191924,0
1506976429,22672237,4378.66,0.03500000,0
1506976423,22672235,4383.03,0.03009993,0
1506976420,22672233,4383.02,0.01216693,0
1506976418,22672232,4383.03,0.01912375,0
1506976411,22672228,4377.83,3.34517599,1
1506976410,22672227,4378.16,3.45540741,0
1506976409,22672226,4378.16,0.03531353,1
1506976402,22672224,4383.04,0.08664181,0
1506976400,22672223,4383.04,2.50000000,0
1506976396,22672221,4378.00,1.84404324,0
1506976396,22672220,4378.15,3.15353273,1
1506976396,22672219,4378.16,0.00242403,1
1506976388,22672216,4379.38,0.06888225,1
1506976388,22672215,4383.00,0.01303900,1
1506976383,22672210,4378.15,0.05718731,1
1506976382,22672208,4383.03,0.00666049,0
1506976379,22672207,4383.04,0.05901107,0
1506976367,22672193,4378.15,1.47927996,1
1506976367,22672192,4378.17,1.74300000,1
1506976367,22672191,4379.62,0.89646819,1
1506976367,22672190,4379.68,0.00975185,1
1506976367,22672189,4379.82,0.09452630,1
1506976367,22672188,4379.82,0.77697370,1
1506976363,22672187,4379.82,0.09452630,1
1506976357,22672185,4383.04,0.02233714,0
1506976350,22672182,4383.03,0.13940675,0
1506976344,22672180,4383.04,0.03835325,0
1506976336,22672176,4383.04,0.00200000,0
1506976323,22672164,4383.05,0.02000000,0
1506976314,22672160,4383.08,0.08729820,1
1506976284,22672149,4383.06,0.02236980,0
1506976263,22672115,4387.63,0.09093400,0
1506976257,22672112,4387.63,1.00000000,0
1506976244,22672109,4387.65,0.11350558,0
1506976243,22672107,4387.85,0.02310036,0
1506976235,22672104,4387.66,0.10817555,0
1506976227,22672100,4379.75,0.10990465,1
1506976226,22672099,4383.00,0.28999535,1
1506976213,22672094,4383.00,0.28870465,1
1506976213,22672093,4383.07,0.11119535,1
1506976206,22672092,4388.90,0.00521600,1
1506976196,22672089,4383.06,0.08628135,1
1506976178,22672085,4386.74,0.25000000,0
1506976177,22672084,4386.74,0.92454786,0
1506976177,22672083,4386.68,0.07545214,0
1506976150,22672077,4386.68,0.00454786,0
1506976135,22672071,4379.09,0.14306296,1
1506976125,22672065,4388.10,0.11537900,0
1506976121,22672058,4388.10,0.11537900,0
1506976120,22672056,4388.10,0.07571410,0
1506976120,22672055,4387.61,0.03966490,0
1506976105,22672045,4387.61,0.05933510,0
1506976099,22672041,4378.74,0.03251069,1
1506976083,22672024,4392.26,0.02089357,0
1506976082,22672022,4392.26,0.04770000,0
1506976065,22672014,4378.36,0.07119953,1
1506976045,22672010,4392.95,1.08199651,0
1506976045,22672009,4392.91,0.04375880,0
1506976045,22672008,4391.70,0.15000000,0
1506976045,22672007,4391.45,0.87150000,0
1506976045,22672006,4388.99,0.13030000,0
1506976045,22672005,4385.00,0.58044469,0
1506976045,22672004,4383.76,0.14200000,0
1506976023,22671997,4385.00,0.10464082,0
1506975998,22671981,4378.15,0.03459091,1
1506975991,22671949,4384.00,0.01780356,1
1506975990,22671946,4383.11,0.06600000,0
1506975990,22671945,4383.10,0.05491319,0
1506975981,22671941,4383.10,0.10000000,0
1506975973,22671928,4378.14,0.02502765,1
1506975972,22671927,4378.86,0.02239836,1
1506975969,22671925,4383.97,0.10000000,1
1506975963,22671921,4383.97,0.02093308,0
1506975950,22671919,4385.00,0.31491449,0
1506975950,22671918,4384.20,0.18500000,0
1506975950,22671917,4384.02,0.03008551,0
1506975949,22671916,4377.83,0.08309561,1
1506975949,22671915,4378.82,0.39990001,1
1506975934,22671909,4384.01,0.01137543,0
1506975925,22671907,4378.83,0.27184656,1
1506975925,22671906,4378.83,0.04544654,1
1506975925,22671905,4379.00,0.07452346,1
1506975924,22671904,4379.00,0.18818344,1
1506975903,22671894,4384.01,0.13022100,0
1506975888,22671886,4384.01,0.08663735,0
1506975868,22671880,4378.82,0.09304439,0
1506975864,22671878,4384.01,0.31737541,1
1506975864,22671877,4378.83,0.21105998,0
1506975863,22671876,4378.83,0.14994002,1
1506975857,22671875,4379.98,0.15506461,1
1506975844,22671871,4377.83,0.74407815,1
1506975844,22671870,4377.83,0.15592185,0
1506975842,22671868,4378.84,0.10000000,1
1506975828,22671867,4383.95,0.00390413,0
1506975810,22671863,4377.84,0.26723645,1
1506975810,22671862,4377.86,0.73095074,1
1506975808,22671861,4380.00,0.00181281,1
1506975805,22671858,4383.97,0.15201772,0
1506975764,22671808,4380.19,5.59150171,1
1506975763,22671807,4380.19,4.00000000,0
1506975763,22671806,4380.23,6.00000000,1
1506975763,22671805,4380.50,0.26994551,1
1506975762,22671804,4381.00,0.10000000,1
1506975762,22671803,4381.04,0.26630570,1
1506975761,22671802,4381.07,1.71560548,0
1506975761,22671801,4381.07,4.00000000,0
1506975760,22671800,4381.07,0.05664160,1
1506975751,22671798,4386.92,0.02438655,0
1506975750,22671797,4387.50,0.64776224,1
1506975749,22671796,4386.93,0.00223776,0
1506975744,22671794,4386.93,0.05620787,0
1506975737,22671782,4386.93,0.10355437,0
1506975723,22671777,4388.39,0.01325900,0
1506975707,22671767,4381.08,1.62850000,0
1506975706,22671765,4381.13,0.87150000,1
1506975699,22671762,4383.12,0.36925649,1
1506975697,22671760,4381.09,0.00398202,1
1506975695,22671758,4381.07,0.74335840,1
1506975693,22671755,4385.04,0.25664160,1
1506975684,22671753,4386.56,0.07687112,1
1506975673,22671748,4387.94,1.10276814,0
1506975673,22671745,4389.00,1.17413186,1
1506975672,22671744,4389.00,0.01736814,1
1506975672,22671743,4389.01,0.20573186,1
1506975664,22671739,4391.65,0.00334911,1
1506975663,22671738,4391.65,0.21123675,0
1506975643,22671722,4391.65,0.12015379,1
1506975604,22671710,4391.65,0.13343800,0
1506975587,22671709,4385.04,0.25596096,0
1506975578,22671705,4383.00,0.19047394,0
1506975578,22671704,4383.00,0.02807877,0
1506975566,22671701,4382.92,0.00268203,1
1506975554,22671695,4385.04,0.00303904,0
1506975550,22671691,4383.72,0.04000000,0
1506975481,22671647,4387.41,2.01438135,0
1506975481,22671646,4385.00,0.04773267,0
1506975481,22671645,4384.68,0.28300000,0
1506975480,22671644,4383.87,0.15488598,0
1506975461,22671640,4384.00,0.18144729,0
1506975461,22671639,4383.90,1.98530994,0
1506975460,22671638,4383.89,0.15488527,0
1506975443,22671636,4383.90,0.01469006,0
1506975381,22671611,4381.01,0.25091317,1
1506975379,22671609,4381.01,0.04487398,1
1506975373,22671603,4382.58,2.50000000,0
1506975373,22671602,4382.58,0.51237804,0
1506975371,22671600,4385.00,0.08000000,1
1506975371,22671599,4386.82,0.29508860,1
1506975360,22671594,4391.36,0.50506705,0
1506975359,22671593,4391.32,0.00679391,0
1506975344,22671592,4386.82,0.10491140,1
1506975336,22671585,4386.83,0.01000000,0
1506975335,22671584,4386.82,1.00000000,1
1506975332,22671582,4386.83,1.00000000,1
1506975328,22671580,4386.88,0.24318870,0
1506975327,22671579,4386.88,0.75681130,0
1506975327,22671578,4386.83,0.11468870,0
1506975327,22671577,4386.83,0.35759716,0
1506975317,22671570,4388.83,0.01117600,1
1506975309,22671568,4390.74,0.00116150,1
1506975298,22671566,4395.00,0.35126325,1
1506975294,22671564,4395.01,0.00832414,0
1506975294,22671563,4395.01,0.24500000,0
1506975287,22671561,4395.53,1.00000000,1
1506975286,22671560,4399.94,0.00134967,0
1506975277,22671553,4401.06,3.96005773,1
1506975277,22671552,4401.06,0.20380981,1
1506975277,22671551,4401.06,7.00000000,1
1506975277,22671550,4401.06,5.00000000,1
1506975273,22671549,4401.06,7.00000000,1
1506975272,22671548,4401.06,4.47861823,1
1506975272,22671547,4401.06,4.86476739,1
1506975272,22671546,4401.07,0.13523261,1
1506975252,22671541,4401.06,2.58565697,1
1506975252,22671540,4401.06,0.26000000,1
1506975251,22671539,4404.70,0.02761129,0
1506975249,22671536,4401.05,0.15428136,0
1506975249,22671535,4401.04,4.00000000,0
1506975235,22671533,4401.06,1.41434303,1
1506975233,22671532,4401.05,0.34050591,0
1506975215,22671531,4395.54,0.04601028,1
1506975204,22671527,4395.56,0.02700000,0
1506975203,22671524,4395.60,0.01093593,1
1506975203,22671523,4400.48,0.24883367,1
1506975196,22671513,4400.29,0.29449563,1
1506975196,22671512,4400.47,0.09804861,1
1506975192,22671506,4402.84,0.24883367,0
1506975189,22671501,4399.42,0.10426100,0
1506975185,22671495,4404.04,0.13826633,1
1506975185,22671492,4404.07,0.07601666,1
1506975184,22671491,4404.07,0.02816880,1
1506975182,22671487,4404.05,0.09880582,0
1506975172,22671481,4400.46,0.11875376,1
1506975170,22671479,4396.00,0.17808112,0
1506975170,22671478,4395.98,0.15445930,0
1506975164,22671473,4396.00,0.22191888,0
1506975126,22671444,4395.14,0.38216229,1
1506975124,22671441,4406.01,0.08900100,0
1506975124,22671440,4405.64,0.36100000,0
1506975116,22671433,4395.05,0.12853479,1
1506975116,22671432,4398.05,0.00977833,1
1506975113,22671429,4398.12,0.13826633,1
1506975109,22671427,4397.95,0.01974616,1
1506975107,22671424,4398.12,0.13821751,1
1506975101,22671415,4398.00,0.14816551,0
1506975083,22671396,4395.00,0.06049280,1
1506975077,22671389,4396.28,0.02391318,1
1506975074,22671386,4396.25,0.01200000,1
1506975068,22671377,4411.10,0.00113123,1
1506975065,22671373,4396.07,0.67829301,1
1506975065,22671372,4396.10,0.87150000,1
1506975064,22671370,4410.86,0.00389200,0
1506975051,22671362,4405.49,0.71459652,0
1506975050,22671361,4404.62,0.36600000,0
1506975050,22671360,4403.50,0.04100000,0
1506975050,22671359,4403.12,1.37840348,0
1506975032,22671353,4403.05,0.00200000,0
1506975028,22671351,4395.13,0.02574803,1
1506975028,22671350,4399.00,0.00280000,1
1506975007,22671337,4395.54,0.02521466,0
1506975003,22671332,4403.07,0.00750000,0
1506974976,22671321,4395.48,0.34453783,1
1506974972,22671318,4395.41,0.11026052,1
1506974972,22671316,4400.00,0.01020000,1
1506974965,22671314,4398.10,0.08341877,1
1506974965,22671313,4398.11,0.01373272,1
1506974956,22671297,4398.01,1.12000000,1
1506974952,22671282,4398.01,0.04062209,1
1506974913,22671267,4397.98,0.05784328,1
1506974881,22671258,4407.16,0.54320923,0
1506974879,22671257,4397.50,0.00187338,1
1506974876,22671256,4397.53,0.07112483,1
1506974872,22671254,4397.52,0.20473000,1
1506974866,22671249,4397.14,0.07135240,1
1506974857,22671246,4397.47,0.10174409,0
1506974840,22671239,4408.67,0.01739753,1
1506974840,22671237,4408.66,0.01568083,0
1506974840,22671236,4407.53,0.02031684,0
1506974839,22671235,4401.76,0.02901294,0
1506974835,22671230,4397.08,0.01648253,1
1506974819,22671192,4401.76,0.02597910,0
1506974812,22671190,4397.01,0.01396748,1
1506974787,22671173,4401.76,0.01028665,0
1506974764,22671164,4401.76,0.01141800,0
1506974757,22671161,4401.76,0.20510659,0
1506974754,22671159,4401.76,0.06919672,0
1506974754,22671158,4400.82,0.15428943,0
1506974754,22671157,4400.70,0.00381408,0
1506974725,22671139,4400.70,0.02618592,0
1506974700,22671119,4395.53,0.55000000,1
1506974663,22671112,4396.10,0.01214601,1
1506974644,22671105,4407.11,0.21049622,0
1506974643,22671102,4407.11,0.01039400,0
1506974633,22671099,4395.28,0.01656412,1
1506974628,22671098,4395.10,0.02359848,1
1506974623,22671091,4399.41,1.95728824,0
1506974622,22671088,4400.00,0.54271176,1
1506974621,22671085,4400.44,0.10670194,1
1506974616,22671083,4400.00,0.62104617,1
1506974616,22671082,4403.56,0.02000000,1
1506974609,22671079,4400.01,0.01208478,1
1506974608,22671078,4400.01,0.14624916,1
1506974608,22671077,4400.01,0.01823396,1
1506974606,22671074,4407.11,0.30570593,1
1506974606,22671073,4407.11,0.42759389,1
1506974605,22671071,4407.00,0.08270835,0
1506974605,22671070,4406.28,0.10489327,1
1506974604,22671069,4405.08,0.00127119,0
1506974602,22671065,4403.81,0.20800000,0
1506974585,22671049,4403.19,0.02762152,0
1506974579,22671047,4403.58,2.26830000,0
1506974578,22671046,4400.00,0.02175266,1
1506974578,22671045,4400.00,0.07605191,1
1506974577,22671044,4400.00,0.01335920,1
1506974576,22671042,4406.64,1.69279402,0
1506974576,22671041,4404.39,0.10789907,0
1506974576,22671040,4404.38,0.69930691,0
1506974575,22671038,4400.00,0.12232100,1
1506974572,22671033,4403.62,0.00322562,0
1506974572,22671032,4403.21,0.05700000,0
1506974571,22671031,4400.00,0.01691890,1
1506974569,22671026,4400.01,1.27131606,1
1506974569,22671024,4400.01,0.15413365,1
1506974523,22671003,4404.39,0.02596600,0
1506974523,22671002,4404.39,0.07813493,0
1506974522,22671001,4404.37,0.15416507,0
1506974522,22671000,4404.34,2.26770000,0
1506974521,22670998,4404.31,0.02146972,0
1506974514,22670987,4395.99,1.41034155,0
1506974513,22670984,4397.70,1.04594045,1
1506974513,22670983,4397.73,0.04371800,1
1506974499,22670975,4404.32,0.01897751,0
1506974463,22670958,4406.60,0.53195888,0
1506974440,22670944,4397.70,0.14021792,1
1506974440,22670943,4399.41,2.26000000,1
1506974440,22670942,4400.14,0.09978208,1
1506974430,22670936,4400.12,2.49950192,1
1506974427,22670932,4400.12,0.02448720,1
1506974419,22670930,4400.09,0.00500000,1
1506974419,22670927,4400.09,0.68436000,1
1506974418,22670926,4400.09,0.02000000,1
1506974406,22670919,4406.95,1.00000000,0
1506974406,22670918,4407.09,0.44539973,1
1506974405,22670915,4407.09,0.08650000,1
1506974404,22670911,4407.09,0.14939110,0
1506974403,22670908,4400.07,2.50000000,1
1506974401,22670905,4407.09,0.91726300,1
1506974400,22670902,4407.09,0.08273700,0
1506974394,22670896,4407.00,0.84592693,1
1506974394,22670895,4407.00,0.15407307,0
1506974379,22670889,4399.42,0.12122900,1
1506974330,22670873,4399.44,2.04684912,1
1506974309,22670861,4407.09,0.00226453,0
1506974307,22670860,4399.43,0.01587974,1
1506974299,22670853,4407.10,1.58553001,0
1506974299,22670852,4407.10,0.23062800,0
1506974293,22670848,4404.03,0.11771800,1
1506974291,22670844,4399.74,0.03850856,1
1506974290,22670843,4404.02,0.07920944,1
1506974289,22670841,4404.03,0.11771800,1
1506974288,22670839,4404.03,0.41309225,1
1506974286,22670836,4404.03,0.10449400,1
1506974285,22670832,4404.02,0.11771800,1
1506974283,22670831,4407.10,0.21049670,0
1506974283,22670830,4407.10,0.00007941,1
1506974282,22670829,4407.10,0.10403440,0
1506974277,22670824,4407.10,0.10403605,1
1506974276,22670823,4404.02,0.15306390,1
1506974273,22670817,4407.10,0.09069910,1
1506974271,22670815,4402.79,0.04191975,1
1506974271,22670812,4402.79,0.68740122,1
1506974271,22670809,4407.10,0.00000226,1
1506974270,22670805,4407.10,0.99999774,1
1506974267,22670794,4407.10,0.10200000,0
1506974264,22670791,4407.10,1.00000000,0
1506974262,22670782,4405.00,0.01815232,1
1506974262,22670780,4405.00,0.02666416,1
1506974260,22670774,4404.00,9.54742137,0
1506974258,22670772,4403.99,0.02189000,0
1506974249,22670768,4400.04,0.22163797,1
1506974249,22670767,4400.10,0.78136203,1
1506974243,22670763,4404.00,0.01599886,0
1506974243,22670762,4404.00,0.33767977,0
1506974242,22670758,4404.00,0.09890000,0
1506974233,22670745,4400.00,0.07380000,0
1506974233,22670744,4399.47,0.02666416,0
1506974233,22670743,4399.43,0.25100000,0
1506974231,22670742,4396.28,0.15445017,1
1506974228,22670741,4396.25,0.15444982,0
1506974228,22670740,4396.24,0.71503740,0
1506974205,22670714,4395.15,0.04590860,0
1506974170,22670692,4395.01,0.71523714,0
1506974170,22670691,4395.01,0.00530702,1
1506974164,22670687,4399.40,0.00600000,0
1506974129,22670644,4399.42,0.01301483,0
1506974129,22670643,4396.86,0.01470217,0
1506974129,22670642,4396.85,0.02228300,0
1506974104,22670636,4395.00,0.02824395,1
1506974045,22670558,4395.65,0.02228300,0
1506974044,22670557,4396.86,0.00771700,1
1506974027,22670551,4396.86,0.02838300,1
1506974023,22670549,4403.90,0.76600000,0
1506974022,22670547,4403.87,0.10744186,0
1506974014,22670545,4403.97,0.01574952,0
1506974014,22670544,4398.43,0.30500000,0
1506973986,22670538,4403.94,0.03342915,1
1506973984,22670535,4396.86,0.01869477,0
1506973930,22670513,4407.04,0.01559316,0
1506973927,22670512,4407.12,0.04347333,0
1506973926,22670511,4402.07,0.25641028,0
1506973926,22670510,4395.57,0.00677671,1
1506973922,22670508,4402.07,0.00247333,0
1506973922,22670507,4401.26,0.01662992,0
1506973913,22670502,4401.26,0.02077351,0
1506973912,22670501,4401.26,0.00259657,0
1506973864,22670474,4402.07,0.05211639,0
1506973833,22670460,4402.06,0.00566780,0
1506973831,22670459,4398.24,0.10000000,1
1506973814,22670453,4396.49,0.11387526,1
1506973809,22670450,4396.42,0.55827933,1
1506973803,22670442,4409.02,2.05513696,1
1506973802,22670441,4403.53,0.33600000,0
1506973800,22670440,4403.52,0.07664608,0
1506973782,22670436,4403.52,0.01185322,0
1506973760,22670419,4403.52,0.02372991,0
1506973744,22670415,4407.44,0.05189300,0
1506973721,22670413,4398.80,0.05222917,0
1506973721,22670412,4401.30,0.02785540,1
1506973720,22670411,4401.30,0.04128903,1
1506973713,22670409,4407.78,0.16251454,0
1506973684,22670400,4408.26,0.03000000,0
1506973666,22670396,4408.43,0.04023733,0
1506973647,22670392,4397.72,0.06000004,0
1506973646,22670391,4397.72,0.01000000,1
1506973626,22670386,4408.74,0.16868050,0
1506973625,22670385,4408.74,0.08650000,0
1506973624,22670384,4408.74,0.00388900,0
1506973623,22670383,4408.74,0.00389200,0
1506973622,22670382,4408.85,1.38057150,0
1506973622,22670381,4408.76,0.95074800,0
1506973610,22670378,4406.80,1.94483600,1
1506973609,22670377,4403.27,0.02670682,0
1506973609,22670376,4403.21,0.18400000,0
1506973609,22670375,4403.18,0.19025045,0
1506973609,22670374,4403.18,0.15420673,0
1506973608,22670373,4400.00,4.00000000,0
1506973603,22670371,4403.18,0.00389081,0
1506973577,22670364,4398.75,0.10792016,1
1506973568,22670348,4398.75,0.08622110,1
1506973565,22670337,4398.74,0.07842848,1
1506973544,22670333,4398.74,0.49166988,1
1506973544,22670332,4398.76,0.09931097,1
1506973536,22670327,4409.98,0.01002617,0
1506973522,22670321,4407.65,0.01823133,0
1506973522,22670320,4405.41,0.00000506,0
1506973512,22670313,4405.41,0.16399494,0
1506973499,22670310,4398.76,0.60000000,1
1506973479,22670296,4407.68,0.00650655,0
1506973470,22670288,4398.78,0.09690000,0
1506973462,22670285,4398.78,0.49712741,0
1506973460,22670282,4398.78,0.02297259,0
1506973459,22670281,4407.69,0.07382760,0
1506973445,22670275,4412.06,0.02759382,0
1506973444,22670274,4412.08,0.01920600,0
1506973442,22670270,4412.22,0.30231284,1
1506973441,22670267,4412.13,0.69768716,0
1506973436,22670263,4408.00,0.80178284,1
1506973435,22670262,4408.00,0.03463606,0
1506973429,22670261,4404.88,0.24790000,1
1506973429,22670260,4405.70,0.74600000,1
1506973427,22670258,4405.70,0.25400000,0
1506973427,22670257,4404.65,0.42601061,0
1506973427,22670256,4404.66,0.07398939,1
1506973419,22670253,4404.87,0.04400000,0
1506973413,22670250,4404.66,0.00650000,0
1506973401,22670248,4397.73,0.21795759,0
1506973397,22670247,4396.90,0.05400000,0
1506973382,22670236,4397.73,0.01615398,0
1506973368,22670234,4397.70,0.00259632,0
1506973338,22670192,4391.30,0.00128374,1
1506973335,22670190,4391.27,0.00558928,1
1506973334,22670189,4397.73,0.01788843,0
1506973333,22670188,4391.27,0.00700000,1
1506973332,22670187,4391.25,0.00843600,1
1506973329,22670185,4400.00,0.02595700,0
1506973325,22670183,4400.01,1.20000000,0
1506973306,22670178,4400.00,1.00000000,1
1506973300,22670177,4400.00,0.09700000,1
1506973298,22670176,4400.04,0.00124199,0
1506973292,22670175,4400.04,0.12413812,1
1506973276,22670164,4400.04,1.00000000,1
1506973267,22670163,4404.63,0.09034253,0
1506973267,22670161,4400.26,0.02425434,0
1506973249,22670136,4400.26,0.00240395,0
1506973247,22670135,4400.01,0.02975140,1
1506973247,22670134,4400.01,0.30071715,1
1506973247,22670133,4400.02,0.69928285,1
1506973233,22670129,4400.00,0.30300000,0
1506973204,22670121,4404.63,0.04925200,0
1506973203,22670120,4391.07,0.19182561,1
1506973189,22670119,4390.89,0.73376724,1
1506973189,22670118,4390.89,0.77623276,1
1506973188,22670117,4390.77,0.09526724,0
1506973188,22670116,4390.87,0.90473276,1
1506973183,22670115,4390.74,0.22856200,1
1506973183,22670114,4390.75,0.77143800,1
1506973181,22670112,4404.65,0.90473276,1
1506973181,22670111,4404.10,1.00000000,0
1506973180,22670110,4397.85,0.15439362,0
1506973174,22670109,4403.28,0.30000000,0
1506973174,22670108,4393.34,0.09047962,0
1506973173,22670105,4393.34,0.90952038,0
1506973171,22670104,4397.86,0.05039400,0
1506973158,22670100,4395.32,0.03298335,1
1506973157,22670097,4402.79,0.04021768,1
1506973155,22670096,4402.79,0.00309055,1
1506973155,22670095,4403.27,0.99690945,1
1506973153,22670094,4403.27,1.08119055,0
1506973134,22670088,4403.24,0.34897635,1
1506973132,22670086,4401.51,2.15102365,0
1506973132,22670085,4401.51,0.97523513,0
1506973130,22670084,4401.51,0.09956657,0
1506973124,22670083,4398.32,0.12850000,0
1506973124,22670082,4398.32,0.87150000,0
1506973122,22670080,4401.51,0.15471600,0
1506973121,22670079,4401.51,0.15471600,0
1506973121,22670078,4401.51,0.34000000,0
1506973117,22670077,4401.53,0.04225606,1
1506973096,22670065,4398.53,0.06800000,1
1506973095,22670064,4401.71,0.01333700,1
1506973094,22670062,4401.73,0.01644466,1
1506973093,22670060,4401.71,0.06237800,1
1506973092,22670059,4401.70,0.76998813,1
1506973092,22670058,4401.70,1.53001187,1
1506973092,22670057,4401.70,0.19874913,1
1506973090,22670056,4401.70,0.01423900,1
1506973089,22670055,4401.68,0.09047962,1
1506973084,22670053,4410.00,0.26186643,0
1506973060,22670043,4409.77,1.22513214,0
1506973060,22670042,4408.00,0.08935603,0
1506973060,22670041,4407.98,0.15403881,0
1506973025,22670023,4408.00,0.04069340,1
1506972986,22670013,4408.00,0.02075664,1
1506972986,22670011,4408.01,0.00218303,1
1506972957,22669979,4409.59,0.31870000,1
1506972957,22669978,4409.60,0.10000089,1
1506972954,22669977,4409.60,0.02459911,0
1506972951,22669976,4409.59,2.43898892,1
1506972951,22669975,4409.58,0.06101108,0
1506972883,22669959,4409.59,0.02755827,0
1506972861,22669946,4408.01,3.80128336,0
1506972860,22669944,4409.59,0.19871664,1
1506972803,22669902,4409.57,0.43841662,0
1506972781,22669889,4410.10,0.74198572,1
1506972761,22669883,4419.93,0.08548878,0
1506972758,22669881,4419.93,0.00474894,0
1506972749,22669877,4420.00,0.39394796,0
1506972747,22669876,4419.93,0.06742133,0
1506972747,22669875,4419.92,3.03646489,0
1506972747,22669874,4419.00,1.00000000,0
1506972739,22669873,4407.42,0.06000000,1
1506972735,22669868,4419.94,0.58706931,1
1506972731,22669865,4419.93,0.57700000,1
1506972730,22669864,4419.92,0.46443069,0
1506972730,22669863,4419.91,0.87150000,0
1506972717,22669860,4420.00,2.71655055,0
1506972717,22669859,4420.00,1.00000000,0
1506972717,22669858,4419.99,0.13000000,0
1506972717,22669857,4419.99,0.00124239,0
1506972717,22669856,4419.97,1.74300000,0
1506972717,22669855,4419.42,0.00180795,0
1506972717,22669854,4419.41,0.00124279,0
1506972717,22669853,4417.88,1.02494000,0
1506972716,22669852,4417.16,0.06459000,0
1506972716,22669851,4416.99,3.00000000,0
1506972716,22669850,4416.94,0.87150000,0
1506972716,22669849,4416.94,0.00124240,0
1506972716,22669848,4416.18,0.11489518,0
1506972716,22669847,4415.00,0.48853000,0
1506972716,22669846,4410.00,0.65363892,0
1506972710,22669844,4410.00,0.00876789,0
1506972694,22669836,4409.99,0.03447611,0
1506972684,22669834,4408.30,0.23280000,1
1506972682,22669833,4408.27,2.26720000,0
1506972679,22669831,4408.27,0.78942632,0
1506972674,22669829,4407.77,1.30334475,1
1506972665,22669820,4402.41,2.09225521,1
1506972665,22669819,4406.05,0.00479479,1
1506972663,22669816,4407.40,0.32515525,0
1506972663,22669814,4407.36,0.87150000,0
1506972651,22669802,4407.12,0.00763002,0
1506972631,22669801,4407.23,0.01467708,0
1506972610,22669736,4407.37,0.04109227,1
