date,tid,price,amount,type
1506988857,22678092,0.06761000,2.00000000,1
1506988811,22678078,0.06762700,0.50000000,0
1506988811,22678077,0.06761700,0.50000000,0
1506988810,22678076,0.06752874,0.34390000,0
1506988639,22678013,0.06752895,0.10000000,0
1506988604,22677998,0.06752699,0.04150000,0
1506988602,22677991,0.06752699,0.10000000,0
1506988599,22677990,0.06752699,0.10000000,0
1506988067,22677834,0.06742013,0.44390000,1
1506988054,22677802,0.06748000,1.02921332,1
1506987885,22677745,0.06748000,0.65994168,1
1506987846,22677737,0.06748000,0.15880200,1
1506987738,22677716,0.06748000,0.15204300,1
1506987634,22677676,0.06738000,0.20000000,1
1506986773,22677473,0.06752200,0.49999977,0
1506986773,22677472,0.06743486,0.27414523,0
1506986773,22677471,0.06742000,0.32800000,0
1506986552,22677426,0.06755121,2.30000000,1
1506986552,22677425,0.06755130,2.96000000,1
1506985870,22677202,0.06757108,0.18000000,1
1506985860,22677191,0.06775986,0.60091062,1
1506985860,22677190,0.06775900,0.50000000,0
1506985858,22677188,0.06773583,0.44240000,0
1506985322,22676941,0.06778200,0.20000000,0
1506985253,22676922,0.06775000,2.00000000,1
1506984841,22676610,0.06776997,4.00000000,0
1506984567,22676484,0.06766000,0.32800000,0
1506984567,22676483,0.06766006,0.44240000,1
1506984567,22676482,0.06766300,0.50000000,1
1506984181,22676388,0.06789998,0.20000000,0
1506984136,22676378,0.06784400,0.50000000,1
1506984136,22676377,0.06785200,0.50000000,1
1506984136,22676376,0.06790997,0.04000000,1
1506984118,22676359,0.06799798,0.86016173,0
1506984109,22676353,0.06790997,1.00000000,1
1506984108,22676352,0.06790997,2.96000000,0
1506984108,22676351,0.06787000,3.00000000,0
1506984107,22676350,0.06779800,0.50000000,1
1506984098,22676346,0.06789520,1.66237063,1
1506984098,22676345,0.06789523,0.00000037,1
1506984089,22676340,0.06789523,7.35390100,1
1506984086,22676338,0.06789523,2.64609863,0
1506984083,22676335,0.06789521,10.00000000,0
1506984079,22676332,0.06789522,10.00000000,0
1506984074,22676326,0.06789524,10.00000000,0
1506984072,22676325,0.06773700,0.27279000,1
1506984071,22676324,0.06773400,0.09308000,1
1506984071,22676323,0.06774827,0.17971000,1
1506984070,22676322,0.06789524,10.00000000,0
1506984068,22676321,0.06774827,0.27279000,1
1506984065,22676319,0.06789527,6.85612044,1
1506984065,22676318,0.06789525,3.14387956,0
1506984060,22676315,0.06789528,10.00000000,1
1506984054,22676313,0.06789528,6.08804000,0
1506984053,22676312,0.06789525,3.91196000,0
1506984051,22676311,0.06774827,0.14750000,1
1506984041,22676310,0.06777709,3.91196000,1
1506984033,22676306,0.06787998,9.80000000,0
1506984033,22676305,0.06777700,0.20000000,0
1506984026,22676302,0.06787998,10.00000000,0
1506984023,22676300,0.06787998,10.00000000,0
1506984020,22676299,0.06787999,10.00000000,1
1506984013,22676295,0.06787999,10.00000000,0
1506984008,22676291,0.06787997,10.00000000,0
1506984003,22676290,0.06787998,10.00000000,0
1506983999,22676287,0.06784156,6.68196000,1
1506983996,22676279,0.06787998,10.00000000,0
1506983992,22676276,0.06784156,3.31803983,0
1506983987,22676275,0.06783987,10.00000000,1
1506983981,22676274,0.06783999,0.01516723,1
1506983981,22676273,0.06783997,0.44120000,0
1506983981,22676272,0.06783987,9.54363277,0
1506983976,22676269,0.06774827,2.56892300,1
1506983976,22676268,0.06781000,2.00000000,1
1506983975,22676267,0.06783997,10.00000000,0
1506983970,22676266,0.06783999,10.00000000,0
1506983966,22676261,0.06784000,7.00000000,1
1506983964,22676259,0.06784000,3.00000000,0
1506983913,22676249,0.06774827,0.19248700,1
1506983909,22676227,0.06785977,1.46995223,0
1506983897,22676223,0.06774827,0.19859000,1
1506983494,22675981,0.06772998,10.00000000,0
1506983488,22675979,0.06782000,2.00000000,1
1506983466,22675971,0.06772992,0.82250000,0
1506983466,22675968,0.06772993,0.44120000,1
1506983457,22675965,0.06779200,0.50000000,1
1506983452,22675962,0.06800000,4.46383838,1
1506983451,22675961,0.06786400,0.50000000,0
1506983451,22675959,0.06786296,3.20053183,0
1506983451,22675958,0.06786296,1.35143200,1
1506983449,22675953,0.06783300,0.50000000,0
1506983447,22675952,0.06772995,0.19108500,1
1506983409,22675946,0.06772991,0.24867029,1
1506983341,22675936,0.06782990,3.12075000,0
1506983322,22675933,0.06778999,3.01600000,1
1506983316,22675932,0.06782995,10.00000000,0
1506983310,22675929,0.06778999,6.98400000,0
1506983256,22675907,0.06772991,0.19000000,1
1506983252,22675905,0.06772991,0.20000000,1
1506983226,22675898,0.06773985,2.96000000,0
1506983205,22675858,0.06773985,10.00000000,0
1506983190,22675857,0.06773985,10.00000000,0
1506983079,22675817,0.06772991,5.94639800,1
1506983079,22675816,0.06772991,2.62360200,1
1506983076,22675815,0.06772991,0.71500000,0
1506982995,22675792,0.06772991,6.00000000,0
1506982984,22675784,0.06772991,50.00000000,0
1506982982,22675781,0.06772991,0.85000000,0
1506982978,22675777,0.06772991,10.00000000,0
1506982931,22675771,0.06772995,10.00000000,0
1506982911,22675762,0.06772999,10.00000000,0
1506982900,22675758,0.06774995,10.00000000,0
1506982899,22675757,0.06770794,1.58602000,1
1506982899,22675756,0.06771140,0.50739600,1
1506982890,22675755,0.06771140,1.00000000,1
1506982887,22675754,0.06771140,1.39000300,1
1506982885,22675752,0.06771140,1.58602000,1
1506982884,22675751,0.06771140,2.94571600,1
1506982882,22675750,0.06771140,0.14770000,1
1506982877,22675749,0.06771140,0.20000000,1
1506982876,22675748,0.06771140,2.22316500,1
1506982874,22675746,0.06774999,10.00000000,0
1506982868,22675740,0.06770794,0.28221801,1
1506982868,22675739,0.06770900,0.50000000,1
1506982868,22675738,0.06770900,0.50000000,1
1506982863,22675736,0.06780800,1.40483800,1
1506982857,22675734,0.06780800,0.39834500,1
1506982856,22675733,0.06780800,0.61169400,1
1506982856,22675732,0.06780800,1.58512300,1
1506982856,22675731,0.06780800,6.00000000,1
1506982838,22675713,0.06770000,0.32800000,0
1506982838,22675712,0.06769997,7.80376170,0
1506982764,22675694,0.06763800,0.50000000,0
1506982764,22675692,0.06763800,0.50000000,0
1506982405,22675496,0.06748042,7.80376170,1
1506982387,22675490,0.06764200,6.50000000,1
1506982386,22675489,0.06764200,0.50000000,0
1506982386,22675488,0.06764197,3.00000000,0
1506982264,22675464,0.06754300,0.50000000,1
1506982259,22675462,0.06766000,0.10600000,1
1506982256,22675461,0.06766000,0.50000000,1
1506982252,22675460,0.06766000,9.39400000,1
1506982252,22675459,0.06766400,0.60600000,1
1506982252,22675458,0.06766400,3.58940000,1
1506982251,22675457,0.06766400,0.50000000,1
1506982251,22675456,0.06766400,3.40460000,1
1506982250,22675455,0.06766403,3.00000000,1
1506982248,22675452,0.06766400,0.90000000,1
1506982247,22675450,0.06766000,0.50000000,0
1506982247,22675449,0.06766000,0.50000000,0
1506982244,22675447,0.06764797,0.25316500,1
1506982244,22675446,0.06764797,0.63429500,1
1506982243,22675443,0.06764797,0.35107000,1
1506982239,22675437,0.06764797,8.06351371,0
1506982235,22675432,0.06764797,10.00000000,0
1506982231,22675425,0.06764797,10.00000000,0
1506982227,22675423,0.06764797,10.00000000,0
1506982224,22675413,0.06764797,10.00000000,0
1506982220,22675409,0.06764797,10.00000000,0
1506982214,22675383,0.06764797,8.93748629,0
1506982214,22675382,0.06750600,1.06251371,0
1506982213,22675381,0.06750600,0.22291929,1
1506982210,22675371,0.06745367,0.27708071,0
1506982206,22675369,0.06764797,10.00000000,0
1506982201,22675364,0.06764799,10.00000000,0
1506982194,22675359,0.06764800,6.54000000,1
1506982194,22675358,0.06764800,2.96000000,0
1506982194,22675357,0.06764800,0.50000000,0
1506982188,22675354,0.06755999,6.39243800,1
1506982184,22675353,0.06755999,0.13257329,0
1506982045,22675295,0.06753100,0.50000000,1
1506982045,22675294,0.06753100,0.50000000,1
1506982044,22675293,0.06763000,0.94479000,1
1506982008,22675274,0.06763000,1.05521000,1
1506981868,22675199,0.06761799,10.00000000,1
1506981821,22675116,0.06759898,0.30952671,0
1506981785,22675096,0.06754800,0.50000000,0
1506981785,22675094,0.06754800,0.50000000,0
1506981698,22675064,0.06740454,3.00000000,1
1506981604,22675013,0.06751004,2.96000000,1
1506981604,22675012,0.06751200,0.50000000,1
1506981604,22675011,0.06751200,0.50000000,1
1506981604,22675010,0.06752000,0.32800000,1
1506981603,22675009,0.06766997,10.00000000,1
1506981594,22675001,0.06766997,10.00000000,0
1506981591,22674999,0.06766997,10.00000000,0
1506981587,22674997,0.06766997,10.00000000,0
1506981580,22674992,0.06766997,10.00000000,0
1506981577,22674991,0.06766997,10.00000000,0
1506981569,22674987,0.06766999,6.82374186,0
1506981569,22674986,0.06766998,3.17625814,0
1506981563,22674982,0.06768294,7.45240000,0
1506981563,22674981,0.06767000,2.54760000,0
1506981561,22674979,0.06767600,0.45240000,1
1506981553,22674973,0.06767600,3.00000000,1
1506981550,22674970,0.06768296,10.00000000,0
1506981550,22674969,0.06767600,6.54760000,1
1506981537,22674958,0.06764966,10.00000000,1
1506981537,22674957,0.06767600,6.50000000,1
1506981536,22674956,0.06767600,0.50000000,1
1506981536,22674955,0.06768200,9.50000000,1
1506981533,22674954,0.06768200,0.50000000,0
1506981532,22674953,0.06767600,3.00000000,1
1506981527,22674951,0.06764966,3.55459900,1
1506981527,22674950,0.06764966,6.44540100,1
1506981518,22674948,0.06764966,10.00000000,0
1506981515,22674945,0.06764970,5.76707564,0
1506981515,22674944,0.06764967,4.23292436,0
1506981510,22674935,0.06764970,10.00000000,0
1506981504,22674927,0.06764970,10.00000000,0
1506981500,22674924,0.06764971,10.00000000,0
1506981495,22674920,0.06764978,10.00000000,0
1506981491,22674917,0.06764982,0.44210000,0
1506981490,22674915,0.06764982,14.23292436,0
1506981490,22674914,0.06764984,6.23677559,1
1506981489,22674913,0.06764984,3.76322441,1
1506981481,22674911,0.06764984,4.20000000,0
1506981417,22674895,0.06763100,5.00000000,1
1506981410,22674893,0.06764989,5.00000000,0
1506981403,22674890,0.06764989,4.46585700,0
1506981403,22674889,0.06763100,0.53414300,0
1506981386,22674888,0.06764989,19.50000000,0
1506981386,22674887,0.06763100,0.50000000,0
1506981380,22674885,0.06764989,10.00000000,0
1506981376,22674884,0.06740386,0.85886560,0
1506981376,22674883,0.06751600,0.50000000,1
1506981375,22674882,0.06755700,0.50000000,1
1506981375,22674879,0.06757600,0.13156400,1
1506981373,22674877,0.06760000,2.00000000,1
1506981369,22674876,0.06764990,5.00000000,0
1506981340,22674873,0.06764993,0.24120971,0
1506981338,22674872,0.06764000,0.32800000,0
1506981270,22674852,0.06758400,0.14750000,1
1506981245,22674829,0.06769999,2.04000000,0
1506981245,22674828,0.06769998,2.96000000,0
1506981142,22674725,0.06757600,7.21323600,1
1506981122,22674711,0.06757600,0.14750000,1
1506981120,22674708,0.06757600,2.06520000,1
1506981116,22674707,0.06757600,0.14750000,1
1506981112,22674706,0.06757600,0.14750000,1
1506981108,22674705,0.06757600,0.14750000,1
1506980968,22674646,0.06740900,0.50000000,1
1506980968,22674644,0.06745400,0.50000000,1
1506980957,22674641,0.06754837,0.60000000,1
1506980936,22674638,0.06754837,9.40000000,1
1506980907,22674631,0.06754837,10.00000000,0
1506980900,22674628,0.06754839,7.04118725,0
1506980900,22674627,0.06754838,2.95881275,0
1506980735,22674550,0.06740000,0.45872700,1
1506980735,22674549,0.06741700,0.50000000,1
1506980735,22674547,0.06742500,0.50000000,1
1506980735,22674546,0.06743000,0.32800000,1
1506980734,22674545,0.06746800,0.51958300,1
1506980682,22674490,0.06754931,10.00000000,0
1506980648,22674470,0.06746800,1.15096000,1
1506980643,22674466,0.06746800,0.44692400,1
1506980581,22674450,0.06754932,3.06972061,1
1506980581,22674449,0.06754932,2.33027939,0
1506980497,22674431,0.06746800,2.06610000,1
1506980495,22674430,0.06746800,0.59986100,1
1506980404,22674354,0.06746800,0.15000000,1
1506980394,22674350,0.06746800,4.56657200,1
1506980364,22674314,0.06743100,0.50000000,0
1506980162,22674275,0.06748500,2.50000000,1
1506980160,22674274,0.06748500,0.50000000,0
1506980142,22674262,0.06735400,1.01000000,1
1506980138,22674259,0.06735403,2.96000000,1
1506980126,22674249,0.06735400,0.50000000,1
1506980085,22674173,0.06752282,1.47728753,0
1506980005,22674157,0.06737073,1.00000000,1
1506979861,22674120,0.06749730,1.41394347,1
1506979861,22674119,0.06749730,4.08605653,0
1506979593,22674053,0.06737016,1.08641100,1
1506979583,22674048,0.06737018,0.12605653,0
1506979469,22673993,0.06737007,3.96000000,1
1506979421,22673905,0.06762997,0.50000000,0
1506979411,22673889,0.06762999,0.50000000,0
1506979390,22673834,0.06758399,1.21789395,0
1506979376,22673767,0.06754997,15.68669000,0
1506979375,22673763,0.06754997,0.71789377,0
1506979375,22673762,0.06752300,0.50000000,0
1506979366,22673715,0.06754998,1.20338506,0
1506979366,22673714,0.06754200,0.01450871,0
1506979359,22673645,0.06754200,0.14625587,0
1506979358,22673623,0.06754200,0.33923542,0
1506979209,22673513,0.06775024,9.75090741,1
1506979209,22673512,0.06775024,1.85326000,1
1506979209,22673511,0.06775024,11.77294800,1
1506979209,22673510,0.06772380,4.20000000,0
1506979209,22673508,0.06772379,3.19998607,1
1506979208,22673507,0.06772379,0.50000000,1
1506979208,22673506,0.06757000,0.32800000,0
1506979208,22673505,0.06756600,11.97487800,1
1506979208,22673504,0.06756600,18.05817400,1
1506979207,22673503,0.06755998,0.58549117,0
1506979207,22673502,0.06754100,0.50000000,1
1506979205,22673501,0.06751996,40.69000000,0
1506978997,22673418,0.06747000,5.00000000,1
1506978997,22673417,0.06747000,3.00000000,1
1506978977,22673406,0.06748995,10.00000000,0
1506978971,22673403,0.06748995,10.00000000,0
1506978966,22673398,0.06748995,10.00000000,0
1506978959,22673389,0.06748997,7.04000000,0
1506978959,22673388,0.06748996,2.96000000,0
1506978953,22673387,0.06748997,10.00000000,0
1506978936,22673382,0.06743500,10.00000000,1
1506978925,22673375,0.06751987,1.00000000,0
1506978925,22673374,0.06744500,0.50000000,0
1506978925,22673373,0.06743500,0.50000000,0
1506978913,22673370,0.06738800,0.50000000,1
1506978913,22673369,0.06739800,0.50000000,1
1506978913,22673368,0.06747800,3.28800000,1
1506978903,22673364,0.06747800,5.71200000,1
1506978902,22673363,0.06751995,7.27180000,0
1506978885,22673360,0.06747000,0.50000000,0
1506978885,22673359,0.06746000,0.50000000,0
1506978864,22673347,0.06734100,0.50000000,1
1506978864,22673346,0.06735700,0.50000000,1
1506978860,22673344,0.06755696,1.87926535,0
1506978860,22673343,0.06754100,0.50000000,0
1506978860,22673342,0.06754097,7.62073465,0
1506978852,22673339,0.06737200,0.50000000,1
1506978852,22673338,0.06740000,0.32800000,1
1506978852,22673337,0.06740001,8.67200000,1
1506978851,22673335,0.06740010,7.41236900,1
1506978846,22673334,0.06740001,1.32800000,1
1506978749,22673300,0.06744001,0.39379000,1
1506978744,22673299,0.06747007,0.19173501,1
1506978733,22673294,0.06756699,6.54000000,0
1506978733,22673293,0.06756500,0.50000000,0
1506978731,22673289,0.06753997,2.96000000,0
1506978639,22673256,0.06751995,1.05215430,0
1506978638,22673255,0.06751994,0.51784570,0
1506978557,22673228,0.06743000,0.50000000,1
1506978557,22673227,0.06744054,2.96000000,1
1506978541,22673223,0.06754599,0.50000000,1
1506978373,22673111,0.06756199,9.50000000,0
1506978373,22673110,0.06754800,0.50000000,0
1506978361,22673108,0.06747009,0.50000000,0
1506978360,22673106,0.06754000,1.60916000,1
1506978360,22673105,0.06754001,0.12460200,1
1506978355,22673104,0.06754001,9.75079600,1
1506978347,22673103,0.06754001,0.12460200,1
1506978287,22673088,0.06754001,8.39084000,1
1506978286,22673087,0.06754001,1.60916000,1
1506978273,22673077,0.06754001,0.51668800,0
1506978142,22673025,0.06754000,0.39084000,1
1506977933,22672957,0.06751240,1.19160900,1
1506977913,22672950,0.06752514,0.27365761,1
1506977904,22672940,0.06752514,0.27403995,1
1506977541,22672777,0.06751800,0.50000000,1
1506977541,22672776,0.06752300,0.50000000,1
1506977540,22672775,0.06756000,2.00000000,1
1506977393,22672732,0.06766386,5.43901766,0
1506977392,22672731,0.06762711,0.18951278,0
1506977392,22672730,0.06762636,2.96000000,0
1506977390,22672727,0.06762635,0.44340000,0
1506977038,22672571,0.06762679,1.57000000,0
1506976880,22672475,0.06762688,9.10729905,0
1506976841,22672453,0.06759893,0.66223430,0
1506976613,22672339,0.06744006,1.93102799,1
1506976444,22672252,0.06757576,0.79612700,0
1506976441,22672249,0.06757573,3.00000000,0
1506976395,22672218,0.06750800,0.50000000,0
1506976395,22672217,0.06750300,0.50000000,0
1506976329,22672174,0.06730526,11.04687101,0
1506976328,22672173,0.06743600,0.50000000,1
1506976328,22672172,0.06744100,0.50000000,1
1506976327,22672171,0.06748311,0.27000000,1
1506976327,22672170,0.06748311,0.51000000,1
1506976327,22672169,0.06748311,2.17312899,1
1506976006,22671987,0.06748311,0.27095000,1
1506975998,22671982,0.06748311,0.51592101,1
1506975768,22671809,0.06748303,2.96000000,1
1506975760,22671799,0.06748303,0.44340000,1
1506975719,22671776,0.06751700,0.49999900,1
1506975713,22671772,0.06751200,0.50000000,1
1506975638,22671721,0.06763000,2.00000000,1
1506975486,22671649,0.06774899,5.89196931,0
1506975480,22671643,0.06771000,1.00000000,0
1506975341,22671589,0.06759200,0.50000000,0
1506975341,22671587,0.06758700,0.50000000,0
1506975071,22671381,0.06747000,2.02000000,1
1506974997,22671328,0.06754987,1.53744441,0
1506974389,22670894,0.06747000,2.00000000,1
1506974363,22670886,0.06740000,2.30000000,1
1506973864,22670473,0.06746549,3.22160000,0
1506973862,22670468,0.06746000,1.77840000,0
1506973783,22670437,0.06731900,0.20000000,1
1506973716,22670410,0.06746000,0.14660000,0
1506973631,22670387,0.06746000,0.10000000,0
1506973418,22670252,0.06748998,6.20824617,0
1506973342,22670194,0.06728800,2.09223631,0
1506973340,22670193,0.06730300,0.50000000,1
1506973279,22670171,0.06737967,0.50000000,1
1506973278,22670169,0.06737969,6.61073030,1
1506973276,22670166,0.06735000,0.50000000,0
1506973137,22670089,0.06721526,1.08961384,1
1506973050,22670037,0.06721500,3.00000000,0
1506973008,22670018,0.06721382,1.00000000,1
1506972798,22669898,0.06721305,6.00000000,1
1506972450,22669637,0.06739538,1.29258765,0
1506972449,22669636,0.06726100,0.18000000,1
1506972446,22669635,0.06726100,0.18000000,1
1506972444,22669634,0.06727700,0.30000000,1
1506972442,22669633,0.06727700,0.20000000,1
1506972439,22669631,0.06737293,2.09708700,1
1506972433,22669621,0.06737293,0.86400000,1
1506972430,22669619,0.06734819,0.20000000,0
1506972388,22669582,0.06734297,1.00000000,0
1506972301,22669547,0.06729016,0.20000000,0
1506972181,22669491,0.06725900,0.50000000,0
1506972180,22669490,0.06722700,0.50000000,0
1506972108,22669430,0.06709575,5.41960800,1
1506971680,22669099,0.06709266,1.00000000,1
1506971192,22668814,0.06722998,0.27003741,0
1506970988,22668705,0.06721990,0.00333098,0
1506970988,22668704,0.06721990,3.31803983,0
1506970680,22668538,0.06721999,0.20000000,0
1506970595,22668467,0.06718697,0.40829801,0
1506970595,22668465,0.06718696,2.83209199,0
1506970595,22668463,0.06717700,0.50000000,0
1506970595,22668462,0.06715978,2.96000000,0
1506970477,22668326,0.06708397,3.12049619,0
1506970477,22668325,0.06700000,11.78604381,0
1506970470,22668319,0.06700000,13.54430100,0
1506970468,22668317,0.06700000,2.00500000,0
1506970455,22668305,0.06700000,2.00500000,0
1506970454,22668299,0.06700000,2.00500000,0
1506970421,22668288,0.06700000,0.59463800,0
1506970415,22668284,0.06700000,0.40353000,0
1506970413,22668281,0.06700000,0.50000000,0
1506970411,22668280,0.06700000,3.33000000,0
1506970411,22668279,0.06699000,0.33000000,0
1506970409,22668278,0.06700000,0.38996100,0
1506970397,22668275,0.06700000,3.66000000,0
1506970382,22668261,0.06700000,3.66000000,0
1506970371,22668248,0.06700000,2.34521400,0
1506970370,22668247,0.06699999,3.66000000,0
1506970286,22668221,0.06699130,0.25000000,0
1506970212,22668192,0.06703543,3.36967000,1
1506969784,22668013,0.06715143,1.00000000,0
1506969780,22668012,0.06715144,5.00249000,0
1506969601,22667913,0.06718293,2.04600000,1
1506969600,22667912,0.06718293,7.85400000,0
1506969534,22667902,0.06702777,0.14492230,1
1506969241,22667817,0.06716200,0.27418856,0
1506969180,22667798,0.06716985,0.37499800,0
1506968808,22667642,0.06702723,6.29554996,1
1506968755,22667600,0.06718800,0.33000000,0
1506968754,22667598,0.06721600,0.50000000,0
1506968754,22667597,0.06715000,9.39511266,0
1506968754,22667595,0.06714981,14.23292436,0
1506968702,22667547,0.06715000,0.49000000,0
1506968699,22667542,0.06715000,0.50000000,0
1506968697,22667540,0.06715000,0.10000000,0
1506968697,22667539,0.06715000,0.10000000,0
1506968691,22667538,0.06715000,0.10000000,0
1506968688,22667537,0.06715000,4.02000000,0
1506968683,22667535,0.06714300,0.33100000,1
1506968680,22667532,0.06715302,0.10376953,1
1506968663,22667524,0.06718500,0.50000000,1
1506968663,22667523,0.06718800,0.50000000,1
1506968663,22667522,0.06723000,0.33100000,1
1506968645,22667509,0.06718759,2.86496066,1
1506968645,22667508,0.06721800,0.50000000,1
1506968645,22667507,0.06726600,0.50000000,1
1506968645,22667506,0.06741231,0.50000000,1
1506968633,22667503,0.06730500,0.50000000,0
1506968625,22667502,0.06730500,1.59098299,0
1506968625,22667501,0.06730500,0.50000000,1
1506968504,22667447,0.06745500,0.39810769,0
1506968258,22667278,0.06739378,1.11492000,1
1506967921,22667095,0.06751504,0.59098299,0
1506967743,22666978,0.06739219,0.30000000,1
1506967620,22666821,0.06752948,1.00000000,0
1506967384,22666702,0.06749571,0.50000000,1
1506967384,22666701,0.06741300,0.50000000,1
1506967243,22666644,0.06745880,0.59000000,0
1506967075,22666566,0.06748122,0.50258738,1
1506965688,22665774,0.06746819,0.64037300,1
1506965688,22665773,0.06746819,1.96000000,1
1506965664,22665768,0.06746819,1.00000000,1
1506965342,22665575,0.06761741,3.06179000,0
1506965340,22665574,0.06756802,0.11000000,0
1506965270,22665542,0.06759000,4.14480000,1
1506964931,22665349,0.06764952,14.80233414,1
1506964930,22665348,0.06753700,0.50000000,0
1506964930,22665347,0.06753699,10.02300000,0
1506964928,22665345,0.06749500,0.50000000,0
1506964912,22665324,0.06750300,0.50000000,0
1506964912,22665323,0.06746100,0.50000000,0
1506964848,22665290,0.06738501,0.19726317,1
1506964820,22665277,0.06754584,0.90211700,0
1506964820,22665276,0.06754300,0.50000000,0
1506964820,22665275,0.06745100,0.09206300,0
1506964818,22665274,0.06745100,0.14297000,1
1506964791,22665202,0.06745100,0.13000000,1
1506964685,22665150,0.06750446,2.55590000,0
1506964683,22665147,0.06750445,0.44410000,0
1506964640,22665122,0.06745100,1.28403000,1
1506964638,22665120,0.06749071,0.27297000,1
1506964480,22665033,0.06754399,0.00999951,1
1506964477,22665030,0.06754399,6.43885300,1
1506964476,22665027,0.06750000,0.33000000,0
1506964475,22665026,0.06746390,1.39053372,0
1506964378,22664983,0.06731600,0.50000000,0
1506964374,22664976,0.06731597,0.50000000,0
1506964374,22664975,0.06721400,0.50000000,0
1506964361,22664961,0.06660001,4.11393428,1
1506964361,22664960,0.06660001,0.50000000,0
1506964361,22664959,0.06680000,0.50000000,1
1506964361,22664958,0.06684887,0.16891265,1
1506964360,22664957,0.06684887,0.60000000,0
1506964360,22664956,0.06690000,0.50000000,1
1506964360,22664955,0.06690000,0.34000000,1
1506964360,22664954,0.06695606,0.14496784,1
1506964360,22664953,0.06695606,13.09942728,0
1506964359,22664951,0.06700000,1.50000000,1
1506964359,22664950,0.06700000,5.00000000,1
1506964359,22664949,0.06700000,1.04216417,1
1506964359,22664948,0.06700000,0.80000000,1
1506964359,22664947,0.06700000,0.80000000,1
1506964359,22664946,0.06700000,0.62000000,1
1506964359,22664945,0.06700000,1.00000000,1
1506964358,22664944,0.06700001,0.41032045,0
1506964358,22664943,0.06700001,0.11901294,0
1506964358,22664942,0.06719728,0.20000000,1
1506964358,22664941,0.06720000,1.00000000,1
1506964357,22664940,0.06730300,0.50000000,1
1506964357,22664939,0.06731500,2.96000000,1
1506964356,22664938,0.06732321,2.04688606,0
1506964356,22664937,0.06732324,48.43300000,0
1506964356,22664936,0.06735500,0.50000000,1
1506964354,22664934,0.06740000,1.00137433,1
1506964280,22664910,0.06746000,1.00000000,1
1506964269,22664908,0.06743001,0.27148400,1
1506964260,22664901,0.06749252,1.00000000,0
1506963972,22664759,0.06741000,5.00000000,1
1506963911,22664719,0.06740000,3.25801400,1
1506963881,22664708,0.06740000,0.96252000,1
1506963842,22664700,0.06740003,0.21877259,1
1506963772,22664687,0.06740000,0.39529800,1
1506963772,22664686,0.06740001,0.44410000,1
1506963765,22664683,0.06740011,0.78583100,1
1506963656,22664632,0.06749022,2.73004740,1
1506963552,22664586,0.06749022,0.30000000,1
1506963482,22664560,0.06749000,1.92000000,1
1506963482,22664557,0.06750000,1.04000000,1
1506963482,22664556,0.06749800,0.50000000,0
1506963480,22664555,0.06749000,2.96000000,0
1506963444,22664533,0.06737000,15.00000000,1
1506963444,22664532,0.06740000,5.00000000,1
1506963186,22664407,0.06737000,4.35288500,0
1506963052,22664381,0.06736997,3.83571400,0
1506963045,22664376,0.06736999,5.01183000,0
1506963010,22664360,0.06736999,1.89526600,0
1506963008,22664354,0.06737000,0.64711500,0
1506963006,22664353,0.06736998,0.36997200,0
1506963005,22664352,0.06736999,0.08852700,0
1506962876,22664302,0.06737000,1.00000000,1
1506962876,22664301,0.06738000,1.00000000,1
1506962700,22664215,0.06744195,5.50000000,0
1506962531,22664127,0.06730201,16.24741972,1
1506962531,22664126,0.06733000,0.33000000,1
1506962530,22664125,0.06733300,0.50000000,1
1506962530,22664123,0.06734058,2.96000000,1
1506962340,22664025,0.06747197,5.14000000,0
1506962340,22664024,0.06747197,2.96000000,0
1506962102,22663907,0.06730000,0.33000000,1
1506962101,22663906,0.06730000,5.59498367,0
1506962094,22663901,0.06730000,12.58623796,0
1506962093,22663898,0.06730000,99.41160465,0
1506962093,22663897,0.06729999,12.59445235,0
1506962089,22663891,0.06730190,6.96017372,1
1506962089,22663890,0.06730193,75.44700000,1
1506961894,22663779,0.06720000,0.12889349,0
1506961893,22663766,0.06720191,0.52000000,1
1506961893,22663752,0.06730800,0.50000000,1
1506961892,22663739,0.06735400,0.50000000,1
1506961812,22663703,0.06744707,5.33925167,1
1506961810,22663702,0.06744704,0.30000000,1
1506961731,22663660,0.06760045,0.17665770,0
1506961672,22663636,0.06760119,0.44696491,0
1506961634,22663603,0.06760149,0.51687000,0
1506961510,22663539,0.06733482,4.16010428,0
1506961510,22663538,0.06751000,0.33000000,1
1506961509,22663537,0.06753600,0.50000000,1
1506960472,22662990,0.06769606,6.54000000,1
1506960472,22662989,0.06770800,0.50000000,1
1506960470,22662988,0.06774367,2.96000000,1
1506960083,22662830,0.06774342,1.81964000,1
1506959757,22662650,0.06781000,2.98700000,1
1506959743,22662646,0.06781000,2.01300000,1
1506959449,22662519,0.06797726,1.72355100,0
1506959401,22662485,0.06785203,2.00000000,0
1506959309,22662380,0.06792400,0.14789757,1
1506959305,22662374,0.06792400,2.65331310,1
1506959303,22662372,0.06784703,0.32795825,1
1506959299,22662369,0.06784700,0.43017647,1
1506959294,22662366,0.06783504,0.50000000,1
1506959289,22662350,0.06783502,0.50000000,1
1506959284,22662339,0.06781325,0.50000000,1
1506959278,22662329,0.06781322,0.50000000,1
1506959274,22662325,0.06781321,0.50000000,1
1506959269,22662317,0.06775726,0.50000000,0
1506959259,22662304,0.06789094,2.08743831,0
1506959253,22662289,0.06781300,2.80236458,0
1506959252,22662287,0.06781283,2.80236500,0
1506959251,22662282,0.06781300,3.59644800,0
1506959250,22662281,0.06781300,2.61044964,0
1506959250,22662280,0.06781284,2.80236536,0
1506959227,22662264,0.06781297,2.42129700,0
1506959213,22662254,0.06781209,9.00926200,0
1506959116,22662212,0.06781300,0.14523778,0
1506959114,22662209,0.06781299,0.17531273,0
1506959082,22662200,0.06720194,7.10253819,0
1506959082,22662199,0.06741980,5.00000000,1
1506959082,22662198,0.06741981,0.48750273,0
1506959082,22662197,0.06741981,0.50000000,0
1506959081,22662196,0.06746412,0.13000000,1
1506959081,22662195,0.06746413,2.32237984,1
1506959081,22662194,0.06746416,5.96257924,0
1506959080,22662193,0.06763105,2.96000000,1
1506959080,22662192,0.06763105,0.50000000,0
1506959080,22662191,0.06772103,20.33500000,1
1506959078,22662190,0.06773900,0.50000000,1
1506958975,22662093,0.06777757,0.30042000,0
1506958707,22661945,0.06773977,0.08982522,1
1506958706,22661943,0.06765800,0.50000000,0
1506958705,22661942,0.06763100,0.50000000,0
1506958659,22661921,0.06749240,4.00000000,1
1506958459,22661813,0.06753206,1.00000000,1
1506958325,22661693,0.06768864,3.42711800,1
1506958324,22661692,0.06760000,0.00636200,0
1506958324,22661691,0.06759500,0.50000000,1
1506958322,22661686,0.06756300,0.50000000,0
1506957989,22661520,0.06745291,5.00042884,1
1506957490,22661317,0.06760000,0.99763800,0
1506957477,22661309,0.06760000,5.05336231,0
1506957342,22661273,0.06760000,3.33703400,0
1506957082,22661203,0.06760000,3.95048200,0
1506957066,22661199,0.06760000,2.28200600,0
1506957040,22661193,0.06760000,1.65198500,0
1506956944,22661119,0.06760000,0.67000000,0
1506956939,22661118,0.06750648,3.00000000,1
1506956849,22661083,0.06760000,0.28819700,0
1506956829,22661068,0.06760000,1.74969500,0
1506956829,22661067,0.06759200,0.50000000,0
1506956826,22661062,0.06760000,10.73196400,0
1506956826,22661060,0.06759900,2.00000000,0
1506956826,22661059,0.06758900,0.50000000,0
1506956825,22661058,0.06750600,0.50000000,0
1506956802,22661053,0.06747055,0.30000000,1
1506956795,22661051,0.06750600,0.50000000,0
1506956778,22661043,0.06749900,2.00000000,0
1506956743,22661013,0.06759997,3.44568300,0
1506956734,22661011,0.06754000,0.10000000,0
1506956718,22661006,0.06754000,0.90000000,0
1506956718,22661005,0.06753399,0.86774000,0
1506956718,22661004,0.06752100,0.10000000,0
1506956713,22661000,0.06752100,1.00000000,0
1506956713,22660999,0.06752100,1.00856600,0
1506956712,22660998,0.06752100,7.86357900,0
1506956712,22660996,0.06750000,5.00000000,0
1506956679,22660946,0.06747500,1.00000000,1
1506956676,22660945,0.06752100,6.79785500,0
1506956676,22660944,0.06750000,2.66860400,0
1506956636,22660887,0.06750000,0.33139600,0
1506956520,22660843,0.06752097,0.23701300,0
1506956459,22660795,0.06753399,0.13226000,0
1506956416,22660778,0.06752179,2.95000000,0
1506956219,22660637,0.06741655,4.97000000,1
1506956056,22660544,0.06753998,1.00000000,0
1506955892,22660466,0.06753999,2.35987100,0
1506955771,22660411,0.06741247,0.09699975,1
1506955645,22660360,0.06754000,1.00000000,0
1506955545,22660298,0.06740882,4.08316579,1
1506955466,22660264,0.06754000,0.25405300,0
1506955466,22660263,0.06749747,0.73636000,0
1506955417,22660250,0.06749747,1.26364000,0
1506955416,22660249,0.06749736,0.41386000,0
1506955416,22660248,0.06749700,1.00000000,0
1506955416,22660247,0.06749000,0.33000000,0
1506955336,22660220,0.06749699,1.16691800,0
1506955309,22660206,0.06749736,0.58614000,0
1506955166,22660140,0.06749736,0.14865136,1
1506955099,22660106,0.06753704,0.14865136,1
1506955087,22660096,0.06753700,0.26082900,1
1506954963,22659992,0.06764200,1.50000000,1
1506954962,22659991,0.06764200,0.50000000,0
1506954931,22659984,0.06745515,2.00000000,1
1506954920,22659971,0.06764700,0.50000000,0
1506954920,22659970,0.06762300,0.50000000,0
1506954804,22659863,0.06751500,0.19005261,1
1506954772,22659847,0.06762453,3.92015016,0
1506954761,22659844,0.06762464,2.95000000,0
1506954752,22659838,0.06761200,0.50000000,0
1506954739,22659825,0.06742512,4.00000000,1
1506954739,22659824,0.06742512,54.00000000,1
1506954739,22659823,0.06744300,0.50000000,0
1506954737,22659820,0.06748600,0.50000000,1
1506954720,22659798,0.06755046,0.78477083,1
1506954640,22659752,0.06757300,0.50000000,1
1506954640,22659751,0.06757500,0.50000000,1
1506954640,22659750,0.06761000,0.33000000,1
1506954506,22659570,0.06764100,0.17672264,1
1506954422,22659528,0.06778806,2.20000000,0
1506954243,22659443,0.06774697,0.16818670,0
1506954241,22659442,0.06761658,2.88534047,1
1506954241,22659441,0.06761659,0.11365953,1
1506953975,22659288,0.06775176,21.87286795,0
1506953974,22659287,0.06761652,1.00000000,1
1506953643,22659143,0.06777757,0.19041300,1
1506953580,22659101,0.06777812,0.20441200,0
1506953523,22659076,0.06777899,0.50000000,1
1506953521,22659075,0.06777000,0.50000000,0
1506953476,22659028,0.06768598,0.38770215,0
1506953476,22659027,0.06768597,0.11370785,0
1506953466,22659020,0.06770186,1.27020000,1
1506953466,22659016,0.06768600,0.50000000,0
1506953447,22659013,0.06749101,27.08106613,1
1506953447,22659012,0.06760000,0.50000000,1
1506953447,22659011,0.06760000,0.50000000,1
1506953447,22659010,0.06760100,2.95000000,1
1506953447,22659009,0.06762002,0.11370785,1
1506953366,22658963,0.06768497,0.90000000,1
1506953356,22658952,0.06768498,2.95000000,1
1506953249,22658889,0.06781459,1.11790796,1
1506953102,22658769,0.06781999,2.40022936,1
1506953102,22658767,0.06780900,0.50000000,0
1506953100,22658764,0.06777576,0.09977064,0
1506952780,22658371,0.06768497,0.20000000,1
1506951751,22657983,0.06779954,2.31380448,1
1506951751,22657982,0.06763200,0.50000000,0
1506951750,22657981,0.06761700,0.50000000,0
1506951748,22657980,0.06760657,0.32162000,0
1506951654,22657938,0.06760672,0.12178000,0
1506951583,22657905,0.06758100,0.10180700,0
1506951566,22657890,0.06743046,10.00000000,1
1506951423,22657827,0.06746375,1.18529310,1
1506951423,22657826,0.06746375,0.44340000,1
1506951423,22657825,0.06746400,0.50000000,1
1506951422,22657824,0.06746403,1.54130690,1
1506951219,22657693,0.06761770,0.50000000,0
1506951217,22657690,0.06761770,0.50000000,0
1506951216,22657689,0.06761770,0.50000000,0
1506951214,22657688,0.06761770,0.50000000,0
1506951212,22657687,0.06761770,0.40114315,0
1506951212,22657686,0.06761770,0.09885685,0
1506951209,22657685,0.06761771,0.50000000,0
1506951191,22657679,0.06761776,0.20000000,0
1506951172,22657670,0.06761777,0.20000000,0
1506951027,22657616,0.06750607,0.09885685,1
1506950971,22657599,0.06767363,0.20000000,0
1506950913,22657555,0.06767388,0.20000000,0
1506950849,22657498,0.06764851,1.46554487,1
1506950585,22657302,0.06768054,2.00000000,1
1506950336,22657176,0.06768024,0.20698801,1
1506950259,22657139,0.06759108,0.38812392,1
1506950259,22657137,0.06765100,0.50000000,1
1506950259,22657135,0.06768000,0.11576422,1
1506950259,22657134,0.06768020,2.95000000,1
1506950149,22657097,0.06781593,1.08000000,0
1506950130,22657088,0.06777228,2.95000000,0
1506950110,22657075,0.06777228,2.95000000,0
1506950065,22657026,0.06768001,2.09861886,0
1506950064,22657025,0.06770000,6.31162660,0
1506950049,22657013,0.06770000,3.24759300,0
1506950044,22657009,0.06770000,2.00000000,0
1506950041,22657005,0.06770000,66.31628179,0
1506950041,22657004,0.06769999,11.55921921,0
1506949733,22656862,0.06770000,1.97138000,0
1506949725,22656858,0.06769998,0.11418815,1
1506949689,22656822,0.06768000,0.07423578,1
1506949689,22656821,0.06768001,0.25676422,1
1506949409,22656735,0.06781036,0.44130690,0
1506949060,22656479,0.06770000,0.19779304,1
1506949059,22656478,0.06770000,0.19779365,1
1506948873,22656361,0.06774500,0.49999972,1
1506948873,22656360,0.06776300,0.50000000,1
1506948873,22656359,0.06776301,0.11215028,1
1506948859,22656353,0.06777770,0.44579140,1
1506948847,22656350,0.06777771,0.22361643,1
1506948835,22656343,0.06777770,1.44279281,1
1506948835,22656342,0.06778200,0.50000000,1
1506948834,22656341,0.06778201,0.44579119,1
1506948814,22656322,0.06777770,0.44995400,1
1506948814,22656321,0.06780200,0.50000000,1
1506948806,22656318,0.06777770,4.11137191,1
1506948806,22656317,0.06779585,0.88858409,1
1506948805,22656316,0.06781000,0.50000000,1
1506948763,22656297,0.06782700,0.50000000,1
1506948741,22656280,0.06777770,4.50000000,1
1506948741,22656279,0.06783800,0.50000000,1
1506948702,22656250,0.06777770,4.38863200,1
1506948702,22656249,0.06777900,0.50000000,1
1506948702,22656248,0.06785400,0.50000000,1
1506948553,22656127,0.06788502,2.95000000,1
1506948512,22656108,0.06803209,15.53795466,0
1506948228,22655974,0.06790702,1.19327500,1
1506948198,22655968,0.06790702,0.25075200,1
1506948171,22655944,0.06790100,0.50000000,1
1506948171,22655943,0.06790700,0.50000000,1
1506948153,22655928,0.06798034,0.07336724,0
1506948105,22655869,0.06787001,0.11418815,1
1506948101,22655859,0.06787000,0.04058298,1
1506948101,22655857,0.06787000,0.91788707,1
1506948095,22655839,0.06787000,1.53211293,1
1506948095,22655838,0.06787000,0.50000000,1
1506948093,22655830,0.06777770,0.75933300,1
1506948086,22655820,0.06777771,3.31804009,1
1506948086,22655819,0.06777771,0.24089654,1
1506948067,22655797,0.06777770,2.13148488,1
1506948067,22655796,0.06777786,0.48024352,1
1506948067,22655795,0.06777789,3.89112060,1
1506948032,22655739,0.06782000,0.21616986,0
1506948027,22655719,0.06782400,0.50000000,0
1506947973,22655649,0.06780106,0.15928200,1
1506947946,22655608,0.06784201,0.20000000,1
1506947817,22655347,0.06777800,0.00048557,1
1506947817,22655345,0.06783326,0.69351043,1
1506947813,22655338,0.06783325,0.15000000,0
1506947807,22655317,0.06777770,0.91564000,1
1506947806,22655316,0.06782100,0.49965000,1
1506947805,22655312,0.06782100,0.00035000,1
1506947805,22655311,0.06783800,0.50000000,1
1506947800,22655298,0.06786545,0.92044300,1
1506947800,22655297,0.06787000,0.33100000,1
1506947786,22655284,0.06791101,0.30793100,1
1506947784,22655280,0.06791101,0.65190600,1
1506947784,22655277,0.06791100,0.19196300,1
1506947775,22655273,0.06791101,0.30817100,1
1506947770,22655270,0.06784700,0.00035000,1
1506947769,22655269,0.06792400,0.50000000,1
1506947665,22655109,0.06789885,4.05040260,0
1506947501,22654997,0.06792550,1.26000000,1
1506947499,22654996,0.06788800,0.50000000,0
1506947348,22654877,0.06781401,0.93846400,0
1506947341,22654869,0.06793179,9.67840000,1
1506947341,22654868,0.06793179,2.95000000,0
1506947223,22654794,0.06795693,1.00000000,0
1506947146,22654724,0.06797522,4.58216347,1
1506947146,22654723,0.06789400,2.95000000,0
1506947144,22654722,0.06789000,0.50000000,0
1506947128,22654719,0.06791287,0.58876204,0
1506947126,22654718,0.06791286,0.43940000,0
1506947033,22654643,0.06788000,0.20000000,0
1506947023,22654631,0.06786601,0.50000000,0
1506947000,22654588,0.06786625,5.88539000,1
1506946943,22654560,0.06786603,0.34700000,1
1506946927,22654545,0.06786601,0.50000000,1
1506946901,22654519,0.06792119,6.11784767,1
1506946901,22654518,0.06792125,8.62633233,1
1506946811,22654475,0.06791999,0.27141203,1
1506946692,22654389,0.06797000,0.20000000,1
1506946679,22654384,0.06796677,0.11505609,1
1506946666,22654376,0.06796909,0.20000000,1
1506946584,22654315,0.06796887,0.20000000,1
1506946549,22654282,0.06796863,0.20000000,1
1506946525,22654263,0.06796842,0.10000000,1
1506946468,22654131,0.06797844,0.24015000,0
1506946467,22654130,0.06797853,2.95000000,1
1506946409,22654060,0.06812757,0.60355477,1
1506946407,22654059,0.06809500,0.50000000,0
1506946155,22653930,0.06816051,1.08248822,0
1506946138,22653926,0.06798826,0.20000000,1
1506946073,22653891,0.06801289,0.42300000,1
1506945715,22653618,0.06811016,0.51497052,0
1506945712,22653614,0.06806703,0.50000000,0
1506945712,22653613,0.06810000,0.50000000,1
1506945711,22653611,0.06806703,0.43940000,0
1506945562,22653480,0.06817914,0.20000000,1
1506945543,22653467,0.06817910,0.20000000,1
1506945530,22653462,0.06817907,0.20000000,1
1506945471,22653409,0.06817905,0.20000000,1
1506945456,22653399,0.06817903,0.20000000,1
1506945300,22653259,0.06817900,0.49473654,0
1506945122,22653129,0.06818200,0.31717799,0
1506945122,22653128,0.06818199,0.18282201,0
1506945120,22653126,0.06817900,0.50000000,0
1506945069,22653084,0.06799647,0.23914560,1
1506944787,22652874,0.06799500,0.20000000,1
1506944764,22652860,0.06799500,0.32400000,1
1506944732,22652813,0.06799500,0.34748050,1
1506944668,22652698,0.06809004,1.31787500,1
1506944668,22652697,0.06812000,0.41125000,1
1506944665,22652696,0.06809007,0.08875000,0
1506944653,22652692,0.06825323,0.02340937,0
1506944653,22652691,0.06823600,0.50000000,0
1506944648,22652688,0.06821996,2.74000000,1
1506944644,22652682,0.06821998,1.00000000,0
1506944639,22652679,0.06800600,0.17815005,1
1506944638,22652676,0.06800600,2.77184995,1
1506944631,22652668,0.06805000,0.38729000,0
1506944630,22652666,0.06800600,0.50000000,1
1506944627,22652663,0.06805000,2.71271000,0
1506944626,22652662,0.06800603,0.50000000,1
1506944624,22652656,0.06807100,0.50000000,1
1506944599,22652621,0.06803607,0.90072709,1
1506944597,22652617,0.06803604,0.18282201,1
1506944566,22652584,0.06801911,0.83038657,1
1506944527,22652532,0.06816000,1.00000000,0
1506944527,22652530,0.06807300,0.50000000,0
1506944527,22652529,0.06805300,0.50000000,0
1506944525,22652527,0.06807200,0.50000000,0
1506944524,22652525,0.06806500,0.50000000,0
1506944519,22652516,0.06787203,0.12000000,1
1506944510,22652510,0.06802697,1.53567400,0
1506944504,22652508,0.06800000,1.00000000,0
1506944389,22652442,0.06789000,0.08477345,1
1506944369,22652434,0.06792700,0.50000000,1
1506944362,22652427,0.06790400,0.50000000,1
1506944350,22652393,0.06789800,0.50000000,1
1506944020,22652208,0.06783260,0.50000000,0
1506944016,22652206,0.06783263,0.20000000,0
1506943981,22652196,0.06783309,0.20000000,0
1506943768,22652063,0.06783651,0.02209975,0
1506943766,22652058,0.06780000,0.86063722,0
1506943602,22651959,0.06779997,4.26662136,0
1506943196,22651783,0.06779171,3.45820086,0
1506943081,22651705,0.06779361,1.73606000,0
1506942842,22651515,0.06779770,1.00000000,0
1506942379,22651345,0.06780000,1.10000000,1
1506942078,22651235,0.06781934,0.87848055,0
1506942049,22651226,0.06777647,2.95000000,1
1506941854,22651037,0.06772500,0.50000000,0
1506941854,22651036,0.06770700,0.50000000,0
1506941854,22651035,0.06769600,2.95000000,0
1506941724,22650966,0.06754701,0.50000000,1
1506941723,22650965,0.06755100,0.50000000,1
1506941638,22650934,0.06767799,2.94999975,0
1506941638,22650933,0.06762813,0.28627525,0
1506941575,22650913,0.06762813,0.44590740,0
1506941444,22650840,0.06762846,0.50000000,0
1506941444,22650839,0.06759200,0.50000000,0
1506941444,22650838,0.06759190,0.22090000,0
1506941429,22650834,0.06756600,0.48450258,0
1506941321,22650758,0.06760600,0.50000000,0
1506941321,22650755,0.06752200,0.50000000,0
1506941303,22650731,0.06749944,0.50303244,1
1506941269,22650698,0.06749944,0.43526797,1
1506941268,22650697,0.06749950,0.22090000,1
1506941265,22650685,0.06749944,1.22589485,1
1506941263,22650680,0.06749939,31.84075000,0
1506941263,22650678,0.06749943,2.95000000,1
1506941259,22650666,0.06749943,0.30681872,1
1506941257,22650653,0.06754141,0.97328051,1
1506941165,22650574,0.06754140,0.58813000,1
1506941008,22650456,0.06754098,1.33940782,1
1506941008,22650455,0.06754101,6.50554218,1
1506940983,22650435,0.06754036,6.51220000,1
1506940900,22650390,0.06762000,0.50000000,0
1506940875,22650375,0.06758000,0.50000000,0
1506940653,22650279,0.06753763,1.28702000,0
1506940574,22650243,0.06770535,7.79256218,0
1506940398,22650166,0.06769200,0.43956800,0
1506940391,22650160,0.06768900,0.14810000,0
1506940385,22650158,0.06768900,2.80190000,0
1506940385,22650157,0.06768700,0.50000000,0
1506940380,22650152,0.06767990,0.14810000,0
1506940376,22650149,0.06768200,0.50000000,0
1506940376,22650148,0.06768000,0.33200000,0
1506940157,22650048,0.06762400,0.20000000,0
1506940062,22649937,0.06747157,7.58170000,1
1506940062,22649936,0.06747158,2.95000000,1
1506940060,22649935,0.06747230,0.12650000,1
1506939983,22649903,0.06758180,0.10000000,0
1506939976,22649900,0.06758190,0.10000000,0
1506939973,22649898,0.06758200,0.10000000,0
1506939970,22649897,0.06758200,0.10000000,0
1506939863,22649785,0.06746801,3.35573020,1
1506939863,22649784,0.06747116,2.95000000,1
1506939863,22649783,0.06747119,8.37421980,1
1506939543,22649587,0.06753530,0.26168121,1
1506939520,22649574,0.06753500,0.50000000,0
1506939508,22649573,0.06747079,3.34000000,1
1506939358,22649471,0.06745478,0.14845000,1
1506939285,22649396,0.06745410,0.14544372,1
1506939270,22649382,0.06745401,10.07907632,1
1506939270,22649381,0.06745500,0.50000000,1
1506939270,22649380,0.06749014,2.07231088,1
1506939270,22649379,0.06749030,0.22160000,1
1506939266,22649369,0.06749833,1.96312963,1
1506939252,22649361,0.06749800,0.27198000,1
1506939252,22649360,0.06751000,0.33200000,1
1506939231,22649344,0.06765852,1.47432459,0
1506938964,22649204,0.06760498,0.50000000,0
1506938961,22649201,0.06799982,15.50182382,1
1506938960,22649200,0.06792273,0.20000000,0
1506938960,22649199,0.06760300,0.50000000,0
1506938958,22649196,0.06759980,14.23292436,1
1506938958,22649195,0.06759980,0.22180000,0
1506938755,22649051,0.06745013,3.02200000,1
1506938755,22649050,0.06750500,0.50000000,1
1506938753,22649049,0.06750700,0.50000000,1
1506938693,22649016,0.06772170,1.01659931,0
1506938692,22649015,0.06761486,0.53340069,0
1506938692,22649014,0.06760596,2.95000000,0
1506938692,22649013,0.06759700,0.50000000,0
1506938673,22649001,0.06747005,61.12773308,1
1506938673,22649000,0.06747005,14.67300000,1
1506938673,22648999,0.06747006,2.78046608,1
1506938673,22648998,0.06747006,1.19700084,1
1506938672,22648997,0.06747020,0.22180000,1
1506938606,22648972,0.06744034,1.25661000,1
1506938606,22648971,0.06752500,0.50000000,1
1506938606,22648970,0.06752600,0.50000000,1
1506938522,22648918,0.06762700,0.50000000,0
1506938520,22648917,0.06762200,0.50000000,0
1506938431,22648864,0.06755417,0.84667008,0
1506938431,22648863,0.06755417,0.67901092,0
1506938309,22648677,0.06740235,35.42131000,1
1506938228,22648631,0.06755575,1.56000000,0
1506938228,22648630,0.06755574,2.95000000,0
1506938133,22648573,0.06755663,0.18855000,0
1506938010,22648467,0.06740215,3.68737114,1
1506938010,22648466,0.06740400,0.50000000,1
1506938010,22648465,0.06740806,5.39575886,1
1506937918,22648398,0.06754334,1.68195991,0
1506937918,22648397,0.06754334,3.31804009,0
1506937876,22648374,0.06754355,0.37000000,0
1506937846,22648356,0.06754375,1.19404100,0
1506937830,22648341,0.06754388,1.79901400,1
1506937830,22648340,0.06754380,0.22140000,0
1506937830,22648339,0.06754381,4.51666400,1
1506937829,22648338,0.06753900,0.50000000,0
1506937715,22648269,0.06741052,59.29878000,1
1506937713,22648267,0.06741055,1.65790514,1
1506937588,22648092,0.06741036,18.74122043,1
1506937588,22648091,0.06741037,2.43834957,1
1506937564,22647986,0.06741012,0.30435000,1
1506937514,22647877,0.06743034,0.96356000,1
1506937500,22647795,0.06757449,1.00000000,0
1506937474,22647779,0.06743014,2.70000000,1
1506937417,22647715,0.06743001,14.34842000,1
1506937417,22647714,0.06743300,0.50000000,1
1506937323,22647491,0.06754800,0.10000000,0
1506937320,22647480,0.06752100,0.17000000,0
1506937317,22647466,0.06752100,0.33000000,0
1506937315,22647424,0.06749994,0.16700000,0
1506937314,22647422,0.06749000,0.33300000,0
1506937309,22647384,0.06750000,0.22140000,0
1506937309,22647380,0.06750000,3.61027950,0
1506937308,22647374,0.06750000,11.73812638,1
1506937307,22647369,0.06750000,3.26187362,1
1506937307,22647366,0.06750000,0.15000000,1
1506937306,22647364,0.06750000,0.70000000,1
1506937306,22647362,0.06750000,1.00000000,1
1506937306,22647360,0.06750001,11.01990239,1
1506937306,22647359,0.06750030,3.61026399,1
1506937306,22647357,0.06754400,0.50000000,1
1506937306,22647355,0.06757000,0.50000000,1
1506937306,22647354,0.06757000,0.33300000,1
1506937141,22647135,0.06768494,1.00000000,0
1506937100,22647119,0.06754002,0.50000000,1
1506937043,22647097,0.06755000,0.15996375,1
1506937033,22647088,0.06753123,1.43000000,0
1506937033,22647085,0.06755500,0.50000000,1
1506937032,22647084,0.06758000,3.00000000,1
1506936831,22646898,0.06769000,0.04745112,0
1506936831,22646897,0.06768980,0.22110000,0
1506936809,22646876,0.06761000,0.21990400,1
1506936391,22646408,0.06767000,1.97030000,1
1506936321,22646320,0.06765024,1.96962000,1
1506936200,22646215,0.06764001,0.14802000,1
1506936152,22646146,0.06767000,3.00000000,1
1506936152,22646145,0.06770000,1.02364194,1
1506936151,22646144,0.06770000,3.00000000,1
1506936123,22646062,0.06770000,0.97635806,1
1506936120,22646059,0.06770135,2.93000000,1
1506936120,22646057,0.06770150,0.22110000,1
1506936058,22645986,0.06770131,0.81094600,1
1506936058,22645985,0.06770134,1.62882400,1
1506936011,22645912,0.06785900,0.01487952,1
1506936009,22645909,0.06780600,0.50000000,0
1506935880,22645857,0.06780897,0.62882400,0
1506935825,22645844,0.06784760,0.91217124,0
1506935825,22645842,0.06784759,2.99891624,1
1506935823,22645841,0.06778800,0.50000000,0
1506935638,22645775,0.06776045,0.20000000,0
1506935220,22645523,0.06772096,3.00000000,0
1506935201,22645521,0.06766000,2.09990300,1
1506935164,22645504,0.06764001,3.00000000,1
1506935135,22645495,0.06768000,0.50000000,1
1506934920,22645434,0.06774969,1.00000000,0
1506934793,22645365,0.06768000,1.75270400,1
1506934792,22645360,0.06761100,0.21990400,0
1506934787,22645358,0.06766000,3.00000000,1
1506934787,22645357,0.06766600,2.31385600,1
1506934768,22645344,0.06766600,1.28646400,1
1506934763,22645343,0.06766600,1.39968000,1
1506934570,22645273,0.06773000,2.93000000,1
1506934559,22645269,0.06773000,0.07000000,1
1506934558,22645268,0.06772598,2.93000000,0
1506934431,22645154,0.06764000,3.00000000,1
1506934413,22645135,0.06770000,3.00000000,1
1506934375,22645076,0.06770003,2.93000000,1
1506934113,22644930,0.06777787,0.42400556,0
1506934113,22644929,0.06777780,0.22000000,0
1506934113,22644928,0.06777000,0.33200000,0
1506933984,22644860,0.06778200,0.53015446,0
1506933984,22644858,0.06778100,0.50000000,0
1506933640,22644702,0.06755001,0.02194711,1
1506933640,22644701,0.06778974,2.93000000,1
1506933640,22644700,0.06781200,0.50000000,1
1506933640,22644699,0.06783000,0.50000000,1
1506933640,22644698,0.06783907,3.88395853,1
1506933640,22644697,0.06783920,0.22000000,1
1506933639,22644696,0.06783923,12.73239436,1
1506933618,22644690,0.06783903,1.26425000,1
1506933604,22644682,0.06818560,0.79397908,0
1506933603,22644681,0.06816595,0.20000000,0
1506933602,22644677,0.06794900,0.50000000,0
1506933447,22644639,0.06778914,2.93000000,1
1506933345,22644606,0.06784603,0.23628000,1
1506933312,22644588,0.06803000,2.17937351,0
1506933264,22644559,0.06796800,0.50000000,1
1506933257,22644556,0.06787000,0.33200000,1
1506933257,22644555,0.06799900,0.50000000,1
1506933250,22644553,0.06831762,2.99148316,0
1506933250,22644552,0.06827504,0.50000000,0
1506933250,22644551,0.06827503,0.83248308,0
1506933250,22644550,0.06827503,2.93000000,1
1506933250,22644549,0.06827503,0.50000000,1
1506933249,22644548,0.06816595,0.20000000,0
1506933249,22644547,0.06816450,5.00000000,1
1506933249,22644546,0.06804000,0.33100000,0
1506933248,22644545,0.06790000,0.50000000,0
1506933248,22644544,0.06788200,0.50000000,0
1506933247,22644543,0.06785687,2.93000000,1
1506933247,22644542,0.06785684,9.46699393,1
1506933247,22644541,0.06785684,3.31803983,0
1506933246,22644540,0.06785684,2.93000000,0
1506933199,22644520,0.06785697,4.36593043,0
1506932993,22644431,0.06769000,0.07500000,1
1506932654,22644326,0.06771606,2.69232000,0
1506932652,22644325,0.06773000,3.00000000,1
1506932651,22644324,0.06773300,0.50000000,1
1506932468,22644243,0.06775800,0.00035000,1
1506932468,22644242,0.06777800,0.50000000,1
1506932418,22644221,0.06791013,0.40000000,0
1506932417,22644219,0.06774700,0.19926000,0
1506932379,22644193,0.06774200,0.00035000,1
1506932378,22644192,0.06778100,0.50000000,1
1506932227,22644148,0.06779200,0.50000000,1
1506932183,22644139,0.06794490,0.88086626,0
1506931944,22644041,0.06780011,2.00000000,1
1506931920,22644034,0.06794653,2.00000000,0
1506931905,22644014,0.06794676,12.69700630,1
1506931905,22644013,0.06794676,0.50000000,1
1506931903,22644012,0.06789200,0.50000000,0
1506931862,22643965,0.06780618,10.54252315,1
1506931862,22643964,0.06780619,3.52295191,1
1506931861,22643963,0.06784000,3.00000000,1
1506931861,22643962,0.06784003,10.95013494,1
1506931773,22643921,0.06788043,2.93000000,1
1506931758,22643914,0.06786900,0.50000000,0
1506931757,22643913,0.06787000,0.33100000,1
1506931757,22643912,0.06788029,2.93000000,1
1506931635,22643839,0.06799704,0.43000000,0
1506931561,22643796,0.06799776,1.57271107,1
1506931383,22643736,0.06831762,36.42823101,0
1506931383,22643735,0.06830000,10.00000000,0
1506931382,22643734,0.06829835,0.13000000,0
1506931382,22643733,0.06828000,1.74500000,0
1506931382,22643732,0.06827356,0.20000000,0
1506931382,22643731,0.06827354,29.50756899,0
1506931382,22643730,0.06800400,0.50000000,0
1506931382,22643729,0.06795794,2.93000000,0
1506931381,22643728,0.06795793,18.33900000,0
1506931381,22643727,0.06795790,0.22020000,0
1506931367,22643726,0.06785903,0.20000000,0
1506931358,22643724,0.06785906,3.86418743,1
1506931322,22643714,0.06801787,3.52372000,0
1506931221,22643674,0.06789015,0.67373119,1
1506931221,22643673,0.06795000,0.20000000,1
1506930772,22643477,0.06789004,0.71064700,1
1506930771,22643476,0.06787036,1.37776000,1
1506930771,22643475,0.06792300,0.50000000,1
1506930771,22643474,0.06792500,0.50000000,1
1506930771,22643473,0.06792520,0.22020000,1
1506930737,22643457,0.06802100,0.50000000,1
1506930736,22643456,0.06801500,0.50000000,0
1506930715,22643443,0.06785773,4.00000000,1
1506930661,22643422,0.06800293,1.00000000,0
1506930245,22643200,0.06783365,0.00000005,0
1506930222,22643188,0.06783365,2.14479200,0
1506930208,22643169,0.06783365,0.50000000,0
1506929987,22643025,0.06783364,10.66851756,1
1506929986,22643023,0.06779000,0.50000000,0
1506929986,22643022,0.06777900,0.50000000,0
1506929984,22643019,0.06772029,3.11286287,0
1506929661,22642834,0.06772114,1.11503173,0
1506929606,22642818,0.06759000,1.11100000,1
1506929606,22642817,0.06761000,3.00000000,1
1506929567,22642778,0.06760000,1.78606864,0
1506929565,22642776,0.06760000,0.10000000,0
1506929560,22642771,0.06760000,3.00000000,1
1506929541,22642746,0.06762000,1.28298300,1
1506929413,22642659,0.06761000,0.49999955,0
1506929350,22642605,0.06760001,0.33300000,1
1506929347,22642603,0.06761000,0.00000045,1
1506929226,22642556,0.06766999,0.11615696,0
1506929077,22642502,0.06761000,1.01174200,1
1506929076,22642501,0.06762000,3.00000000,1
1506929068,22642492,0.06761000,0.00058284,1
1506929068,22642491,0.06764000,0.83273716,1
1506929038,22642458,0.06764000,0.91975028,1
1506929011,22642447,0.06764000,1.24751256,1
1506928943,22642414,0.06763000,0.16537161,1
1506928808,22642362,0.06763000,0.52528044,1
1506928659,22642278,0.06761000,0.34012087,1
1506928658,22642277,0.06762000,2.60000000,1
1506928621,22642246,0.06768609,0.08902000,0
1506928607,22642227,0.06762000,0.40000000,1
1506928521,22642160,0.06763000,0.70931000,1
1506928264,22642023,0.06768000,1.46176700,1
1506928252,22642012,0.06768000,1.53823300,1
1506928249,22642010,0.06769108,1.69956293,1
1506928221,22641995,0.06769101,1.44692187,0
1506928203,22641976,0.06783365,0.35520795,0
1506928183,22641945,0.06779384,1.66739601,0
1506928173,22641915,0.06779384,0.20000000,0
1506927662,22641526,0.06767023,0.27130187,1
1506927636,22641516,0.06768000,0.33300000,1
1506927107,22641333,0.06783700,0.50000000,0
1506927107,22641332,0.06779600,2.93000000,0
1506926976,22641234,0.06779600,0.05077497,0
1506926976,22641233,0.06779600,2.93000000,0
1506926974,22641232,0.06774002,0.10911834,0
1506926944,22641201,0.06774002,0.50000000,0
1506926916,22641182,0.06774002,0.50220200,0
1506926904,22641179,0.06774002,0.66108700,0
1506926800,22641131,0.06774002,43.67226800,0
1506926799,22641130,0.06774002,6.78674700,0
1506926796,22641129,0.06774002,1.77240700,0
1506926785,22641127,0.06774002,1.30077000,0
1506926776,22641125,0.06774002,0.26602130,0
1506926774,22641122,0.06774002,0.26885617,0
1506926771,22641121,0.06774002,0.26885617,0
1506926766,22641106,0.06774002,0.26584987,0
1506926764,22641103,0.06774002,0.26885617,0
1506926762,22641100,0.06774002,0.26885617,0
1506926761,22641099,0.06774002,1.00000000,0
1506926698,22641076,0.06774002,0.45317600,0
1506926686,22641070,0.06774002,0.57585400,0
1506926685,22641069,0.06774002,0.72620000,0
1506926677,22641066,0.06774002,0.51876200,0
1506926667,22641064,0.06774002,0.50000000,0
1506926623,22641044,0.06774002,5.27270800,0
1506926622,22641041,0.06774002,40.09384864,0
1506926622,22641039,0.06773897,14.23292436,0
1506926621,22641038,0.06774001,2.01776241,0
1506926621,22641037,0.06773900,0.22030000,0
1506926619,22641034,0.06774002,62.03300000,0
1506926618,22641033,0.06774003,58.98700000,1
1506926618,22641032,0.06774004,1.79681181,1
1506926562,22640997,0.06782603,14.23292436,1
1506926562,22640996,0.06790294,6.55586464,1
1506926547,22640977,0.06790294,7.44239500,1
1506926528,22640957,0.06790294,0.08503600,1
1506926507,22640946,0.06790294,1.05232200,1
1506926381,22640863,0.06790294,0.13145800,1
1506926368,22640860,0.06790400,0.22030000,1
1506926347,22640850,0.06790000,0.50000000,0
1506926346,22640849,0.06789997,14.23292436,0
1506926250,22640785,0.06786000,0.17816948,0
1506926250,22640784,0.06785000,0.07842468,0
1506926236,22640778,0.06784000,0.25457532,0
1506925721,22640580,0.06778000,3.00000000,1
1506925711,22640578,0.06762903,22.15063129,1
1506925711,22640577,0.06763400,0.50000000,0
1506925710,22640576,0.06768400,0.50000000,1
1506925710,22640575,0.06769020,2.93000000,1
1506925709,22640573,0.06771000,3.00000000,1
1506925228,22640394,0.06769000,1.47490200,1
1506925175,22640377,0.06769000,1.48697300,1
1506925063,22640344,0.06761000,3.15755384,0
1506925062,22640343,0.06761000,2.05556216,0
1506925057,22640340,0.06763000,0.44888400,1
1506925057,22640339,0.06764000,0.33300000,1
1506925051,22640337,0.06761001,2.55111600,0
1506925051,22640336,0.06761001,14.86080400,0
1506925049,22640318,0.06774000,0.50000000,0
1506925002,22640290,0.06759106,66.24886122,0
1506925002,22640289,0.06764100,0.50000000,1
1506925001,22640288,0.06767000,3.00000000,1
1506924779,22640209,0.06769000,3.00000000,1
1506924700,22640198,0.06766017,0.65257640,0
1506924700,22640197,0.06766017,1.69242360,1
1506924348,22640093,0.06764000,0.22090000,1
1506924338,22640087,0.06774997,0.41061760,0
1506924170,22640046,0.06767000,0.21092800,1
1506924139,22640031,0.06777697,1.28180600,0
1506924129,22640028,0.06766000,0.65655000,1
1506924016,22639985,0.06766000,3.00000000,1
1506924015,22639984,0.06769600,0.50000000,1
1506924008,22639983,0.06766001,0.11334176,1
1506923958,22639967,0.06767000,2.42999953,1
1506923958,22639966,0.06768000,0.22090000,1
1506923935,22639958,0.06767000,0.05855700,1
1506923935,22639957,0.06767001,2.93000000,1
1506923912,22639938,0.06767000,0.11334176,1
1506923909,22639937,0.06767000,0.27059071,1
1506923796,22639896,0.06767000,0.12751100,1
1506923780,22639890,0.06768000,3.00000000,1
1506923698,22639879,0.06766200,0.30000000,1
1506923478,22639763,0.06767000,3.00000000,1
1506923448,22639751,0.06767000,3.00000000,1
1506923205,22639684,0.06786900,0.26837181,0
1506923202,22639683,0.06788000,0.04797223,0
1506923201,22639682,0.06784000,0.22050000,0
1506923168,22639673,0.06785088,0.26883006,0
1506923104,22639642,0.06780000,0.17050000,1
1506923057,22639610,0.06780000,0.22000000,1
1506923056,22639609,0.06780000,2.60950000,1
1506923055,22639608,0.06780000,0.10000000,1
1506923055,22639607,0.06781000,0.22050000,1
1506923024,22639598,0.06784000,3.00000000,1
1506923015,22639597,0.06782100,0.50000000,1
1506923015,22639596,0.06785000,3.00000000,1
1506922896,22639522,0.06812166,39.40241415,1
1506922896,22639521,0.06796100,0.50000000,1
1506922895,22639520,0.06795600,0.50000000,0
1506922895,22639519,0.06795046,3.31803983,0
1506922893,22639518,0.06794000,0.21990000,0
1506922272,22639257,0.06783012,0.05080811,1
1506922272,22639256,0.06784000,0.21990000,1
1506921669,22639117,0.06795010,13.85101440,0
1506921668,22639116,0.06795011,2.68611629,1
1506921061,22639006,0.06808299,0.48172900,0
1506920737,22638919,0.06795010,0.11253960,1
1506920611,22638897,0.06810000,0.82846367,1
1506919914,22638728,0.06810030,0.76775249,1
1506919855,22638714,0.06810030,0.81480971,1
1506919629,22638623,0.06805000,2.48168268,0
1506919628,22638622,0.06807033,2.97831732,1
1506919627,22638620,0.06809001,24.54000000,1
1506919362,22638560,0.06817099,0.50000100,0
1506919351,22638558,0.06816600,0.50000000,0
1506919086,22638488,0.06806600,0.26937000,0
1506919076,22638486,0.06800000,1.01321600,0
1506919061,22638484,0.06800000,1.00000000,0
1506919059,22638483,0.06800000,1.00000000,0
1506919045,22638481,0.06800000,0.49849600,0
1506919011,22638477,0.06800000,0.34213200,0
1506919003,22638476,0.06800000,2.38829400,0
1506919001,22638475,0.06800000,3.62573100,0
1506919000,22638474,0.06800000,1.13213100,0
1506918969,22638443,0.06794800,0.26937000,1
1506918964,22638441,0.06796206,0.26937000,1
1506918127,22638170,0.06815662,0.24456049,1
1506918126,22638169,0.06815662,0.26946000,1
1506918126,22638168,0.06815662,0.26946000,1
1506917646,22638052,0.06805001,0.26946000,1
1506917499,22638019,0.06820399,0.17541000,0
1506917371,22637955,0.06813994,4.03292400,0
1506916981,22637863,0.06814154,0.20000000,0
1506916934,22637854,0.06808000,10.00000000,1
1506916841,22637796,0.06808001,2.13220800,1
1506916622,22637753,0.06822496,0.31565900,1
1506915909,22637623,0.06814153,3.16813983,0
1506915007,22637433,0.06812085,10.00000000,0
1506915004,22637432,0.06812088,0.94474777,0
1506915003,22637431,0.06810800,2.88000000,1
1506915003,22637430,0.06810800,0.50000000,0
1506915003,22637429,0.06808300,0.50000000,1
1506915002,22637428,0.06806000,0.17525223,0
1506914603,22637360,0.06799000,0.15574777,0
1506914437,22637335,0.06799000,0.21950000,0
1506914387,22637329,0.06806500,0.50000000,1
1506914379,22637325,0.06807200,0.50000000,1
1506914379,22637324,0.06808000,0.21950000,1
1506914379,22637323,0.06812006,0.01367820,1
1506914366,22637321,0.06812006,1.22617400,1
1506914362,22637320,0.06812006,0.51376100,1
1506914336,22637316,0.06812006,0.31430400,1
1506914256,22637306,0.06812007,2.99800000,1
1506914249,22637304,0.06812006,1.93000000,1
1506914248,22637303,0.06812900,0.50000000,1
1506914248,22637302,0.06813900,0.50000000,1
1506914248,22637301,0.06815000,0.00000048,1
1506914247,22637300,0.06815000,2.99999952,1
1506914247,22637299,0.06815003,4.79394848,1
1506913802,22637197,0.06827000,0.10884086,1
1506913107,22637023,0.06835997,3.15999056,0
1506912904,22636990,0.06830197,0.25446800,1
1506912904,22636989,0.06829000,0.21930000,0
1506912180,22636833,0.06815000,0.21930000,1
1506912180,22636832,0.06815000,0.33100000,1
1506911890,22636741,0.06831227,0.40000000,1
1506911890,22636740,0.06831227,0.16456992,1
1506911886,22636738,0.06834594,0.49750000,0
1506911883,22636737,0.06831227,6.18231100,1
1506911821,22636728,0.06831227,0.39800200,1
1506911815,22636723,0.06831230,4.06228600,1
1506911813,22636722,0.06831227,3.25511708,0
1506911729,22636596,0.06823803,0.12993841,0
1506911479,22636511,0.06823803,0.68661000,1
1506911413,22636487,0.06823700,0.17910000,0
1506911373,22636474,0.06819184,1.31800199,0
1506911369,22636472,0.06819180,0.41183631,0
1506911369,22636471,0.06819180,2.05918153,0
1506911357,22636464,0.06819181,0.00000422,0
1506911356,22636462,0.06819181,96.48950000,0
1506911354,22636457,0.06819181,4.75723700,0
1506911354,22636456,0.06819181,2.78408900,0
1506911354,22636455,0.06819181,39.65016978,0
1506911353,22636453,0.06816000,0.41102322,0
1506911351,22636449,0.06815999,2.55333500,0
1506911351,22636447,0.06815999,6.31548000,0
1506911347,22636436,0.06816000,0.08897678,0
1506911346,22636428,0.06820000,0.21890000,0
1506911346,22636427,0.06819182,5.67015544,0
1506911344,22636423,0.06821426,3.31804009,1
1506911344,22636419,0.06821300,0.50000000,0
1506911342,22636412,0.06817900,0.50000000,0
1506911341,22636401,0.06817897,3.81804000,0
1506911337,22636391,0.06814400,0.50000000,0
1506911337,22636390,0.06813000,0.33200000,0
1506911326,22636388,0.06809300,0.50000000,0
1506911324,22636380,0.06799838,0.19016719,1
1506911321,22636360,0.06781034,4.39132520,1
1506911321,22636359,0.06781034,2.45175280,1
1506911321,22636357,0.06821961,2.88000000,1
1506911319,22636347,0.06781033,1.64269262,1
1506911317,22636332,0.06781033,0.50000000,1
1506911317,22636324,0.06781032,9.88490509,1
1506911316,22636321,0.06800133,0.20000000,1
1506911316,22636320,0.06802415,0.17000000,1
1506911316,22636319,0.06821200,0.50000000,1
1506911316,22636317,0.06821960,5.00000000,1
1506911316,22636314,0.06824100,0.25556491,1
1506911316,22636312,0.06826000,3.00000000,1
1506911313,22636292,0.06824100,0.24443509,1
1506911312,22636283,0.06825509,0.50000000,1
1506911309,22636248,0.06830000,0.92518386,1
1506911307,22636229,0.06830000,1.00625822,1
1506911301,22636172,0.06828502,0.24031453,1
1506911296,22636144,0.06831000,0.09969340,1
1506911290,22636099,0.06831000,0.48450789,1
1506911288,22636092,0.06832006,0.28479000,1
1506911286,22636073,0.06831000,0.08007019,1
1506911286,22636071,0.06832000,0.11976993,1
1506911285,22636061,0.06832000,0.09913007,1
1506911074,22635917,0.06841203,1.00000000,1
1506911074,22635916,0.06842000,0.33200000,1
1506910681,22635690,0.06856087,3.00000000,0
1506910441,22635652,0.06855897,6.25852000,0
1506910310,22635642,0.06849600,1.45418000,0
1506910225,22635630,0.06835011,0.20000000,1
1506910125,22635591,0.06837999,0.20000000,0
1506909692,22635550,0.06846800,0.50000000,1
1506909692,22635549,0.06848000,0.50000000,1
1506909691,22635548,0.06855100,1.76965852,1
1506909679,22635546,0.06855100,3.47617400,1
1506909619,22635527,0.06855100,0.26943249,1
1506909605,22635523,0.06855100,16.66350000,1
1506909601,22635519,0.06864682,1.56565000,0
1506909559,22635516,0.06856300,0.50000000,0
1506909559,22635515,0.06855100,0.50000000,0
1506909361,22635481,0.06845600,1.36617300,0
1506909361,22635480,0.06845600,2.88000000,0
1506909360,22635479,0.06845600,0.50000000,0
1506909359,22635478,0.06845600,0.50000000,1
1506909359,22635477,0.06846200,0.50000000,1
1506909359,22635476,0.06851016,2.88000000,1
1506909291,22635463,0.06855000,0.50000000,1
1506909290,22635462,0.06855400,0.50000000,1
1506908943,22635376,0.06880147,1.60000000,1
1506908943,22635375,0.06854000,0.50000000,0
1506908941,22635374,0.06847100,0.50000000,0
1506908898,22635369,0.06850000,0.10000000,0
1506908898,22635368,0.06844600,0.50000000,0
1506908833,22635357,0.06840010,0.02643894,1
1506908832,22635356,0.06846000,0.20000000,1
1506908723,22635317,0.06846700,2.62074616,0
1506908711,22635313,0.06846000,1.80000000,1
1506908334,22635191,0.06845430,0.20000000,0
1506908043,22635140,0.06845736,1.06801000,0
1506908041,22635138,0.06845000,0.33200000,0
1506907922,22635125,0.06845895,1.56773000,0
1506907759,22635048,0.06841106,0.20000000,0
1506907520,22634910,0.06830200,0.50000000,0
1506907520,22634908,0.06828948,0.48031089,0
1506907520,22634906,0.06828000,2.88000000,0
1506907448,22634865,0.06823100,0.50000000,1
1506907447,22634863,0.06823100,0.50000000,0
1506907447,22634862,0.06820178,3.31803983,0
1506907302,22634832,0.06813000,2.00000000,1
1506906842,22634719,0.06811100,0.50000000,1
1506906775,22634685,0.06810200,0.31589000,0
1506906763,22634674,0.06800000,1.00000000,0
1506906723,22634664,0.06811271,0.60279000,0
1506906721,22634663,0.06809000,0.50000000,0
1506906544,22634633,0.06812000,0.33200000,1
1506906256,22634480,0.06790878,2.35875753,0
1506906254,22634479,0.06790878,1.05658100,0
1506906169,22634432,0.06790878,3.10000000,0
1506906169,22634431,0.06790878,1.50000000,0
1506906147,22634423,0.06790879,3.10000000,0
1506906144,22634422,0.06790879,3.00000000,0
1506906143,22634421,0.06790879,0.12148162,0
1506906143,22634420,0.06790869,2.87851838,0
1506906089,22634401,0.06790882,0.07344451,0
1506905775,22634005,0.06796482,1.00000000,0
1506905741,22633963,0.06796492,2.88000000,0
1506905643,22633862,0.06799938,10.53150000,0
1506905641,22633860,0.06792000,3.00000000,0
1506905612,22633846,0.06791997,0.20000000,0
1506905368,22633688,0.06793793,3.23004500,0
1506905274,22633643,0.06787700,0.14574554,0
1506905270,22633642,0.06770502,2.56967378,1
1506905270,22633641,0.06774100,0.50000000,1
1506905241,22633628,0.06760002,0.90445416,1
1506905240,22633627,0.06761000,0.11000000,1
1506905240,22633625,0.06761976,0.20000000,1
1506905240,22633623,0.06765534,0.12554584,1
1506905239,22633622,0.06778400,0.50000000,1
1506905239,22633621,0.06782100,0.50000000,1
1506905237,22633618,0.06795000,0.66000000,1
1506905197,22633587,0.06794992,0.20000000,0
1506905179,22633577,0.06795000,0.19553148,0
1506905157,22633512,0.06792689,0.14664729,0
1506905130,22633505,0.06796958,0.19587000,0
1506905117,22633502,0.06796967,0.19592000,0
1506905108,22633489,0.06796981,0.19593000,0
1506905102,22633475,0.06796983,0.20000000,0
1506905093,22633459,0.06796989,0.40000000,0
1506905077,22633442,0.06798600,0.40000000,0
1506905068,22633438,0.06779400,0.50000000,1
1506905068,22633437,0.06780000,0.10000000,1
1506905068,22633436,0.06780000,0.40000000,1
1506905068,22633435,0.06780003,1.91879272,1
1506905067,22633434,0.06804197,0.20000000,0
1506905053,22633422,0.06804991,0.19165451,0
1506905048,22633416,0.06804993,0.50000000,0
1506905042,22633399,0.06804997,0.50000000,0
1506905030,22633386,0.06806895,0.29112100,0
1506905028,22633385,0.06806896,0.50000000,0
1506905027,22633384,0.06806897,0.50000000,0
1506905024,22633380,0.06806989,0.50000000,0
1506905022,22633378,0.06806900,0.50000000,0
1506905021,22633377,0.06806600,0.50000000,0
1506905018,22633376,0.06806991,0.50000000,0
1506905013,22633374,0.06806993,0.50000000,0
1506905012,22633373,0.06784600,0.50000000,1
1506905012,22633372,0.06790193,0.52000000,1
1506905011,22633370,0.06791902,1.02000000,1
1506904991,22633350,0.06810797,1.17400000,0
1506904989,22633348,0.06791899,3.91613052,1
1506904975,22633322,0.06791899,9.07800800,1
1506904974,22633319,0.06811994,0.12307771,0
1506904970,22633308,0.06811997,0.26479272,0
1506904969,22633304,0.06791899,3.93188500,1
1506904968,22633290,0.06791899,27.04426600,1
1506904964,22633286,0.06814973,0.50000000,0
1506904962,22633283,0.06791900,9.86089251,1
1506904962,22633282,0.06791901,2.88000000,1
1506904962,22633281,0.06805484,0.26900000,1
1506904959,22633271,0.06814900,0.50000000,0
1506904954,22633259,0.06814977,0.50000000,0
1506904950,22633254,0.06814979,0.50000000,0
1506904946,22633250,0.06814979,0.50000000,0
1506904946,22633245,0.06800003,1.49999900,1
1506904942,22633240,0.06814976,0.50000000,0
1506904937,22633231,0.06814979,0.50000000,0
1506904932,22633225,0.06814980,0.50000000,0
1506904927,22633222,0.06814982,0.50000000,0
1506904922,22633212,0.06814989,0.29718437,0
1506904917,22633202,0.06814994,0.14447329,0
1506904908,22633185,0.06814996,0.50000000,0
1506904898,22633151,0.06816100,0.22957000,0
1506904897,22633146,0.06814997,0.49999900,0
1506904894,22633131,0.06815000,0.00000041,0
1506904894,22633129,0.06800000,0.49999959,0
1506904893,22633128,0.06800000,0.50000000,1
1506904893,22633127,0.06800000,1.00000000,1
1506904893,22633126,0.06800000,3.00000000,1
1506904893,22633124,0.06800000,1.25000000,1
1506904893,22633122,0.06800000,1.02683823,1
1506904892,22633120,0.06800000,0.62000000,1
1506904892,22633118,0.06800000,2.00000000,1
1506904892,22633117,0.06800003,1.70630918,1
1506904890,22633099,0.06815000,0.50000000,0
1506904887,22633086,0.06811003,0.15000000,0
1506904885,22633079,0.06815000,0.50000000,0
1506904883,22633068,0.06809998,0.50000000,0
1506904881,22633067,0.06820100,0.50000000,0
1506904879,22633066,0.06823996,0.50000000,0
1506904878,22633064,0.06810000,5.00000000,1
1506904878,22633063,0.06810000,20.00000000,1
1506904878,22633062,0.06810000,0.12380000,1
1506904878,22633061,0.06812000,0.20217000,1
1506904877,22633060,0.06812000,4.29783000,1
1506904877,22633059,0.06813000,0.15000000,1
1506904877,22633058,0.06820100,0.50000000,0
1506904875,22633056,0.06815002,0.50000000,0
1506904874,22633055,0.06815002,0.16028000,0
1506904873,22633054,0.06815002,0.50000000,0
1506904871,22633053,0.06815002,0.14587400,0
1506904870,22633051,0.06815002,0.35412600,0
1506904870,22633050,0.06814000,0.14587400,0
1506904867,22633045,0.06815002,0.50000000,0
1506904865,22633044,0.06815002,0.50000000,0
1506904862,22633041,0.06815003,0.50000000,0
1506904861,22633040,0.06814700,0.50000000,0
1506904859,22633039,0.06815000,0.62000000,1
1506904859,22633035,0.06832495,0.50000000,0
1506904854,22633032,0.06832041,0.44000000,0
1506904846,22633027,0.06824700,0.50000000,1
1506904841,22633023,0.06815001,0.86686231,1
1506904841,22633022,0.06821000,0.11000000,1
1506904840,22633021,0.06825500,0.50000000,1
1506904840,22633020,0.06830000,0.53354544,1
1506904840,22633019,0.06830000,0.26645456,1
1506904840,22633018,0.06831200,0.50000000,1
1506904839,22633017,0.06835462,0.10040775,1
1506904836,22633010,0.06839000,0.14562613,0
1506904827,22633003,0.06835462,0.00210000,1
1506904827,22633001,0.06839000,3.00000000,1
1506904814,22632979,0.06841000,3.00000000,1
1506904813,22632978,0.06848000,0.09030000,1
1506904728,22632920,0.06849697,0.15985000,0
1506904724,22632919,0.06849700,0.15985000,0
1506904700,22632916,0.06846972,0.40645918,0
1506904684,22632909,0.06846981,0.20000000,0
1506904682,22632906,0.06846000,0.16232600,0
1506904639,22632885,0.06839000,2.78210000,1
1506904637,22632884,0.06840000,0.21790000,1
1506904490,22632821,0.06841000,0.79779600,1
1506904489,22632820,0.06844876,0.20000000,1
1506904471,22632814,0.06838300,1.00000000,0
1506904471,22632813,0.06839008,4.78143600,1
1506904470,22632812,0.06839008,0.21856400,1
1506904469,22632811,0.06843895,0.20000000,1
1506904461,22632799,0.06845000,0.63376100,1
1506904461,22632798,0.06845101,0.13719051,1
1506904449,22632793,0.06845000,2.36623900,1
1506904446,22632789,0.06847000,0.50000000,1
1506904446,22632787,0.06850000,0.13376100,1
1506904445,22632786,0.06850000,0.86623900,1
1506904445,22632785,0.06850000,0.13376100,1
1506904442,22632781,0.06850001,0.27337341,0
1506904437,22632775,0.06850000,0.46623900,1
1506904437,22632774,0.06850000,0.10000000,1
1506904436,22632773,0.06850000,1.00000000,1
1506904436,22632772,0.06851700,0.50000000,1
1506904434,22632767,0.06852200,0.50000000,1
1506904434,22632766,0.06852269,0.31933825,1
1506904433,22632765,0.06852269,0.22561100,1
1506904433,22632764,0.06852616,0.08881200,1
1506904418,22632728,0.06860000,0.00397626,1
1506904418,22632727,0.06860700,0.50000000,1
1506904418,22632726,0.06864387,1.08461404,1
1506904414,22632719,0.06852616,0.21118800,1
1506904414,22632718,0.06860195,0.52000000,1
1506904413,22632717,0.06864600,0.50000000,1
1506904413,22632715,0.06864900,0.50000000,1
1506904411,22632711,0.06868000,3.35862175,1
1506904410,22632710,0.06868000,0.31137825,1
1506904410,22632709,0.06870000,0.30000000,1
1506904410,22632707,0.06870000,0.87117903,1
1506904410,22632705,0.06870000,1.00000000,1
1506904410,22632704,0.06872269,0.73067672,1
1506904409,22632697,0.06876588,0.20601000,0
1506904409,22632695,0.06876000,0.21720000,0
1506904398,22632669,0.06876590,6.25500000,0
1506904397,22632664,0.06880000,3.00000000,1
1506904386,22632662,0.06876044,60.00000000,1
1506904383,22632661,0.06878500,0.00113307,1
1506904382,22632660,0.06879100,0.50000000,1
1506904382,22632659,0.06879100,2.88000000,1
1506904382,22632658,0.06882000,3.00000000,1
1506904381,22632657,0.06883000,0.21720000,1
1506904274,22632626,0.06885001,2.15591100,1
1506904226,22632605,0.06890007,1.91610000,1
1506903888,22632482,0.06890001,0.60429461,1
1506903888,22632481,0.06892000,3.00000000,1
1506903882,22632478,0.06892000,3.00000000,1
1506903655,22632348,0.06895001,0.57538724,1
1506903541,22632303,0.06905437,1.58756000,0
1506903434,22632261,0.06895000,2.31000000,1
1506903434,22632260,0.06895200,0.50000000,1
1506903385,22632226,0.06895000,0.10000000,1
1506903382,22632225,0.06895000,0.59000000,1
1506903061,22632069,0.06906249,3.00000000,0
1506903001,22632009,0.06906348,0.62230900,0
1506902496,22631610,0.06905200,0.29293357,0
1506902495,22631609,0.06905200,0.50000000,0
