date,tid,price,amount,type
1506988860,22678093,251.78,1.00000000,0
1506988835,22678086,251.93,2.00000000,0
1506988603,22677996,251.93,0.64303572,0
1506988603,22677994,251.93,5.36061148,0
1506988602,22677992,251.33,0.80012102,0
1506988587,22677978,251.32,2.05000000,0
1506988564,22677971,251.32,1.01305400,0
1506988556,22677967,251.32,1.62928000,0
1506988528,22677962,251.32,0.34200000,0
1506988448,22677948,251.28,2.25468131,1
1506988447,22677946,251.32,1.21855000,0
1506988422,22677945,251.27,0.24150000,1
1506988415,22677943,251.28,1.68843395,1
1506988294,22677918,251.90,1.80408892,0
1506988292,22677917,251.89,0.17606800,0
1506988139,22677868,251.32,1.68646700,1
1506988130,22677862,251.29,10.75000000,1
1506988130,22677861,251.57,0.10000000,1
1506988130,22677860,251.60,0.23053279,1
1506988047,22677797,251.60,0.96721200,1
1506987331,22677552,251.63,0.21402600,1
1506987330,22677549,251.61,0.17606800,1
1506987329,22677548,251.64,0.24150000,1
1506987314,22677545,252.51,0.62871434,0
1506987313,22677544,252.50,0.37254566,0
1506986890,22677488,251.89,0.05554566,0
1506986889,22677487,251.89,0.31700000,1
1506985886,22677236,252.66,1.19774479,0
1506985886,22677235,252.65,3.46000000,0
1506985886,22677234,252.62,2.65000000,0
1506985886,22677233,252.37,0.45000000,0
1506985885,22677232,252.36,0.12021320,0
1506985759,22677170,252.63,0.22182638,0
1506985758,22677169,252.29,0.19771910,1
1506985757,22677168,252.29,0.45000000,0
1506985704,22677152,252.28,0.39519581,0
1506985698,22677147,252.28,0.50061619,0
1506985621,22677100,252.24,4.98715759,0
1506985621,22677099,252.23,1.59678573,0
1506985596,22677078,252.22,1.00219154,0
1506985560,22677030,252.27,1.92938402,0
1506985540,22677019,252.25,0.34250649,0
1506985385,22676977,252.19,3.33462509,0
1506985307,22676937,252.21,0.68855319,0
1506985251,22676921,252.27,3.80122820,0
1506985251,22676920,252.00,0.25754203,0
1506985238,22676914,252.03,0.02380669,0
1506985120,22676799,251.58,0.21600000,1
1506985091,22676787,252.41,1.00126000,1
1506985062,22676770,252.22,1.97629238,0
1506984129,22676370,251.57,0.28134872,1
1506983937,22676255,252.24,0.02000000,1
1506983846,22676205,252.34,0.02021000,0
1506983679,22676083,251.70,7.62822334,1
1506983679,22676082,251.70,12.74905923,1
1506983679,22676080,251.88,0.03967760,1
1506983678,22676079,252.00,0.70503983,1
1506983605,22676015,252.64,0.40783580,0
1506983605,22676013,252.63,0.27516420,0
1506983605,22676012,252.62,0.31700000,0
1506983542,22675994,252.00,2.96496017,1
1506983540,22675993,252.02,3.31803983,1
1506983540,22675992,252.02,0.31700000,1
1506983539,22675991,252.65,0.71968109,0
1506983537,22675988,252.64,2.69000000,0
1506983537,22675987,252.64,0.45257280,0
1506982735,22675689,252.11,0.41938043,0
1506982313,22675479,252.51,0.16328066,0
1506982311,22675478,252.33,1.83295087,0
1506982010,22675277,252.07,1.81802673,0
1506981912,22675242,252.29,0.39537833,0
1506981890,22675213,251.54,1.83295087,1
1506981890,22675212,251.61,0.03972020,1
1506981890,22675210,251.70,1.22673750,1
1506981663,22675054,252.32,0.12383046,0
1506981661,22675048,252.24,0.26229147,0
1506981257,22674839,252.24,0.19770853,0
1506981152,22674735,252.61,1.22410039,0
1506980919,22674634,252.20,0.20000000,0
1506980905,22674630,251.53,3.29412480,1
1506980896,22674621,252.97,0.75603619,1
1506980896,22674620,252.69,0.42000000,0
1506980896,22674619,252.48,2.10980213,0
1506980894,22674617,252.20,0.24160000,0
1506980894,22674616,252.20,0.31700000,0
1506980745,22674563,252.30,2.30963000,0
1506980738,22674557,251.15,2.82000000,0
1506980735,22674548,251.12,2.30686072,1
1506980719,22674535,251.56,0.05419858,0
1506980718,22674534,251.56,0.24160000,1
1506980718,22674533,251.74,0.31700000,1
1506980614,22674458,252.37,1.24503705,0
1506980407,22674356,252.46,0.98776044,0
1506980386,22674339,252.99,1.97646441,0
1506980386,22674338,252.99,3.61997316,1
1506980386,22674337,252.99,0.64436246,1
1506980386,22674334,252.98,0.64000000,0
1506980385,22674333,252.97,3.21000000,0
1506980385,22674332,252.97,3.94000000,1
1506980385,22674331,252.67,6.88057145,0
1506980384,22674330,252.66,3.00000000,0
1506980384,22674329,252.48,0.94000000,0
1506980384,22674328,252.47,0.33431330,0
1506980384,22674327,252.20,1.06000000,0
1506980383,22674326,252.16,0.43000000,0
1506980383,22674325,252.14,1.10000000,0
1506980383,22674324,252.12,1.21794656,0
1506980382,22674323,252.00,1.00000000,0
1506980382,22674322,252.00,2.02773175,0
1506980382,22674320,251.92,1.36453616,0
1506980382,22674319,251.91,6.08300000,0
1506980380,22674318,251.73,0.03982480,0
1506980130,22674254,251.10,2.93991300,0
1506980130,22674252,251.09,0.31800000,0
1506980106,22674195,251.38,0.31800000,1
1506979927,22674141,252.00,0.45396825,0
1506979925,22674139,251.78,0.54401645,0
1506979856,22674116,251.78,0.61502321,0
1506979856,22674115,251.78,0.38623679,0
1506979559,22674042,251.78,1.98109461,0
1506979547,22674039,251.23,1.09392986,0
1506979547,22674038,251.21,0.58000164,0
1506979543,22674037,251.21,0.36000000,0
1506979536,22674036,251.05,0.13974729,1
1506979535,22674035,251.15,0.03979300,1
1506979514,22674028,251.21,3.00000000,0
1506979505,22674018,251.20,0.57434423,1
1506979504,22674016,251.20,0.00130000,0
1506979503,22674015,251.20,0.24000000,0
1506979488,22674010,251.17,3.75207406,1
1506979482,22674005,251.22,0.31697325,0
1506979481,22674004,251.22,1.88310040,1
1506979479,22674002,251.22,0.31700000,1
1506979471,22673997,251.50,0.00014781,1
1506979470,22673996,251.50,0.29560541,1
1506979467,22673990,251.50,1.09325236,1
1506979462,22673987,251.50,1.09269442,1
1506979454,22673982,251.78,2.36851508,1
1506979448,22673972,251.79,0.13784348,1
1506979448,22673971,251.79,0.64000000,1
1506979447,22673968,251.79,0.48000000,1
1506979447,22673965,251.79,1.14000000,1
1506979445,22673952,251.79,1.53471736,1
1506979444,22673947,251.79,0.56229394,1
1506979439,22673939,251.79,0.07725529,1
1506979439,22673938,251.79,0.48463319,1
1506979437,22673935,251.79,1.13536681,0
1506979436,22673933,251.79,2.31999804,0
1506979436,22673932,251.79,0.00000196,0
1506979435,22673929,251.79,1.62000000,1
1506979435,22673928,251.79,0.31000000,1
1506979435,22673927,251.79,2.01093549,1
1506979431,22673922,251.80,3.11254260,1
1506979431,22673921,251.80,0.20549723,1
1506979420,22673898,251.79,1.62237906,1
1506979283,22673533,251.79,0.30668545,1
1506979283,22673530,251.80,0.24130000,1
1506979283,22673529,251.81,0.31700000,1
1506979274,22673525,252.64,1.32838815,0
1506979272,22673522,252.63,1.36323110,0
1506979074,22673443,251.78,0.13148492,1
1506979074,22673442,252.00,0.10000000,1
1506978997,22673416,252.64,0.35366529,0
1506978996,22673415,252.34,3.94000000,0
1506978996,22673414,252.34,0.45000000,0
1506978940,22673383,252.23,2.96634025,0
1506978911,22673367,252.25,2.29407333,0
1506978910,22673366,252.24,12.73325501,0
1506978867,22673351,252.23,0.38619132,0
1506978324,22673102,251.79,3.16000000,1
1506978212,22673052,251.62,13.00000000,1
1506978208,22673051,252.50,7.63285723,1
1506978208,22673050,252.50,0.31700000,1
1506978207,22673049,252.50,0.16923188,0
1506978139,22673024,252.55,1.47485646,1
1506978139,22673023,252.55,0.50000000,0
1506978060,22672991,251.48,0.43566077,1
1506978047,22672988,251.88,0.31700000,1
1506978011,22672979,252.54,0.02375767,0
1506978010,22672978,252.54,0.03167690,0
1506977970,22672967,251.98,0.22466645,1
1506977898,22672931,252.65,0.03980020,0
1506977803,22672912,252.67,1.20231923,0
1506977803,22672911,252.66,0.24583685,0
1506977803,22672910,252.64,0.23906624,0
1506977801,22672909,252.63,0.04538192,1
1506977801,22672908,252.63,0.24140000,0
1506977778,22672901,251.94,0.04538192,1
1506977765,22672898,251.95,0.64559211,1
1506977678,22672812,251.95,0.00081989,1
1506977678,22672811,252.00,1.39806591,1
1506977520,22672772,252.10,0.50000000,1
1506977484,22672758,252.08,1.69303765,0
1506977483,22672756,252.08,0.23906624,1
1506977346,22672723,252.65,1.55791871,0
1506977346,22672722,252.65,1.23497329,0
1506977327,22672709,252.00,0.45481421,1
1506977327,22672708,252.01,0.24140000,1
1506977250,22672681,252.65,1.00502671,0
1506977245,22672680,252.65,1.70000000,0
1506977230,22672670,252.00,2.14711988,0
1506977089,22672597,252.00,4.81463300,0
1506976900,22672483,252.00,1.66000000,0
1506976874,22672472,252.00,0.38661641,0
1506976873,22672471,252.00,19.84837806,0
1506976873,22672470,252.00,3.44848986,0
1506976872,22672468,251.99,3.58000000,0
1506976871,22672467,251.99,2.02000000,0
1506976859,22672457,251.95,0.23900000,0
1506976859,22672456,251.94,0.11458800,0
1506976794,22672420,251.37,5.57501355,0
1506976756,22672396,251.94,0.20241200,0
1506976671,22672353,251.12,2.02190000,1
1506976488,22672289,251.02,2.26156833,1
1506976488,22672288,251.03,3.71226240,1
1506976488,22672287,251.08,0.50000000,1
1506976488,22672286,251.08,0.23900000,0
1506976487,22672284,251.32,0.03976600,1
1506976487,22672283,251.47,0.03974230,1
1506976487,22672282,251.50,2.00000000,1
1506976487,22672281,251.55,3.12175500,1
1506976486,22672280,251.60,1.99683663,1
1506976486,22672279,251.61,0.31700000,1
1506976485,22672278,251.87,2.77206934,1
1506976478,22672275,251.87,0.16663256,1
1506976325,22672166,251.85,1.98034544,0
1506976275,22672117,251.85,0.02904200,0
1506976254,22672111,251.85,1.00126000,0
1506976193,22672086,251.90,1.79408495,0
1506976146,22672076,251.90,0.20591505,0
1506976122,22672062,252.00,0.82379800,0
1506976093,22672033,251.96,0.10126000,0
1506976077,22672020,251.94,1.95999990,0
1506976077,22672019,251.93,10.89000000,0
1506976067,22672015,251.96,0.39589617,0
1506976011,22671991,251.58,0.24583685,1
1506976011,22671989,251.70,0.00000937,1
1506975897,22671890,251.70,1.99999063,1
1506975897,22671889,251.90,0.00000934,1
1506975786,22671839,251.90,0.99999066,1
1506975786,22671838,251.94,0.00000260,1
1506975785,22671835,251.94,3.12167540,1
1506975783,22671826,252.01,3.24388798,0
1506975783,22671822,252.00,0.25611202,0
1506975783,22671820,252.00,4.74388795,1
1506975782,22671818,252.00,0.25611205,1
1506975782,22671815,252.01,7.38754800,1
1506975689,22671754,252.10,3.09940857,0
1506975615,22671718,252.67,4.66610932,0
1506975614,22671717,252.66,0.41000000,0
1506975614,22671716,252.65,0.80752000,0
1506975614,22671715,252.59,5.15825581,0
1506975613,22671714,252.59,0.77574165,0
1506975612,22671713,252.20,6.95937487,0
1506975576,22671703,252.20,2.01772403,0
1506975560,22671699,252.20,1.02290110,0
1506975560,22671698,252.10,0.00276433,0
1506975560,22671697,252.10,3.06886741,0
1506975502,22671657,252.10,0.78946822,0
1506975496,22671654,252.10,0.20505970,0
1506975385,22671616,252.59,0.95716075,0
1506975385,22671615,252.10,0.00000047,0
1506975368,22671597,252.10,9.99999953,0
1506975368,22671596,252.09,0.24140000,0
1506975368,22671595,252.00,0.32673247,0
1506975281,22671558,252.00,3.12138400,0
1506975280,22671557,252.00,2.00000000,1
1506975280,22671556,252.06,3.21038300,1
1506975280,22671555,252.07,0.24140000,1
1506975279,22671554,252.52,1.10010053,1
1506975267,22671544,252.48,2.89989947,0
1506975196,22671515,252.52,0.41814062,0
1506975196,22671514,252.52,0.76691403,0
1506974958,22671305,252.58,0.38564269,0
1506974923,22671271,252.58,2.01409454,0
1506974826,22671195,252.52,1.93210389,0
1506974411,22670923,252.66,0.59000000,0
1506974339,22670877,251.98,6.83966700,0
1506974337,22670876,251.98,0.55729008,0
1506974337,22670875,251.97,0.18818332,0
1506974337,22670874,251.95,6.83966660,0
1506974282,22670827,251.95,20.23881000,0
1506974276,22670821,251.95,3.00000000,0
1506974238,22670755,251.95,0.31644600,0
1506974175,22670695,251.97,0.77201465,0
1506974175,22670694,251.97,0.03980203,0
1506974072,22670574,251.98,0.07919572,0
1506974071,22670572,251.98,3.85074240,0
1506974070,22670569,251.90,0.50000000,0
1506974032,22670555,251.98,0.49531708,0
1506974032,22670554,251.91,1.40186102,0
1506974031,22670553,251.50,0.08772494,0
1506973985,22670537,251.50,2.67797052,0
1506973985,22670536,251.50,0.28503970,0
1506973979,22670532,251.50,0.17682645,0
1506973974,22670530,251.50,0.02954000,0
1506973974,22670528,251.50,1.49319205,0
1506973764,22670427,251.00,1.38359551,1
1506973764,22670426,251.00,4.97031447,1
1506973764,22670425,251.01,3.90324860,1
1506973764,22670424,251.12,7.50000000,1
1506973763,22670423,251.22,1.50000000,1
1506973763,22670422,251.31,6.38825152,1
1506973763,22670421,251.34,0.03976290,1
1506973761,22670420,251.59,4.31482700,1
1506973751,22670417,251.91,0.07875883,0
1506973538,22670328,251.99,0.39584904,0
1506973524,22670322,251.99,0.11037186,0
1506973494,22670306,251.98,0.24130000,0
1506973481,22670298,251.99,3.12000000,0
1506973479,22670297,251.99,3.12000000,0
1506973478,22670295,251.99,3.12000000,0
1506973477,22670294,251.98,3.12000000,1
1506973474,22670289,251.97,0.14771565,0
1506973445,22670276,251.69,0.20000000,1
1506973395,22670245,251.41,3.12464227,0
1506973395,22670244,251.41,3.31803983,0
1506973395,22670243,251.50,0.00915636,1
1506973394,22670242,251.64,0.24130000,1
1506973343,22670195,251.97,0.01976426,0
1506973314,22670181,251.96,2.28000000,0
1506973276,22670165,251.96,1.54154450,0
1506973110,22670075,251.97,0.43856992,0
1506973110,22670074,251.97,1.65104392,0
1506973094,22670061,251.50,0.99084364,1
1506973023,22670022,251.98,2.63620468,1
1506973023,22670021,251.98,0.04379532,0
1506972918,22669971,251.99,0.19790468,0
1506972895,22669964,251.40,0.20000000,1
1506972823,22669919,251.48,1.65104392,1
1506972822,22669917,252.45,0.39512775,0
1506972810,22669912,252.00,1.00000000,1
1506972718,22669861,252.31,1.68812175,0
1506972621,22669798,251.50,5.50490030,0
1506972621,22669797,251.51,0.24170000,1
1506972424,22669616,251.15,1.97735241,1
1506972415,22669605,253.00,2.36507552,1
1506972415,22669604,253.00,0.99946064,1
1506972396,22669599,253.07,0.18951278,0
1506972396,22669598,253.07,1.28695617,0
1506972396,22669597,253.06,0.25000000,1
1506972396,22669596,253.06,10.26000000,0
1506972396,22669595,252.97,1.55945717,0
1506972395,22669594,252.87,2.00000000,0
1506972395,22669593,252.85,0.10000000,0
1506972395,22669592,252.75,0.10000000,0
1506972394,22669591,252.65,0.10000000,0
1506972394,22669590,252.55,0.10000000,0
1506972394,22669589,252.50,1.00000000,0
1506972393,22669588,252.45,0.10000000,0
1506972393,22669587,252.35,0.10000000,0
1506972393,22669586,252.25,0.10000000,0
1506972392,22669585,252.22,0.47097954,0
1506972392,22669584,252.21,3.03109590,0
1506972390,22669583,252.15,0.08659529,0
1506972351,22669571,252.00,0.20000000,1
1506972208,22669515,252.15,0.01340471,0
1506972208,22669514,252.00,0.10000000,0
1506972208,22669513,251.99,0.39810769,0
1506972207,22669512,251.85,0.10000000,0
1506972207,22669511,251.79,0.03981530,0
1506972207,22669510,251.75,0.10000000,0
1506972205,22669509,251.65,0.10000000,0
1506972152,22669483,251.45,0.60604983,0
1506972100,22669418,251.45,0.03965003,0
1506972004,22669324,250.56,10.26500000,0
1506971983,22669314,251.17,1.00737616,0
1506971921,22669279,251.03,1.48061985,0
1506971853,22669191,251.16,7.96798853,0
1506971814,22669158,250.66,2.00000000,0
1506971731,22669115,250.67,0.62396675,0
1506971662,22669085,250.20,0.15000000,1
1506971571,22669058,250.06,3.79739310,0
1506971571,22669057,250.07,0.14260690,1
1506971562,22669044,251.45,0.77748061,0
1506971561,22669043,251.47,3.08036743,0
1506971560,22669042,251.46,1.44000000,0
1506971560,22669041,251.46,1.42000000,0
1506971560,22669040,251.45,0.14260690,0
1506971560,22669039,251.44,0.24250000,1
1506971559,22669038,250.94,0.45000000,0
1506971559,22669037,250.78,0.11766413,0
1506971559,22669036,250.01,0.25000000,1
1506971558,22669034,250.01,2.37000000,1
1506971558,22669033,250.02,0.24250000,0
1506971557,22669032,250.01,2.37000000,1
1506971556,22669031,250.01,2.37000000,1
1506971555,22669030,250.02,2.37074140,0
1506971540,22669027,250.01,1.89803540,1
1506971432,22668977,250.06,1.41837779,1
1506971355,22668942,250.77,1.55479514,0
1506971355,22668941,250.78,0.38992044,0
1506971344,22668937,251.64,1.79661421,0
1506971343,22668936,251.55,0.10000000,0
1506971343,22668934,251.51,0.36000000,0
1506971343,22668933,251.51,1.78000000,0
1506971343,22668930,250.98,0.46000000,0
1506971342,22668929,250.86,0.03996320,0
1506971342,22668928,250.78,1.94657580,0
1506971342,22668927,250.78,14.23292436,1
1506971342,22668925,250.01,0.04009780,0
1506971341,22668923,250.00,6.00000000,0
1506971341,22668922,249.99,5.46000000,0
1506971340,22668920,249.98,0.32000000,0
1506971321,22668915,249.97,0.38992044,0
1506971238,22668874,249.99,0.03984159,0
1506971228,22668867,249.97,0.40878657,0
1506971139,22668783,249.50,0.08829621,0
1506971139,22668782,249.59,0.32000000,0
1506971138,22668781,249.80,0.41919055,1
1506971124,22668773,249.80,0.60580945,0
1506971062,22668739,249.80,3.35600000,0
1506971042,22668729,249.80,0.03991193,0
1506970998,22668712,249.80,0.99827862,0
1506970890,22668604,249.50,0.35000000,1
1506970776,22668574,249.41,3.63796634,1
1506970776,22668573,249.41,3.31803983,1
1506970716,22668548,249.39,1.49220000,1
1506970619,22668503,249.39,0.56377893,1
1506970588,22668450,249.71,3.23506700,0
1506970583,22668440,249.70,1.89953000,1
1506970583,22668439,249.70,0.19173000,0
1506970497,22668342,249.39,2.00000000,1
1506970455,22668306,249.40,2.74061600,1
1506970455,22668304,249.40,0.10000000,1
1506970455,22668303,249.42,0.03937861,1
1506970455,22668302,249.42,0.04000539,1
1506970454,22668301,249.50,0.10000000,1
1506970454,22668300,249.51,0.03000000,1
1506970452,22668296,249.65,2.33000000,1
1506970452,22668295,249.65,1.61000000,1
1506970418,22668286,249.65,2.33000000,1
1506970418,22668285,249.66,1.33000000,1
1506970413,22668283,250.00,2.32673081,0
1506970413,22668282,250.00,0.07854800,1
1506970362,22668245,250.00,4.92145200,1
1506970362,22668244,250.00,0.07854800,1
1506970344,22668241,250.00,0.02145200,1
1506970332,22668238,250.05,0.19173000,1
1506970332,22668237,250.22,0.73254800,1
1506970332,22668236,250.23,7.20672200,0
1506970291,22668224,250.22,0.89159100,1
1506970273,22668216,250.50,1.16390523,0
1506970271,22668215,250.22,0.25000000,1
1506970271,22668214,250.22,0.12712100,1
1506970219,22668196,250.38,3.47000000,1
1506970155,22668169,250.48,3.42239399,1
1506970154,22668168,250.54,2.00126000,0
1506970153,22668167,250.48,0.45000000,0
1506970032,22668130,250.57,2.00000000,0
1506969996,22668115,250.57,6.55000000,0
1506969996,22668114,250.55,8.45000000,0
1506969952,22668103,250.24,0.40980000,0
1506969858,22668075,250.00,0.20000000,1
1506969838,22668070,250.00,1.00000000,0
1506969838,22668069,249.98,0.23918404,0
1506969838,22668068,249.97,2.13000000,0
1506969702,22667964,249.97,3.79411451,0
1506969619,22667931,249.60,0.04530720,1
1506969619,22667930,249.60,0.10000000,1
1506969619,22667929,249.64,0.01802280,1
1506969314,22667848,250.23,9.93906000,0
1506969313,22667847,250.22,0.24220000,1
1506969313,22667846,250.22,3.94000000,1
1506969312,22667844,250.22,3.94000000,1
1506969312,22667843,250.22,3.94000000,0
1506969260,22667825,250.36,3.18715552,0
1506969115,22667744,249.95,0.07981596,0
1506969114,22667743,249.64,0.09960600,1
1506969073,22667734,249.95,1.00126000,0
1506968894,22667681,250.22,0.29387202,0
1506968881,22667674,249.66,10.41200000,0
1506968868,22667669,250.30,0.69436676,0
1506968868,22667668,250.29,7.30000000,0
1506968836,22667654,250.30,0.83086032,0
1506968834,22667651,250.29,0.10376953,0
1506968767,22667618,249.65,45.26114350,1
1506968767,22667617,249.65,0.03985650,1
1506968767,22667616,249.65,0.50000000,1
1506968749,22667590,250.33,2.81859945,1
1506968700,22667545,249.67,1.68572846,1
1506968700,22667544,249.70,0.10000000,1
1506968699,22667543,249.74,5.07390136,0
1506968698,22667541,249.74,0.04037018,1
1506968529,22667467,251.24,0.11164623,0
1506968514,22667461,249.75,1.22389140,1
1506968514,22667460,250.10,0.03978360,1
1506968514,22667459,250.12,0.24220000,1
1506968514,22667457,250.14,0.31900000,1
1506968512,22667453,250.17,9.15902300,1
1506968504,22667443,252.00,3.52896825,1
1506968503,22667441,251.99,0.03978360,0
1506968503,22667440,251.99,13.48779185,1
1506968503,22667439,251.99,4.83888595,1
1506968503,22667438,251.99,3.25627900,1
1506968502,22667437,251.89,40.00000000,0
1506968502,22667436,251.80,3.00000000,0
1506968501,22667435,251.53,0.03985650,0
1506968501,22667434,251.53,27.09300000,1
1506968501,22667433,251.52,0.76000000,1
1506968501,22667432,251.37,1.92613080,0
1506968500,22667431,251.12,3.80000000,1
1506968500,22667430,250.90,2.14576447,0
1506968500,22667429,250.81,0.41626171,0
1506968498,22667427,250.80,0.31900000,0
1506968470,22667419,249.85,1.68100000,0
1506968468,22667418,250.09,0.31900000,1
1506968466,22667414,250.81,0.04373829,0
1506968262,22667291,250.90,0.67123564,0
1506968261,22667289,250.63,0.44000000,0
1506968253,22667269,250.09,0.32000000,0
1506968253,22667268,249.80,0.79514584,0
1506968141,22667208,249.80,0.07869450,0
1506968138,22667207,249.80,2.80615966,1
1506968138,22667206,249.89,0.32000000,1
1506968056,22667188,250.88,0.50103972,0
1506968054,22667186,250.87,0.27902275,0
1506968053,22667185,250.87,0.03997725,0
1506968045,22667184,249.80,1.26000000,1
1506968004,22667171,249.77,5.30000000,1
1506968004,22667170,249.77,0.50000000,1
1506968001,22667168,249.77,23.78570419,1
1506968001,22667167,249.84,2.00000000,1
1506968001,22667166,249.85,0.10000000,1
1506968000,22667165,249.85,4.00000000,1
1506968000,22667164,249.90,0.07426000,1
1506968000,22667163,249.94,1.00000000,1
1506968000,22667162,249.97,0.10000000,1
1506967999,22667160,249.99,1.10816516,1
1506967999,22667159,250.00,1.49220000,1
1506967999,22667158,250.00,0.20000000,1
1506967999,22667157,250.00,2.00000000,1
1506967999,22667156,250.00,0.31972005,1
1506967999,22667155,250.00,0.39471080,1
1506967999,22667154,250.10,4.11899852,1
1506967998,22667152,250.13,1.00000000,1
1506967998,22667151,250.15,3.12381500,1
1506967998,22667148,250.15,5.00000000,1
1506967997,22667146,250.20,11.82221228,1
1506967768,22667003,250.14,2.46374425,0
1506967768,22667002,250.14,3.31803983,1
1506967715,22666919,250.35,6.06499600,1
1506967709,22666904,250.35,4.09200400,1
1506967649,22666854,250.50,1.73989457,0
1506967649,22666853,250.50,2.00000000,1
1506967648,22666852,250.52,0.31900000,1
1506967462,22666729,250.58,0.27099500,1
1506967201,22666620,251.37,0.02386920,0
1506966891,22666393,251.36,1.00003978,0
1506966743,22666342,251.39,5.29508383,0
1506966743,22666341,251.39,0.39679383,0
1506966697,22666324,251.15,0.00001804,1
1506966693,22666317,251.41,3.70592522,0
1506966673,22666310,251.15,1.51520944,1
1506966672,22666308,251.15,3.24468800,1
1506966671,22666305,251.16,4.13741715,0
1506966671,22666303,251.15,1.91264181,1
1506966669,22666301,251.16,6.67254625,1
1506966634,22666287,251.05,0.02380016,0
1506966538,22666238,251.31,5.96729139,0
1506966536,22666235,251.29,4.80604465,0
1506966536,22666234,251.29,3.31804009,0
1506966469,22666212,251.00,2.00000000,0
1506966468,22666211,250.99,3.11688586,0
1506966468,22666210,250.98,0.05733693,0
1506966394,22666188,250.99,0.26166307,0
1506966383,22666186,250.30,2.59212495,1
1506966382,22666185,250.39,0.31900000,1
1506966167,22666083,250.80,4.05889457,0
1506966072,22666031,251.07,0.19446955,0
1506966028,22666015,251.05,0.40127465,0
1506965953,22665989,251.14,3.67095487,0
1506965953,22665988,251.13,0.14100000,1
1506965952,22665987,250.64,0.03999840,0
1506965943,22665959,250.63,10.84000000,0
1506965935,22665951,250.01,4.07577933,1
1506965909,22665942,250.01,2.00000000,1
1506965907,22665940,250.00,15.19735646,1
1506965907,22665939,250.00,0.64688680,1
1506965907,22665938,250.00,3.00000000,1
1506965907,22665937,250.00,1.00000000,1
1506965907,22665936,250.00,3.81065685,1
1506965907,22665935,250.00,0.30000000,1
1506965907,22665934,250.00,0.10000000,1
1506965906,22665933,250.00,0.81369112,1
1506965906,22665932,250.00,5.00000000,1
1506965906,22665931,250.00,1.03083453,1
1506965906,22665930,250.01,2.00000000,1
1506965906,22665929,250.05,5.68061278,1
1506965905,22665928,250.10,0.39507479,1
1506965905,22665927,250.10,0.10000000,1
1506965905,22665926,250.16,9.00000000,1
1506965905,22665924,250.16,3.12288200,0
1506965904,22665923,250.20,0.10000000,1
1506965904,22665922,250.22,20.00000000,1
1506965904,22665921,250.22,4.80604491,0
1506965904,22665920,250.22,3.31803983,0
1506965904,22665919,250.23,0.07912640,1
1506965903,22665918,250.26,3.12191700,1
1506965903,22665917,250.26,1.00000000,0
1506965903,22665914,250.30,0.10000000,1
1506965902,22665913,250.40,0.10000000,1
1506965902,22665912,250.48,1.00000000,1
1506965902,22665911,250.50,5.00000000,1
1506965902,22665910,250.50,0.10000000,1
1506965901,22665909,250.60,0.10000000,1
1506965901,22665908,250.62,0.07900450,1
1506965901,22665907,250.64,1.46096432,1
1506965899,22665906,250.70,0.08000000,1
1506965899,22665905,250.70,0.10000000,1
1506965899,22665904,250.70,4.25690771,1
1506965891,22665898,251.70,0.03961065,0
1506965891,22665897,251.70,0.03986026,0
1506965816,22665869,250.70,15.74309229,1
1506965816,22665868,250.80,0.53286343,1
1506965810,22665866,250.80,0.10000000,1
1506965804,22665863,251.00,0.10000000,1
1506965804,22665862,251.00,3.00000000,1
1506965804,22665861,251.10,0.10000000,1
1506965804,22665860,251.11,4.86000000,1
1506965804,22665859,251.11,3.17061185,1
1506965801,22665858,251.11,0.26335058,1
1506965793,22665853,251.12,3.12181100,1
1506965793,22665852,251.12,2.95000000,1
1506965793,22665851,251.20,15.14936823,1
1506965771,22665813,251.20,16.85063177,1
1506965771,22665812,251.20,0.10000000,1
1506965771,22665811,251.20,0.18658713,1
1506965769,22665810,251.21,3.94000000,1
1506965769,22665809,251.21,0.79564905,1
1506965718,22665787,251.30,0.10000000,1
1506965716,22665786,251.31,0.09000000,0
1506965696,22665775,251.42,0.10000000,0
1506965473,22665680,252.02,0.19375619,0
1506965392,22665646,251.40,0.63536354,1
1506965390,22665645,251.40,5.30000000,1
1506965387,22665644,251.40,0.95579467,1
1506965387,22665643,251.40,0.10000000,1
1506965387,22665642,251.50,0.10000000,1
1506965386,22665641,251.60,0.10000000,1
1506965386,22665640,251.70,2.00000000,1
1506965386,22665639,251.70,0.10000000,1
1506965382,22665637,251.80,0.10000000,1
1506965381,22665635,251.90,0.10000000,1
1506965357,22665603,252.00,0.06805267,1
1506965356,22665601,252.00,0.50000000,1
1506965356,22665599,252.00,0.10000000,1
1506965356,22665598,252.00,1.99478620,1
1506965351,22665591,252.00,2.87937380,1
1506965350,22665590,252.01,0.40000000,1
1506965350,22665589,252.01,1.95187951,1
1506965345,22665582,252.02,5.76021728,1
1506965345,22665581,252.02,1.69148215,1
1506965313,22665548,252.02,0.27478584,1
1506965264,22665540,252.06,0.10000000,1
1506965234,22665520,252.71,0.03822563,0
1506965232,22665519,252.70,0.31700000,0
1506965198,22665503,252.02,4.27351473,1
1506965198,22665502,252.03,10.12000000,1
1506965198,22665501,252.06,1.57391827,1
1506965198,22665500,252.07,3.94000000,1
1506965138,22665470,252.09,0.72183433,1
1506965070,22665419,252.09,1.65839192,0
1506965070,22665418,252.11,0.24100000,1
1506965070,22665417,252.12,0.10060808,1
1506964991,22665397,252.09,1.22045523,1
1506964991,22665396,252.09,2.36398241,1
1506964991,22665395,252.09,8.24496229,1
1506964989,22665394,252.08,1.62994140,1
1506964988,22665393,252.20,1.57830686,1
1506964988,22665392,252.22,0.31700000,1
1506964912,22665325,252.99,1.36724771,1
1506964912,22665322,252.98,1.62994140,0
1506964910,22665320,252.97,0.31700000,0
1506964863,22665303,253.06,0.81882142,1
1506964862,22665301,253.05,1.48443411,1
1506964862,22665300,253.05,0.77000000,1
1506964862,22665299,253.06,0.05509081,0
1506964855,22665296,252.22,0.77271295,1
1506964855,22665294,252.23,0.31700000,1
1506964804,22665212,253.09,1.25113595,0
1506964804,22665211,253.08,0.24090000,0
1506964802,22665207,253.07,0.28156086,0
1506964705,22665172,252.06,0.42608173,1
1506964704,22665171,252.07,0.24090000,1
1506964698,22665159,252.07,1.04777818,1
1506964696,22665157,253.16,1.35048980,0
1506964696,22665156,253.11,0.24090000,0
1506964696,22665154,253.10,4.32000000,1
1506964691,22665153,252.04,0.07501036,1
1506964679,22665144,252.16,3.32767840,1
1506964679,22665142,252.20,0.24090000,1
1506964678,22665141,253.11,0.03543914,0
1506964641,22665124,252.07,0.36164557,1
1506964599,22665108,252.25,0.42118697,1
1506964588,22665104,252.21,3.05476196,1
1506964587,22665103,252.21,2.76462138,1
1506964587,22665102,252.21,0.68061666,1
1506964587,22665101,252.24,0.31700000,1
1506964578,22665090,253.49,0.13254960,0
1506964577,22665087,253.45,2.00000000,0
1506964577,22665086,253.45,11.95464188,1
1506964577,22665085,252.89,5.33108207,0
1506964575,22665084,252.81,0.27273723,0
1506964517,22665045,252.81,0.19726277,0
1506964478,22665032,252.89,0.56257661,0
1506964478,22665031,252.73,0.11901294,0
1506964476,22665028,252.72,0.31700000,0
1506964367,22664970,252.01,4.25639530,1
1506964367,22664969,252.26,0.31700000,1
1506964367,22664968,252.28,0.03961470,1
1506964359,22664952,252.89,0.19341330,0
1506964228,22664890,252.91,0.49298169,0
1506964193,22664878,252.92,7.05590700,1
1506964192,22664877,252.91,2.60000000,0
1506964192,22664876,252.90,0.80665240,0
1506964192,22664875,252.75,5.00000000,0
1506964191,22664874,252.74,0.31700000,0
1506964036,22664784,252.91,0.14447554,0
1506964036,22664783,252.75,5.00000000,0
1506964034,22664782,252.74,0.24110000,0
1506963942,22664745,252.10,0.40469228,1
1506963942,22664744,252.10,0.31700000,1
1506963942,22664743,252.11,0.24110000,1
1506963930,22664741,252.92,11.92222837,0
1506963930,22664739,252.91,3.12000000,0
1506963929,22664738,252.90,2.02787663,0
1506963929,22664736,252.89,2.46026899,0
1506963929,22664733,252.63,0.45000000,0
1506963927,22664731,252.62,0.22563000,0
1506963650,22664631,252.25,0.22563000,1
1506963500,22664572,252.88,0.15481853,0
1506963500,22664571,252.88,0.44539036,0
1506963498,22664566,252.87,0.05586964,0
1506963479,22664553,252.89,1.11384396,0
1506963478,22664552,252.65,0.47000000,0
1506963359,22664507,252.14,0.05586964,1
1506963357,22664506,252.26,0.03961790,1
1506963285,22664438,252.90,1.97212337,0
1506963162,22664406,252.89,2.17086196,0
1506963162,22664405,252.89,0.19913804,0
1506963017,22664369,252.89,0.33126000,0
1506963016,22664366,252.89,0.10126000,0
1506963015,22664365,252.77,0.47000000,0
1506962971,22664348,252.89,2.36834196,0
1506962970,22664346,252.88,3.00000000,0
1506962970,22664345,252.75,0.20416000,0
1506962970,22664344,252.73,5.09431474,0
1506962969,22664343,252.72,3.71000000,1
1506962969,22664342,252.64,3.50000000,0
1506962967,22664341,252.30,1.85903946,0
1506962953,22664338,252.30,0.03951645,0
1506962931,22664323,252.30,5.00000000,0
1506962773,22664259,252.30,1.70126000,0
1506962723,22664223,252.30,0.35648038,0
1506962536,22664130,252.73,0.03965570,0
1506962526,22664121,252.73,0.22563000,0
1506962488,22664080,252.00,0.22584000,1
1506962476,22664072,252.73,3.06628661,0
1506962476,22664071,252.72,4.41000000,0
1506962474,22664069,252.71,0.22579000,0
1506962364,22664035,252.75,0.22584000,0
1506962234,22663986,252.87,0.15126000,0
1506962188,22663950,252.24,0.22579000,1
1506962134,22663925,252.87,0.22579000,0
1506961984,22663843,252.78,0.39461192,0
1506961816,22663708,252.87,0.95503618,0
1506961814,22663707,252.86,0.22839000,0
1506961807,22663701,252.26,0.22839000,1
1506961639,22663605,252.60,0.07184534,1
1506961628,22663598,252.60,1.49445460,1
1506961514,22663540,252.60,0.16700000,1
1506961213,22663392,252.92,0.15510833,0
1506961201,22663333,252.93,2.61000000,0
1506961200,22663332,252.94,1.33000000,0
1506961199,22663328,252.94,2.61326900,0
1506961199,22663327,252.93,1.32673100,0
1506961140,22663308,252.97,1.00000000,0
1506960965,22663206,252.68,10.04462400,0
1506960910,22663186,252.63,1.75649700,0
1506960863,22663161,252.63,0.77014714,0
1506960848,22663159,252.64,3.91763510,0
1506960848,22663158,252.62,0.15814423,0
1506960829,22663153,252.55,5.00000000,0
1506960797,22663145,252.54,3.15989546,0
1506960691,22663109,252.64,1.34848005,0
1506960689,22663107,252.59,0.31600000,0
1506960689,22663106,252.59,1.09960740,0
1506960373,22662961,252.82,0.20126000,0
1506960240,22662907,252.39,0.31600000,0
1506960239,22662906,252.41,3.11940900,1
1506960231,22662901,252.99,0.00679868,0
1506960231,22662900,252.99,6.00000000,0
1506960230,22662899,252.86,8.00000000,0
1506960230,22662898,252.85,0.65000000,0
1506960230,22662897,252.85,8.00000000,0
1506960230,22662896,252.78,3.94000000,0
1506960229,22662895,252.78,0.47000000,0
1506960229,22662894,252.71,1.95999990,0
1506960229,22662893,252.43,10.18952837,0
1506960181,22662876,252.09,10.00000000,1
1506960133,22662866,252.80,1.97700927,0
1506960121,22662856,252.49,1.97200000,0
1506960121,22662855,252.00,0.52435989,0
1506960121,22662854,251.99,0.19853962,0
1506960089,22662839,251.98,0.19000000,1
1506960086,22662835,251.97,0.32998088,1
1506960086,22662834,251.98,1.63546000,0
1506960017,22662806,252.00,0.04973000,0
1506960005,22662794,252.00,0.95591011,1
1506960005,22662793,252.00,0.07000000,1
1506960005,22662792,252.00,0.10000000,1
1506960005,22662791,252.00,10.00000000,1
1506960005,22662790,252.00,1.00000000,1
1506960004,22662788,252.00,2.00000000,1
1506960004,22662787,252.10,0.10000000,1
1506960004,22662786,252.15,0.20000000,1
1506959579,22662581,253.12,1.97040929,0
1506959442,22662509,253.18,6.31929400,0
1506959442,22662508,253.18,3.00000000,0
1506959442,22662506,253.18,3.00000000,0
1506959294,22662364,252.16,2.66043972,1
1506959294,22662362,252.20,0.10000000,1
1506959293,22662361,252.44,0.03956028,0
1506959292,22662360,252.20,4.15086986,0
1506959292,22662359,252.21,3.11930000,0
1506959291,22662358,252.30,0.10000000,1
1506959291,22662357,252.36,6.47987003,1
1506959291,22662355,252.37,3.31803697,1
1506959291,22662354,252.37,3.94000000,0
1506959290,22662353,252.40,0.10000000,1
1506959290,22662352,252.46,1.94192314,1
1506959289,22662349,252.59,3.94000000,0
1506959288,22662348,252.62,3.94000000,1
1506959288,22662347,252.62,3.94000000,1
1506959285,22662344,252.46,1.17690186,1
1506959285,22662343,252.50,0.10000000,1
1506959285,22662342,252.60,0.10000000,1
1506959284,22662341,252.62,0.31600000,1
1506959284,22662340,252.63,0.29453645,1
1506959282,22662335,252.70,0.10000000,1
1506958967,22662085,253.48,0.58777813,0
1506958965,22662075,253.48,0.30000000,1
1506958876,22662032,253.50,0.52521778,0
1506958876,22662031,253.49,3.00000000,0
1506958875,22662028,253.48,0.24010000,0
1506958729,22661957,253.69,0.54404982,0
1506958729,22661956,253.48,0.06915171,0
1506958727,22661955,253.30,0.05534810,0
1506958478,22661832,252.80,6.44465190,0
1506958478,22661831,252.80,0.05534810,1
1506958475,22661830,252.73,0.92239825,1
1506958475,22661829,252.80,0.10000000,1
1506958464,22661823,252.80,3.55379023,0
1506958463,22661820,252.81,0.24010000,1
1506958463,22661817,252.90,0.10000000,1
1506958463,22661815,252.98,0.06915171,0
1506958462,22661814,252.98,0.50117432,1
1506958456,22661807,253.98,0.00002052,0
1506958455,22661805,253.97,1.35510325,1
1506958455,22661802,253.98,1.00704000,0
1506958454,22661801,253.97,2.33961051,0
1506958394,22661769,253.97,1.26692128,0
1506958394,22661768,253.96,0.56650420,0
1506958394,22661767,253.95,3.16282798,0
1506958392,22661766,253.70,0.46000000,0
1506958364,22661709,253.69,0.10841624,0
1506958275,22661657,253.69,0.19260288,0
1506957918,22661497,252.98,0.68500000,1
1506957917,22661496,253.12,0.31500000,0
1506957736,22661435,252.98,1.81382568,1
1506957736,22661434,252.99,2.00000000,1
1506957735,22661432,253.80,0.13095073,1
1506957732,22661431,253.96,0.09683349,0
1506957639,22661374,253.96,0.90000000,0
1506957552,22661347,253.96,3.93666231,0
1506957543,22661344,253.96,2.00000000,0
1506957493,22661319,253.96,0.50000000,0
1506957024,22661180,253.97,0.03955726,0
1506957023,22661179,253.97,2.35391095,0
1506957023,22661178,253.73,0.46000000,0
1506957021,22661175,253.72,0.18734905,0
1506956858,22661089,253.54,0.07884357,1
1506956855,22661088,253.53,0.31600000,0
1506956853,22661087,253.52,1.01000000,0
1506956659,22660917,252.98,0.18734905,1
1506956499,22660834,253.00,1.38425744,1
1506956498,22660833,253.00,0.10000000,1
1506956498,22660832,253.02,0.31600000,1
1506956486,22660824,253.10,0.10000000,1
1506956486,22660821,253.20,0.10000000,1
1506956473,22660809,253.30,0.10000000,1
1506956473,22660808,253.40,0.09456707,1
1506956460,22660797,253.40,0.00543293,1
1506956460,22660796,253.50,0.14047063,1
1506956455,22660790,253.67,2.97225545,1
1506956455,22660789,253.98,3.06174055,1
1506956406,22660775,253.98,4.93825945,0
1506956386,22660762,253.50,0.16752937,1
1506956386,22660761,253.80,0.35460993,1
1506956375,22660759,253.51,0.17735742,1
1506956358,22660755,253.98,0.00126000,0
1506956356,22660754,253.88,1.00000000,0
1506956298,22660728,253.98,3.06048055,0
1506956232,22660645,253.99,0.63171778,0
1506956230,22660642,253.80,0.42896896,0
1506956059,22660547,253.80,0.57103104,0
1506956059,22660546,253.80,0.64420533,0
1506956057,22660545,253.63,0.69726775,0
1506956005,22660528,253.63,0.30273225,1
1506955982,22660517,253.64,1.00000000,0
1506955964,22660514,253.80,0.35579467,1
1506955957,22660512,253.80,1.00000000,1
1506955933,22660508,253.80,1.00000000,1
1506955914,22660496,253.80,1.00000000,1
1506955841,22660451,253.99,1.96916103,0
1506955702,22660387,253.99,1.17819599,0
1506955657,22660366,253.99,0.81290000,0
1506955592,22660316,253.99,2.31151894,0
1506955580,22660315,253.91,1.24874000,0
1506955472,22660274,253.91,0.75126000,0
1506955430,22660251,253.89,0.29730000,0
1506955315,22660209,253.90,0.22839000,0
1506955314,22660208,253.90,0.11688586,1
1506955302,22660204,253.90,2.00000000,1
1506955241,22660180,253.90,1.00000000,1
1506955155,22660135,254.00,1.38096597,0
1506955154,22660130,254.00,3.82010207,0
1506955152,22660127,254.00,1.59999997,0
1506955037,22660074,253.98,1.35876841,1
1506955027,22660071,254.45,0.51445972,0
1506955012,22660062,254.50,0.29176283,0
1506955001,22660044,254.48,0.10000000,0
1506955000,22660042,254.40,0.86439154,0
1506955000,22660040,254.38,0.10000000,0
1506954989,22660014,254.28,0.10000000,0
1506954989,22660013,254.27,1.00000000,0
1506954989,22660012,254.18,0.10000000,0
1506954989,22660011,254.08,0.10000000,0
1506954989,22660010,254.00,0.72731487,0
1506954988,22660007,254.00,0.45658948,0
1506954988,22660006,253.99,4.05817096,0
1506954879,22659908,253.88,0.01070033,0
1506954879,22659907,253.88,0.79156396,0
1506954877,22659906,253.87,3.05000000,0
1506954848,22659894,253.72,0.88415776,1
1506954847,22659893,253.73,3.94000000,0
1506954815,22659880,253.88,0.70581189,0
1506954815,22659877,253.88,0.43217268,0
1506954767,22659846,253.88,0.27707637,0
1506954766,22659845,253.87,0.52000000,0
1506954734,22659818,253.72,0.50000000,1
1506954732,22659813,253.72,0.13657200,1
1506954731,22659810,253.73,0.51525300,0
1506954725,22659803,253.72,0.89843036,1
1506954723,22659801,253.68,0.71566313,0
1506954723,22659800,253.67,2.19000000,0
1506954710,22659795,253.68,6.09480448,0
1506954700,22659787,253.68,4.43827097,0
1506954700,22659786,253.67,3.00000000,0
1506954700,22659785,253.67,0.68451138,0
1506954700,22659784,253.65,0.77721765,0
1506954677,22659770,253.65,0.33369836,0
1506954637,22659749,253.65,1.97200000,0
1506954636,22659745,253.65,1.94337485,0
1506954570,22659625,253.55,1.95120508,1
1506954479,22659555,253.65,2.97370914,0
1506954479,22659554,253.64,1.08446182,0
1506954429,22659538,253.49,21.19074252,0
1506954415,22659526,253.49,2.59122648,0
1506954408,22659524,253.49,3.11803100,1
1506954408,22659523,253.50,0.10000000,1
1506954163,22659378,253.64,1.91553818,0
1506954059,22659330,253.67,7.31548862,0
1506954059,22659329,253.66,4.65722865,0
1506954057,22659328,253.63,0.21758400,0
1506954015,22659306,253.63,0.20241600,0
1506953884,22659254,253.51,0.07691039,1
1506953880,22659251,253.66,0.03922574,0
1506953877,22659250,253.51,0.45891400,1
1506953792,22659193,253.66,1.96680596,0
1506953721,22659177,253.66,2.33673965,0
1506953679,22659155,253.68,4.28145695,0
1506953678,22659154,253.67,9.00000000,0
1506953678,22659153,253.60,4.01664038,0
1506953678,22659152,253.59,6.00000000,0
1506953676,22659151,253.58,0.29859500,0
1506953656,22659145,253.58,0.50888970,1
1506953651,22659144,253.58,0.49111030,0
1506953422,22658997,253.59,2.30126000,0
1506953411,22658982,253.51,5.00000000,0
1506953398,22658976,253.60,3.98335962,0
1506953398,22658975,253.60,5.00000000,1
1506953396,22658974,253.59,5.00000000,0
1506953238,22658881,253.68,4.46980447,0
1506953236,22658880,253.67,1.42900481,0
1506953219,22658855,253.51,5.00000000,0
1506953167,22658798,253.67,1.64196101,0
1506953157,22658787,253.55,0.94024847,0
1506953106,22658777,253.67,0.50000000,0
1506953068,22658747,253.67,0.10000000,0
1506953059,22658740,253.67,0.07864548,0
1506953048,22658731,253.67,0.10000000,0
1506953011,22658720,253.67,3.14861250,0
1506953011,22658719,253.66,3.94000000,0
1506952993,22658710,253.67,2.72890200,0
1506952969,22658699,253.54,3.94000000,0
1506952883,22658626,253.67,0.27287420,0
1506952883,22658623,253.60,0.86536782,0
1506952882,22658618,253.50,0.82869369,0
1506952785,22658410,253.50,0.40203000,0
1506952770,22658338,253.50,1.10000000,0
1506952752,22658319,253.50,0.16120000,0
1506952723,22658302,252.82,0.09977064,1
1506952721,22658301,253.00,1.00000000,1
1506952636,22658267,253.50,1.00126000,0
1506952539,22658233,253.50,1.50681631,0
1506952455,22658205,253.49,1.18051994,0
1506952132,22658138,252.48,0.60359400,1
1506952053,22658113,253.50,0.88076760,0
1506952053,22658112,253.49,0.11923240,0
1506951821,22658001,253.25,0.20126000,0
1506951746,22657979,253.19,0.80000000,0
1506951699,22657954,253.60,0.95076082,0
1506951699,22657953,253.50,4.04923918,0
1506951495,22657859,253.59,0.38411176,0
1506951380,22657775,253.59,0.19665602,0
1506951217,22657691,253.60,3.65387136,0
1506951027,22657617,252.60,2.11996674,0
1506951000,22657612,252.60,0.14072589,0
1506950932,22657577,253.70,0.50000000,0
1506950911,22657554,253.79,2.29288909,0
1506950911,22657553,253.79,0.47598510,0
1506950911,22657552,253.71,0.39395379,0
1506950901,22657545,253.80,0.39401103,0
1506950896,22657537,254.00,1.54341052,0
1506950896,22657536,253.99,0.84000000,0
1506950895,22657535,253.98,0.78287030,0
1506950895,22657534,253.98,0.10000000,0
1506950895,22657532,253.88,0.10000000,0
1506950895,22657531,253.78,0.10000000,0
1506950894,22657530,253.68,0.10000000,0
1506950894,22657529,253.58,0.10000000,0
1506950894,22657528,253.54,1.86371918,0
1506950892,22657527,253.29,0.47000000,0
1506950862,22657507,252.33,0.33190672,1
1506950862,22657506,252.68,0.27602000,1
1506950772,22657448,253.48,0.22851101,0
1506950772,22657445,253.47,17.00000000,0
1506950772,22657442,253.46,1.28761560,0
1506950770,22657436,253.46,0.93000000,0
1506950770,22657433,253.43,0.10000000,0
1506950770,22657430,253.38,0.08383014,0
1506950770,22657429,253.38,0.01616986,0
1506950769,22657428,253.30,0.06017405,0
1506950569,22657293,252.68,1.24398000,1
1506950489,22657261,253.25,0.02500000,0
1506950488,22657260,253.25,7.58375123,0
1506950488,22657259,253.25,0.10000000,0
1506950488,22657257,253.24,0.14000000,0
1506950488,22657255,253.20,2.00000000,0
1506950487,22657254,253.15,0.10000000,0
1506950487,22657253,253.05,0.10000000,0
1506950485,22657249,252.95,0.10000000,0
1506950482,22657248,252.79,0.47000000,0
1506950482,22657247,252.77,5.00000000,0
1506950470,22657234,252.70,3.76587462,0
1506950468,22657233,252.70,3.94000000,0
1506950467,22657232,252.70,3.94000000,0
1506950456,22657224,252.70,5.00000000,0
1506950350,22657185,252.70,0.81072856,0
1506950347,22657184,252.70,14.79857500,0
1506950304,22657163,252.70,8.60921800,0
1506950291,22657157,252.70,2.00000000,0
1506950283,22657151,252.70,2.37301148,0
1506950275,22657146,252.70,3.12731500,0
1506950235,22657126,252.70,3.00000000,0
1506950233,22657125,252.70,4.57696082,0
1506950233,22657124,252.69,0.16000000,0
1506950198,22657116,252.68,3.48000000,1
1506950114,22657078,252.70,7.89477641,0
1506950112,22657077,252.70,0.44728532,0
1506950112,22657076,252.69,0.23000000,0
1506950108,22657071,252.70,2.98567900,0
1506950108,22657070,252.69,0.28000000,0
1506950092,22657040,252.70,4.42000000,0
1506950092,22657039,252.69,0.33000000,0
1506950082,22657036,252.70,0.50183900,0
1506950078,22657034,252.70,2.88420000,0
1506950078,22657032,252.69,0.39000000,0
1506950062,22657024,252.70,1.02638900,0
1506950062,22657023,252.69,0.46000000,0
1506950056,22657019,252.70,0.31844083,0
1506950054,22657018,252.69,0.55000000,0
1506949998,22656963,252.70,1.84607024,0
1506949998,22656962,252.69,0.66000000,0
1506949950,22656945,252.70,15.83858330,0
1506949948,22656944,252.69,0.78000000,0
1506949948,22656943,252.69,3.11853058,0
1506949859,22656905,252.69,0.67814318,0
1506949792,22656884,252.69,2.09861886,0
1506949727,22656859,252.68,2.36860852,0
1506949705,22656836,252.10,5.84860371,1
1506949705,22656835,252.10,1.99373082,1
1506949704,22656834,252.10,1.12466818,1
1506949704,22656833,252.10,2.00000000,1
1506949691,22656826,252.70,5.89505342,0
1506949691,22656825,252.69,0.93000000,0
1506949691,22656824,252.69,0.99874000,0
1506949689,22656820,252.68,0.24160000,0
1506949652,22656812,252.69,1.00126000,0
1506949626,22656808,252.68,2.43840084,0
1506949626,22656807,252.68,0.36981509,0
1506949572,22656789,252.67,8.15300000,0
1506949571,22656788,252.66,1.10000000,0
1506949571,22656787,252.44,0.43000000,0
1506949571,22656786,252.43,0.31700000,0
1506949458,22656758,251.73,0.24160000,1
1506949457,22656757,251.74,0.31700000,1
1506949454,22656756,252.35,2.00126000,0
1506949432,22656748,252.43,0.39515905,0
1506949340,22656710,251.70,0.17000000,1
1506949339,22656709,252.61,0.17374609,0
1506949324,22656659,252.67,0.94605612,0
1506949323,22656658,252.63,1.21716674,0
1506949323,22656657,252.33,0.14254710,0
1506949323,22656656,252.33,2.94699113,0
1506949323,22656654,252.33,3.54151300,0
1506949322,22656653,252.20,3.18634448,0
1506949322,22656651,252.16,1.87455894,0
1506949322,22656650,252.15,1.97519000,1
1506949320,22656649,252.15,3.94000000,0
1506949181,22656551,251.16,0.86000000,1
1506949175,22656544,251.18,0.10073682,1
1506949168,22656542,251.20,3.18634448,1
1506949098,22656502,251.73,0.58030997,0
1506949078,22656490,251.75,0.07527308,0
1506949076,22656488,251.60,0.00000019,0
1506948903,22656379,251.10,0.00000019,0
1506948902,22656378,251.10,6.75430581,1
1506948898,22656376,252.16,7.39994447,0
1506948898,22656374,252.15,1.49000000,1
1506948898,22656373,252.15,6.21107617,0
1506948897,22656372,252.14,0.56905930,0
1506948897,22656371,251.47,2.76834435,0
1506948897,22656370,251.47,2.34442900,1
1506948895,22656368,251.46,7.14000000,0
1506948865,22656355,251.41,1.00000000,1
1506948858,22656352,251.42,0.24220000,0
1506948833,22656339,251.37,3.94000000,0
1506948824,22656335,251.42,3.96945350,0
1506948679,22656239,250.81,2.71780000,0
1506948679,22656238,250.82,2.04000000,1
1506948679,22656236,250.82,0.24220000,1
1506948640,22656219,250.84,0.30000000,1
1506948638,22656218,250.72,1.02450000,0
1506948637,22656217,250.71,2.00000000,1
1506948636,22656216,250.71,19.35685421,1
1506948636,22656215,250.71,5.00000000,1
1506948636,22656214,250.72,0.02000000,1
1506948636,22656213,250.78,2.50000000,0
1506948635,22656212,250.80,0.10000000,1
1506948635,22656211,250.90,2.00000000,1
1506948635,22656210,250.90,0.10000000,1
1506948635,22656209,250.91,0.76783229,1
1506948634,22656208,251.00,6.21107617,1
1506948634,22656207,251.00,0.00676500,1
1506948634,22656206,251.07,0.50000000,1
1506948632,22656205,251.08,3.74434400,1
1506948605,22656183,251.49,2.94699113,1
1506948605,22656182,251.49,3.54151300,1
1506948585,22656141,251.50,2.94490560,0
1506948584,22656140,251.50,1.02841660,0
1506948497,22656098,251.50,1.92820861,0
1506948497,22656097,251.50,0.19392427,0
1506948363,22656040,251.91,1.00178635,0
1506948353,22656033,252.00,0.01972222,1
1506948352,22656032,251.91,3.94000000,0
1506948305,22656017,252.00,0.23165565,0
1506948305,22656016,251.86,1.72030426,0
1506948305,22656015,251.86,3.31804009,0
1506948274,22655998,251.00,1.50000000,1
1506948251,22655989,251.92,0.25000000,0
1506948232,22655977,251.94,0.11478923,0
1506948182,22655950,251.96,0.25000000,0
1506948134,22655910,251.37,2.72764900,1
1506948134,22655909,251.00,0.09323500,1
1506948104,22655865,251.05,2.17194760,0
1506948101,22655860,251.05,0.32805240,1
1506948091,22655825,251.06,4.31849600,1
1506948046,22655772,252.09,1.80455228,0
1506948046,22655771,252.07,1.73052715,1
1506948044,22655767,251.24,0.24060000,0
1506948040,22655761,250.91,0.22301135,1
1506948039,22655760,250.94,0.07962063,1
1506948039,22655759,250.94,3.94000000,0
1506948039,22655756,251.00,2.90529878,1
1506948039,22655755,251.00,5.00000000,1
1506948039,22655754,251.00,0.10000000,1
1506948039,22655753,251.00,0.04010910,1
1506948038,22655752,251.01,4.21000000,1
1506948038,22655751,251.01,0.20000000,1
1506948038,22655750,251.10,0.10000000,1
1506948037,22655749,251.11,3.11813000,1
1506948037,22655748,251.20,0.08383014,1
1506948034,22655745,251.20,0.01616986,1
1506948033,22655744,251.30,0.10000000,1
1506948033,22655743,251.40,0.10000000,1
1506948033,22655741,251.41,0.49990000,0
1506948016,22655702,251.50,0.81119847,1
1506948016,22655701,251.50,4.01909900,1
1506948016,22655700,251.50,6.87466000,1
1506948013,22655695,251.51,1.96464841,1
1506947998,22655679,251.50,0.11546000,1
1506947984,22655663,251.50,7.22396571,1
1506947978,22655655,251.50,0.95561682,1
1506947977,22655654,251.52,3.94000000,1
1506947965,22655645,251.50,0.07000000,1
1506947965,22655644,251.50,0.10000000,1
1506947965,22655643,251.52,3.85276779,1
1506947965,22655642,251.52,0.08723221,1
1506947963,22655640,252.28,1.97716823,0
1506947928,22655593,251.61,4.00000000,1
1506947921,22655586,251.51,3.70769538,0
1506947920,22655585,251.60,0.10000000,1
1506947920,22655584,251.70,0.10000000,1
1506947918,22655579,251.80,4.26344850,1
1506947896,22655559,251.80,1.70785369,1
1506947894,22655558,251.80,2.27340300,1
1506947893,22655556,251.80,2.36275200,1
1506947893,22655553,251.80,4.39254281,1
1506947893,22655551,251.80,0.10000000,1
1506947892,22655549,251.81,5.49000000,1
1506947892,22655546,251.82,0.24060000,1
1506947892,22655543,251.89,0.06407919,1
1506947884,22655503,251.89,1.40000000,1
1506947877,22655470,251.89,1.65272681,1
1506947877,22655469,251.90,0.10000000,1
1506947877,22655467,251.92,4.32651519,1
1506947873,22655462,251.92,1.73348481,1
1506947872,22655461,252.00,9.91633809,1
1506947872,22655460,252.00,0.87517710,1
1506947870,22655457,252.00,1.12482290,1
1506947870,22655456,252.00,0.10000000,1
1506947870,22655455,252.01,5.94838500,1
1506947870,22655454,252.03,0.62678510,1
1506947868,22655453,252.59,0.17311045,0
1506947868,22655452,252.59,0.06383480,0
1506947844,22655387,252.02,2.29233600,1
1506947838,22655378,252.63,1.55000000,1
1506947837,22655377,252.63,0.43000000,0
1506947824,22655366,252.05,0.51072427,1
1506947817,22655348,252.05,0.79283058,1
1506947817,22655344,252.10,0.10000000,1
1506947817,22655343,252.20,0.10000000,1
1506947811,22655326,252.29,0.50000000,1
1506947810,22655325,252.30,0.67499682,1
1506947810,22655323,252.30,0.41450651,1
1506947808,22655319,252.30,0.41431373,1
1506947804,22655310,252.30,0.08060625,1
1506947804,22655309,252.30,0.10000000,1
1506947798,22655295,252.32,0.96394427,1
1506947785,22655282,252.33,0.06383480,1
1506947762,22655263,252.37,2.98405119,1
1506947761,22655261,252.40,0.10000000,1
1506947761,22655259,252.50,0.10000000,1
1506947760,22655258,252.60,0.10000000,1
1506947760,22655256,252.68,0.03356547,1
1506947760,22655254,252.68,0.36999363,1
1506947758,22655250,252.80,0.06017405,1
1506947755,22655246,252.68,0.22500454,1
1506947755,22655245,252.70,0.10000000,1
1506947755,22655244,252.80,0.85069068,1
1506947738,22655193,253.49,0.22862527,0
1506947737,22655191,253.48,0.27551473,0
1506947706,22655148,253.51,0.03932784,0
1506947660,22655104,252.80,0.14971215,1
1506947660,22655103,252.80,0.10000000,1
1506947658,22655101,253.49,1.84959908,1
1506947658,22655099,253.49,1.73168618,0
1506947536,22655024,253.23,0.31484257,1
1506947531,22655017,253.54,1.86465000,1
1506947529,22655013,253.54,0.13396850,0
1506947476,22654990,253.56,0.75913295,0
1506947476,22654989,253.55,0.24010000,0
1506947475,22654988,253.53,2.08678210,0
1506947475,22654987,253.52,0.41398495,0
1506947360,22654907,253.00,0.00001760,1
1506947359,22654905,253.00,5.56329728,1
1506947359,22654903,253.01,3.67927339,0
1506947358,22654902,253.00,6.59000000,1
1506947356,22654895,253.00,6.73081534,1
1506947355,22654892,253.00,6.30744396,1
1506947354,22654889,253.01,6.58965314,1
1506947354,22654888,253.01,0.14010000,1
1506947352,22654887,253.01,0.10000000,1
1506947351,22654884,253.00,6.72938087,1
1506947350,22654883,253.00,0.95000000,1
1506947350,22654879,253.00,6.72904495,1
1506947349,22654878,253.01,0.95303966,0
1506947348,22654876,253.00,10.40000000,0
1506947335,22654866,253.00,0.40000000,1
1506947322,22654859,253.01,0.00000845,0
1506947321,22654858,253.01,3.02999155,0
1506947319,22654849,253.01,6.72825711,1
1506947317,22654848,253.50,9.74016104,1
1506947317,22654847,253.20,0.23988894,0
1506947317,22654846,253.01,0.01995002,0
1506947280,22654829,253.01,0.08000000,1
1506947278,22654826,253.01,0.09995002,1
1506947275,22654820,253.01,2.09520055,1
1506947233,22654812,253.07,0.02204687,1
1506947230,22654809,253.05,0.21784207,0
1506947230,22654807,253.06,0.09800000,1
1506947228,22654804,253.05,0.31598495,1
1506947114,22654710,254.00,0.29403771,0
1506947050,22654657,252.81,1.73168618,0
1506947050,22654656,252.90,0.10000000,1
1506947050,22654655,252.99,0.06651576,1
1506947048,22654652,253.00,0.10000000,1
1506947015,22654613,253.99,3.82302865,0
1506946998,22654583,253.04,2.67044860,1
1506946997,22654582,253.06,2.32955140,1
1506946878,22654505,253.99,1.19024841,0
1506946877,22654504,253.68,0.31484257,1
1506946877,22654502,253.58,1.00000000,0
1506946875,22654501,253.24,0.26495554,0
1506946875,22654500,253.24,0.23970000,0
1506946705,22654405,253.98,0.39274746,0
1506946702,22654402,253.99,0.05000000,0
1506946657,22654368,253.48,0.31484257,1
1506946484,22654154,254.29,0.54530590,0
1506946216,22653954,254.14,0.68626000,1
1506946215,22653953,254.14,0.31500000,0
1506946134,22653925,253.41,1.52134865,0
1506946092,22653906,253.36,1.06184563,1
1506946091,22653905,253.84,1.96900000,1
1506945914,22653839,253.89,2.01294000,0
1506945910,22653833,253.91,0.11866409,0
1506945853,22653794,253.42,4.32579600,1
1506945831,22653763,253.41,2.36002922,1
1506945829,22653761,253.55,0.12544582,1
1506945773,22653707,253.56,1.63694100,1
1506945772,22653706,253.56,3.14063000,1
1506945768,22653703,253.55,0.20000000,1
1506945693,22653584,253.61,0.19996500,1
1506945690,22653582,253.61,3.00000000,1
1506945658,22653550,253.62,2.29023107,0
1506945648,22653544,253.58,3.94000000,1
1506945634,22653537,253.68,0.90660667,1
1506945598,22653500,253.68,2.09339333,1
1506945597,22653499,253.83,6.13939300,0
1506945597,22653498,253.86,0.31500000,1
1506945596,22653496,253.87,0.45000000,0
1506945595,22653495,253.87,0.23970000,1
1506945595,22653494,253.93,0.45089249,1
1506945593,22653493,253.94,2.25000000,0
1506945576,22653487,254.45,1.17603669,0
1506945557,22653476,253.93,1.00000000,1
1506945554,22653474,254.15,0.11564642,0
1506945552,22653472,254.16,0.16972478,0
1506945529,22653460,253.87,0.17443866,1
1506945519,22653458,254.15,2.76151581,1
1506945519,22653457,254.15,0.01387746,1
1506945509,22653454,254.20,2.03930507,1
1506945476,22653415,254.23,3.17434740,1
1506945462,22653402,254.44,3.27143000,1
1506945442,22653366,254.43,2.22248200,1
1506945442,22653365,254.44,5.32445400,1
1506945403,22653343,254.63,1.76644543,0
1506945403,22653342,254.62,3.94000000,1
1506945401,22653341,254.59,0.16991504,0
1506945371,22653315,254.55,3.47293872,1
1506945369,22653310,254.55,0.14992503,1
1506945369,22653309,254.55,4.33170898,1
1506945366,22653305,254.55,4.48145607,1
1506945355,22653297,254.54,4.48132645,0
1506945355,22653295,254.54,0.00003259,1
1506945352,22653292,254.54,3.21872641,1
1506945350,22653288,254.54,4.48124100,1
1506945294,22653253,254.53,2.68635065,1
1506945254,22653229,254.81,3.66631311,0
1506945253,22653228,254.63,0.14992503,0
1506945207,22653192,254.74,0.49340504,1
1506945205,22653190,254.63,0.28985507,0
1506945130,22653136,254.63,0.07834898,0
1506945115,22653123,254.88,0.68448097,0
1506945115,22653122,254.87,3.94000000,0
1506945115,22653121,254.81,3.11018300,0
1506945114,22653120,254.63,0.11639110,0
1506945104,22653114,254.63,1.35927965,0
1506945103,22653113,254.63,2.55816920,0
1506945082,22653096,254.84,2.49234814,1
1506945082,22653095,254.65,0.06376960,0
1506945080,22653094,254.63,5.59000000,1
1506945080,22653093,254.63,0.48975512,0
1506945060,22653065,254.63,0.86123465,1
1506945059,22653063,254.63,0.31400000,0
1506945010,22652984,254.15,0.06376960,1
1506945010,22652983,254.16,0.31400000,1
1506945003,22652980,254.15,1.43218516,1
1506944996,22652966,254.97,37.46135063,0
1506944996,22652965,254.97,1.01949025,1
1506944996,22652963,254.96,1.02000000,0
1506944996,22652961,254.92,3.10948400,0
1506944996,22652960,254.92,28.57622000,1
1506944995,22652959,254.90,2.90000000,0
1506944995,22652958,254.90,2.64113926,0
1506944995,22652957,254.85,4.00000000,0
1506944994,22652952,254.84,6.79537252,1
1506944993,22652951,254.84,0.98551523,1
1506944993,22652950,254.84,4.84202290,0
1506944974,22652934,254.79,0.05898975,0
1506944973,22652932,254.50,0.33290210,0
1506944753,22652855,254.50,0.66709790,0
1506944753,22652854,254.49,0.31500000,0
1506944740,22652817,254.48,2.55996252,0
1506944731,22652811,253.73,0.23920000,1
1506944729,22652809,253.73,5.33000000,1
1506944729,22652808,253.73,0.07632993,0
1506944727,22652802,253.74,0.31500000,0
1506944669,22652700,253.76,2.55996252,0
1506944669,22652699,253.76,0.23920000,1
1506944629,22652665,254.20,0.96900000,0
1506944629,22652664,253.99,1.00000000,0
1506944612,22652640,254.00,3.45830103,0
1506944598,22652619,254.25,23.54765285,0
1506944598,22652618,254.25,0.36458795,0
1506944591,22652613,254.25,1.27831846,0
1506944585,22652603,254.25,2.42234623,0
1506944585,22652602,253.99,2.70725192,0
1506944584,22652601,253.99,2.44430726,0
1506944578,22652595,253.99,0.66600682,0
1506944561,22652579,253.99,0.93243400,0
1506944559,22652575,253.99,3.94000000,0
1506944558,22652574,253.99,3.94000000,1
1506944552,22652572,254.44,0.07887911,0
1506944525,22652526,254.00,0.87004800,1
1506944524,22652524,253.99,0.31400000,0
1506944523,22652523,253.99,4.31727400,0
1506944511,22652512,254.00,7.00000000,1
1506944511,22652511,254.00,0.84586194,1
1506944479,22652501,254.00,0.15413806,1
1506944479,22652500,254.01,7.17000000,1
1506944479,22652499,254.02,2.21088720,1
1506944479,22652498,254.12,0.26852544,1
1506944479,22652497,254.28,0.32438269,1
1506944479,22652496,254.29,3.94000000,1
1506944479,22652495,254.38,0.31400000,1
1506944479,22652494,254.40,0.41806661,1
1506944478,22652493,254.41,0.20000000,1
1506944375,22652436,254.99,0.20126000,0
1506944370,22652435,254.61,1.00000000,1
1506944303,22652368,254.50,1.86000000,0
1506944303,22652367,254.50,2.00000000,1
1506944303,22652365,254.61,0.26852544,1
1506944303,22652364,254.62,0.39674555,1
1506944303,22652363,254.64,3.94000000,1
1506944202,22652300,254.99,0.09701290,0
1506944189,22652296,254.99,1.75642182,0
1506944153,22652276,255.00,0.99945098,0
1506943962,22652190,255.30,0.25940976,1
1506943962,22652189,255.35,0.10000000,1
1506943914,22652154,255.35,1.86907975,0
1506943889,22652136,255.26,1.38392170,0
1506943888,22652135,255.25,0.39634760,0
1506943888,22652134,255.24,0.23830000,0
1506943886,22652133,254.67,0.14000000,1
1506943824,22652106,254.66,1.87898349,1
1506943822,22652104,254.99,0.12101651,1
1506943820,22652103,254.66,6.74317655,1
1506943820,22652102,254.67,10.60000000,1
1506943820,22652101,254.79,3.31803983,1
1506943819,22652100,254.80,3.84611800,1
1506943819,22652099,254.80,0.23830000,1
1506943819,22652098,254.80,0.39634760,1
1506943819,22652097,254.99,0.32361160,1
1506943819,22652096,255.27,1.18592078,1
1506943819,22652095,255.37,0.34848564,1
1506943771,22652075,255.90,0.46400937,0
1506943771,22652073,255.80,0.35379753,1
1506943770,22652068,255.78,0.35192314,0
1506943769,22652067,255.90,5.23456428,0
1506943769,22652066,255.90,0.15000000,0
1506943768,22652065,255.85,0.10000000,0
1506943768,22652064,255.84,0.44000000,0
1506943768,22652062,255.80,0.15000000,0
1506943767,22652061,255.78,0.07892600,0
1506943767,22652060,255.70,0.15000000,0
1506943767,22652059,255.69,0.21384421,0
1506943765,22652057,255.68,0.50000000,0
1506943731,22652042,255.69,0.10000000,0
1506943724,22652040,255.69,0.32287945,0
1506943722,22652037,255.69,1.95451523,0
1506943718,22652033,255.69,0.01997000,0
1506943718,22652032,255.69,22.38879111,0
1506943718,22652031,255.67,0.35398201,0
1506943717,22652030,255.65,0.10000000,0
1506943717,22652029,255.62,3.10421700,1
1506943717,22652028,255.60,0.15000000,0
1506943717,22652027,255.55,0.10000000,0
1506943716,22652026,255.54,3.45660799,0
1506943716,22652024,255.45,0.10000000,0
1506943715,22652022,255.40,1.46096432,0
1506943598,22651958,255.39,0.07811276,0
1506943575,22651953,255.38,0.24699705,0
1506943574,22651952,255.37,1.00000000,0
1506943572,22651951,255.38,2.05870154,1
1506943572,22651950,255.38,7.69430141,1
1506943541,22651933,255.39,1.00000000,0
1506943539,22651931,255.38,4.31489210,0
1506943539,22651930,255.38,2.45482090,0
1506943462,22651913,255.38,0.19527763,0
1506943450,22651906,255.38,2.18722147,0
1506943450,22651905,255.38,0.81277853,0
1506943377,22651879,255.38,0.07811888,0
1506943336,22651846,255.38,0.03929619,0
1506943334,22651844,255.21,1.78290785,1
1506943332,22651840,255.22,0.18425750,1
1506943219,22651796,255.35,0.32330937,0
1506943217,22651795,255.35,0.47493386,0
1506943217,22651794,255.35,0.10000000,0
1506943217,22651793,255.34,0.32506614,0
1506943215,22651790,255.25,0.10000000,0
1506943161,22651754,255.22,3.10340900,0
1506943161,22651753,255.22,28.70210076,0
1506943160,22651749,255.22,0.98007898,0
1506943159,22651741,255.22,0.39083928,0
1506943086,22651709,255.22,1.95419638,0
1506943004,22651666,255.22,2.14959643,0
1506943001,22651663,255.22,1.00000000,0
1506942987,22651655,255.21,1.52608769,0
1506942987,22651654,255.20,7.58000000,0
1506942980,22651650,255.21,1.00838525,0
1506942957,22651620,255.22,0.11723219,0
1506942923,22651606,255.22,0.40357200,0
1506942899,22651535,255.22,0.32319572,0
1506942898,22651534,255.22,3.97918826,0
1506942897,22651533,255.20,0.50000000,0
1506942897,22651532,255.20,3.10440000,1
1506942897,22651530,255.15,0.10000000,0
1506942897,22651529,255.10,0.20680932,0
1506942896,22651528,255.05,0.10000000,0
1506942896,22651527,255.04,0.22544406,0
1506942896,22651526,255.04,0.10000000,0
1506942894,22651525,255.00,0.68415836,0
1506942882,22651523,255.00,3.91176471,0
1506942852,22651520,255.00,0.05863761,0
1506942829,22651512,255.00,0.78380392,0
1506942816,22651509,255.00,0.29119645,0
1506942715,22651486,254.79,0.19000000,1
1506942714,22651485,254.79,0.19000000,1
1506942713,22651484,254.79,0.19000000,1
1506942712,22651483,254.79,0.19000000,1
1506942711,22651482,254.79,0.19000000,1
1506942710,22651481,254.79,0.19000000,1
1506942709,22651480,254.79,0.19000000,1
1506942708,22651479,254.79,0.19000000,1
1506942707,22651478,254.79,0.19000000,1
1506942706,22651477,254.79,0.19000000,1
1506942706,22651476,254.79,0.19000000,1
1506942705,22651475,254.79,0.19000000,1
1506942704,22651472,254.79,0.19000000,1
1506942703,22651471,254.79,0.19000000,1
1506942702,22651470,254.79,0.19000000,1
1506942701,22651468,254.96,0.19000000,0
1506942647,22651408,254.65,0.14459698,0
1506942644,22651407,254.65,0.02304302,0
1506942640,22651405,254.65,0.02236000,1
1506942639,22651404,254.65,0.19000000,1
1506942638,22651403,254.65,0.19000000,1
1506942638,22651402,254.65,0.19000000,1
1506942637,22651401,254.97,0.19549480,0
1506942396,22651353,255.00,1.99764705,0
1506942396,22651352,254.98,1.50000000,0
1506942396,22651351,254.97,3.94000000,0
1506942394,22651350,254.95,0.38658656,0
1506942276,22651323,254.95,1.00000000,0
1506942159,22651263,254.83,3.17843268,1
1506942158,22651262,254.84,10.76000000,0
1506942132,22651251,254.90,0.39132993,0
1506942093,22651245,255.00,1.94313035,0
1506942080,22651241,255.00,0.32966155,0
1506942080,22651240,254.99,0.08424000,0
1506942078,22651236,254.98,0.54000000,0
1506942050,22651227,254.51,0.03930000,0
1506941906,22651054,254.51,8.00000000,0
1506941906,22651053,254.51,1.96070000,1
1506941897,22651051,254.51,0.03930000,1
1506941805,22651017,254.62,1.33198492,0
1506941743,22650981,254.98,2.72727272,1
1506941743,22650980,254.96,0.62496966,0
1506941743,22650979,254.95,0.10000000,0
1506941743,22650978,254.95,12.42978000,1
1506941742,22650977,254.94,0.10000000,0
1506941742,22650976,254.59,3.94000000,0
1506941740,22650975,254.50,0.03930000,0
1506941653,22650943,254.61,0.50996704,0
1506941650,22650942,254.85,1.08312732,0
1506941650,22650941,254.85,0.10000000,0
1506941650,22650940,254.75,0.10000000,0
1506941648,22650939,254.50,12.43326600,0
1506941448,22650843,254.65,0.57405383,0
1506941448,22650842,254.65,0.32594617,0
1506941447,22650841,254.65,0.10000000,0
1506941320,22650750,254.36,0.61160673,1
1506941308,22650740,254.55,1.19013421,0
1506941308,22650738,254.50,0.99497775,0
1506941307,22650737,254.35,0.10000000,0
1506941307,22650736,254.25,0.10000000,0
1506941307,22650735,254.20,0.02000000,0
1506941307,22650734,254.00,25.45760059,0
1506941303,22650733,254.00,0.50303244,0
1506941303,22650732,254.00,1.21497800,0
1506941303,22650729,254.00,1.19013400,0
1506941268,22650696,254.00,0.65616797,0
1506941265,22650686,254.00,1.22589485,0
1506941259,22650665,254.00,0.30681872,0
1506941258,22650657,254.00,34.79771000,0
1506941257,22650655,254.00,0.97328051,0
1506941255,22650644,254.00,38.81431400,0
1506941253,22650638,254.00,8.86776600,0
1506941253,22650637,254.00,26.69627900,0
1506941253,22650635,254.00,6.69675000,0
1506941199,22650592,253.69,0.62057592,1
1506941198,22650591,254.00,44.92403842,0
1506941184,22650584,254.00,12.52515755,0
1506941172,22650578,254.00,20.00126000,0
1506941159,22650563,254.00,0.58825000,0
1506941153,22650559,254.00,2.19231000,0
1506941131,22650544,254.00,1.96716535,0
1506941081,22650480,254.00,3.94000000,0
1506941080,22650479,254.00,3.94000000,0
1506941057,22650472,254.00,11.78744094,0
1506941050,22650469,254.00,0.50423000,0
1506941003,22650450,254.00,7.84652000,0
1506940999,22650448,254.00,4.98637000,0
1506940998,22650447,254.00,2.86800000,0
1506940977,22650428,254.00,6.51350000,0
1506940974,22650427,254.00,0.18161417,0
1506940974,22650426,254.00,1.54295279,0
1506940973,22650425,254.00,2.86800000,0
1506940973,22650424,254.00,2.71393600,0
1506940960,22650412,254.00,2.00126000,0
1506940934,22650402,254.00,3.94000000,0
1506940932,22650400,254.00,3.94000000,0
1506940907,22650394,254.00,0.50000000,0
1506940900,22650391,254.00,1.94823425,0
1506940900,22650389,254.00,2.22291200,0
1506940881,22650379,254.00,1.48031900,0
1506940865,22650372,254.00,0.35104252,0
1506940854,22650363,254.00,3.79434600,0
1506940802,22650308,254.00,0.03669291,0
1506940751,22650299,254.00,0.39271654,0
1506940739,22650296,254.00,0.03948338,0
1506940711,22650290,254.00,17.51362205,0
1506940671,22650283,254.00,3.94000000,0
1506940669,22650282,254.00,19.63728346,0
1506940655,22650281,254.00,0.39271654,0
1506940647,22650277,254.00,1.28728000,0
1506940642,22650274,254.00,1.28856700,0
1506940384,22650154,254.00,0.29620000,0
1506940355,22650140,254.00,1.00000000,0
1506940266,22650109,254.00,0.59810390,0
1506940260,22650105,254.00,0.59817431,0
1506940255,22650102,254.00,8.00208100,0
1506940214,22650088,254.00,1.53019510,0
1506940190,22650059,254.00,1.48492900,0
1506940153,22649993,253.99,0.74005790,1
1506940153,22649992,253.99,1.96731172,1
1506940153,22649991,253.99,3.14000000,1
1506940110,22649960,254.00,0.39271654,0
1506940109,22649959,254.00,6.73834400,0
1506940019,22649925,254.00,3.81404190,0
1506940010,22649917,254.00,0.26700000,0
1506940000,22649907,253.99,0.11000000,1
1506939987,22649906,253.99,0.13000000,1
1506939974,22649899,253.99,0.16000000,1
1506939961,22649893,253.99,0.18000000,1
1506939948,22649891,253.99,0.22000000,1
1506939934,22649864,253.99,0.26000000,1
1506939921,22649807,253.99,0.31000000,1
1506939908,22649805,253.99,0.37000000,1
1506939894,22649804,253.99,0.44000000,1
1506939881,22649796,253.99,0.52000000,1
1506939868,22649788,253.99,0.62000000,1
1506939858,22649782,254.00,14.68288000,0
1506939853,22649779,254.00,13.12117200,0
1506939841,22649768,254.00,1.57086600,0
1506939777,22649754,253.99,1.00000000,1
1506939776,22649753,254.00,11.25141311,0
1506939739,22649721,254.00,0.14671000,0
1506939724,22649718,254.00,10.55666559,0
1506939718,22649713,254.00,18.10579734,0
1506939717,22649712,254.00,1.97818723,0
1506939692,22649691,254.00,0.17669291,0
1506939685,22649689,254.00,1.62379600,0
1506939685,22649688,254.00,3.47525900,0
1506939664,22649678,254.00,0.06690950,0
1506939636,22649642,254.00,3.28592200,0
1506939632,22649639,254.00,0.42350923,0
1506939617,22649621,254.00,0.63218100,0
1506939612,22649620,254.00,3.00000000,0
1506939551,22649594,254.00,0.12279200,0
1506939550,22649593,254.00,0.04091500,0
1506939549,22649591,254.00,4.65190000,0
1506939542,22649586,254.00,0.26168121,0
1506939501,22649568,254.00,9.18489358,0
1506939483,22649549,254.00,1.86559803,0
1506939416,22649498,254.00,4.04887201,0
1506939410,22649497,254.00,0.59210797,0
1506939406,22649491,253.99,0.10000000,1
1506939397,22649484,254.00,2.17077700,0
1506939393,22649479,253.99,0.12000000,1
1506939383,22649475,254.00,1.98220724,0
1506939380,22649474,253.99,0.15000000,1
1506939372,22649472,253.99,0.17000000,0
1506939353,22649468,254.00,0.14848000,0
1506939345,22649461,254.00,1.96773425,0
1506939345,22649459,254.00,3.47939800,0
1506939344,22649458,254.00,3.58963300,0
1506939344,22649457,253.99,0.21000000,0
1506939321,22649445,254.00,0.05818500,0
1506939320,22649444,254.00,9.89800000,0
1506939320,22649443,253.99,0.30000000,0
1506939313,22649440,254.00,2.75305400,0
1506939313,22649439,253.99,0.30000000,0
1506939292,22649399,254.00,0.64141732,0
1506939290,22649398,253.99,0.36000000,0
1506939284,22649395,254.00,0.14544372,0
1506939281,22649393,254.00,3.22975634,0
1506939281,22649392,254.00,0.81439395,0
1506939281,22649391,253.99,0.42000000,0
1506939268,22649377,254.00,12.87298720,0
1506939268,22649375,254.00,21.13527100,0
1506939266,22649370,254.00,1.96312963,0
1506939247,22649357,254.00,0.60410000,0
1506939242,22649349,254.00,1.47432400,0
1506939224,22649342,254.00,0.73043779,0
1506939191,22649328,254.00,1.82110236,0
1506939159,22649314,254.00,2.00000000,0
1506939092,22649287,254.00,3.07730813,0
1506939086,22649282,254.00,5.28980953,0
1506939018,22649244,253.67,0.59000000,1
1506939018,22649243,254.00,1.84358267,0
1506939016,22649242,253.99,0.12000000,0
1506938974,22649212,254.00,1.57201019,0
1506938974,22649211,253.99,0.14000000,0
1506938974,22649210,253.76,0.00000020,0
1506938960,22649198,253.76,0.72999980,0
1506938960,22649197,253.76,3.20771620,0
1506938949,22649193,253.76,0.73228380,1
1506938932,22649184,254.00,1.65326651,0
1506938932,22649183,253.99,0.16000000,0
1506938904,22649168,253.99,0.16905000,1
1506938901,22649165,254.00,0.36905511,0
1506938900,22649164,254.00,0.38562850,0
1506938899,22649163,253.99,0.22000000,0
1506938861,22649120,254.00,1.18189591,0
1506938855,22649116,254.00,1.62127000,0
1506938854,22649115,254.00,2.03589500,0
1506938854,22649114,253.99,0.27000000,0
1506938829,22649107,254.00,3.09348724,0
1506938829,22649106,253.99,0.32000000,0
1506938797,22649087,254.00,51.23734030,0
1506938796,22649086,253.99,0.38000000,0
1506938756,22649053,254.00,2.61244200,0
1506938756,22649052,253.99,0.45000000,0
1506938651,22648989,254.00,5.70125984,0
1506938632,22648977,254.00,0.11078800,0
1506938600,22648968,254.00,2.25706000,0
1506938595,22648963,254.00,1.48508200,0
1506938595,22648962,254.00,1.00000000,0
1506938582,22648946,254.00,5.74904101,0
1506938533,22648928,254.00,0.26260500,0
1506938512,22648913,254.00,0.02305600,0
1506938496,22648908,254.00,0.02557200,0
1506938471,22648897,254.00,3.00000000,0
1506938463,22648886,254.00,6.00000000,0
1506938452,22648869,254.00,10.48737900,0
1506938448,22648868,254.00,0.78606100,0
1506938414,22648853,254.00,3.81434214,0
1506938399,22648736,254.00,0.03421000,0
1506938393,22648728,254.00,1.96457134,0
1506938324,22648683,254.00,9.50696800,0
1506938304,22648674,254.00,35.42840000,0
1506938301,22648672,254.00,4.32636600,0
1506938301,22648671,254.00,2.37816300,0
1506938300,22648668,253.99,1.56000000,0
1506938300,22648666,253.99,1.64000000,0
1506938299,22648665,253.99,0.73816300,0
1506938298,22648660,253.99,1.55546800,0
1506938279,22648650,253.99,1.64636900,0
1506938270,22648648,254.00,7.96279200,0
1506938236,22648639,254.00,0.09807087,0
1506938215,22648615,254.00,1.00126000,0
1506938209,22648612,254.00,2.31754300,0
1506938195,22648599,253.76,0.25298442,1
1506938195,22648598,253.80,0.20000000,1
1506938138,22648576,254.00,1.96803449,0
1506938137,22648575,254.00,0.45298442,0
1506938128,22648571,254.00,12.67587400,0
1506938096,22648554,254.00,3.94000000,0
1506938095,22648553,254.00,7.27881400,0
1506938094,22648551,254.00,3.94000000,0
1506938093,22648550,254.00,0.28202546,0
1506938088,22648547,254.00,0.05553400,0
1506938074,22648517,254.00,24.97049600,0
1506938068,22648515,254.00,3.15054948,0
1506938007,22648463,254.00,21.98197200,0
1506938005,22648462,254.00,9.58505000,0
1506938000,22648455,254.00,4.72403700,0
1506938000,22648454,254.00,4.87060400,0
1506937967,22648423,253.76,4.00000000,1
1506937907,22648391,254.00,1.96677165,0
1506937901,22648380,254.00,0.05000000,0
1506937887,22648376,254.00,46.21428287,0
1506937833,22648344,254.00,5.31791339,0
1506937832,22648342,254.00,14.63000000,0
1506937799,22648320,254.00,1.00126000,0
1506937746,22648294,254.00,9.51014452,0
1506937732,22648283,254.00,0.06624138,0
1506937732,22648282,253.99,0.13000000,0
1506937729,22648280,254.00,2.43180200,0
1506937728,22648279,253.99,0.13000000,0
1506937714,22648268,254.00,0.50630800,0
1506937710,22648259,254.00,45.88192878,0
1506937710,22648258,253.80,13.42871122,0
1506937709,22648256,253.99,3.10929900,0
1506937709,22648255,253.99,3.25886693,1
1506937709,22648254,253.99,5.72280285,1
1506937709,22648253,253.99,4.48032000,1
1506937708,22648250,254.00,0.19633858,0
1506937704,22648248,253.99,0.20000000,1
1506937696,22648239,254.00,0.24005503,0
1506937695,22648238,254.00,5.43696800,0
1506937695,22648237,254.00,5.81730800,0
1506937695,22648236,254.00,3.32302200,0
1506937695,22648233,254.00,6.00000000,0
1506937694,22648232,254.00,2.00362400,0
1506937694,22648231,254.00,17.54068100,0
1506937694,22648230,254.00,3.22950945,0
1506937693,22648229,253.99,0.23000000,0
1506937693,22648227,253.99,10.00000000,0
1506937693,22648225,253.99,19.73039055,0
1506937693,22648224,253.99,0.26960945,0
1506937692,22648222,253.97,10.00000000,0
1506937692,22648220,253.95,1.85540573,0
1506937692,22648219,253.95,2.57942400,0
1506937686,22648212,253.95,0.35982800,0
1506937686,22648211,253.95,0.10000000,0
1506937666,22648198,253.95,0.07870840,0
1506937660,22648196,253.95,0.95000600,0
1506937655,22648191,253.95,2.01811380,0
1506937631,22648163,253.95,0.83601158,0
1506937558,22647956,253.95,0.30441000,0
1506937361,22647579,253.50,1.34223794,1
1506937172,22647150,253.98,0.07461217,0
1506937041,22647095,253.98,4.03015674,0
1506937033,22647087,253.97,2.35278651,0
1506937033,22647086,253.97,1.48000000,0
1506937022,22647079,253.98,1.45605846,0
1506937022,22647078,253.97,0.51000000,0
1506937022,22647077,253.97,1.64000000,0
1506937022,22647076,253.97,0.33000000,0
1506937022,22647075,253.97,1.48748739,0
1506937007,22647071,253.97,0.50777650,0
1506937006,22647070,253.97,1.63966997,0
1506937002,22647066,253.97,0.32506614,0
1506936994,22647061,253.54,0.32706413,0
1506936994,22647059,253.54,0.00030660,0
1506936993,22647057,253.14,0.00000039,0
1506936991,22647055,253.14,1.41140500,0
1506936988,22647054,253.14,2.78000000,0
1506936988,22647053,253.13,7.22000000,0
1506936973,22647038,253.13,2.90000000,0
1506936963,22647026,253.14,30.00000000,0
1506936963,22647021,253.14,51.82816966,0
1506936963,22647019,253.13,2.99999997,0
1506936957,22647009,253.14,5.41480119,0
1506936952,22646993,253.14,2.00000000,0
1506936945,22646979,253.14,23.66915541,0
1506936938,22646976,253.14,19.33670632,0
1506936938,22646975,253.14,3.31231836,0
1506936937,22646974,253.14,0.97595349,0
1506936937,22646973,253.14,0.61683602,0
1506936913,22646965,253.14,12.34756972,0
1506936912,22646964,253.14,2.53187959,0
1506936912,22646963,253.14,2.53187959,0
1506936912,22646962,253.14,4.09960419,0
1506936912,22646961,253.14,1.89576650,0
1506936911,22646959,253.14,4.34916403,0
1506936911,22646958,253.14,1.37371690,0
1506936911,22646957,253.14,7.83188343,0
1506936911,22646956,253.14,3.84912864,0
1506936910,22646955,253.14,1.13932940,0
1506936910,22646951,253.14,0.82243320,0
1506936910,22646949,253.14,2.63095228,0
1506936901,22646943,253.14,0.19704511,0
1506936847,22646905,253.14,0.19708462,0
1506936804,22646875,253.14,2.43813000,0
1506936776,22646859,253.05,0.99621340,1
1506936694,22646792,253.14,0.15467294,0
1506936561,22646493,253.14,1.96862500,0
1506936543,22646485,253.14,1.00000000,0
1506936474,22646456,253.14,1.70181881,0
1506936469,22646453,253.14,1.48935458,0
1506936469,22646452,253.14,3.16316894,0
1506936410,22646409,253.14,7.00000000,0
1506936386,22646404,253.14,1.97070000,0
1506936380,22646402,253.14,1.97267000,0
1506936315,22646314,253.14,1.97002000,0
1506936311,22646309,253.14,0.96740600,0
1506936285,22646304,253.14,1.00126000,0
1506936284,22646303,253.14,0.03961323,0
1506936276,22646301,253.14,10.00000000,0
1506936251,22646238,253.14,2.05683600,0
1506936224,22646227,253.14,0.09099708,0
1506936195,22646167,253.14,0.14805000,0
1506936130,22646078,253.14,3.15536000,0
1506936129,22646076,253.14,4.02364200,0
1506936129,22646075,253.14,2.18320600,0
1506936129,22646074,253.14,1.20012000,0
1506936123,22646063,253.14,0.97635806,0
1506936120,22646058,253.14,1.97225000,0
1506936105,22646053,253.14,2.00000000,0
1506936089,22645998,253.14,0.44000000,0
1506936086,22645997,253.14,10.00000000,0
1506936057,22645984,253.14,0.41000000,0
1506936053,22645983,253.14,2.44025000,0
1506936048,22645979,253.14,1.62882400,0
1506936006,22645908,253.14,1.75000000,0
1506935997,22645903,253.14,3.94090227,0
1506935830,22645845,253.14,0.05912000,0
1506935700,22645791,253.14,1.98236800,0
1506935685,22645790,253.14,7.88891522,0
1506935590,22645757,253.14,3.90374500,0
1506935523,22645728,253.14,21.29148600,0
1506935502,22645723,253.14,1.00000000,0
1506935500,22645718,253.14,1.00000000,0
1506935487,22645703,253.14,0.14682300,0
1506935476,22645695,253.14,0.82748677,0
1506935476,22645693,253.14,6.27644600,0
1506935472,22645689,253.14,0.04906500,0
1506935460,22645680,253.14,0.40713200,0
1506935449,22645674,253.14,0.03391100,0
1506935446,22645670,253.14,0.84766900,0
1506935438,22645667,253.14,26.73421700,0
1506935436,22645665,253.14,11.33403000,0
1506935419,22645655,253.14,1.00000000,0
1506935407,22645651,253.14,0.95999700,0
1506935381,22645622,253.14,0.53757700,0
1506935287,22645561,253.14,1.00000000,0
1506935265,22645547,253.12,0.04901151,1
1506935250,22645538,253.14,13.37000000,0
1506935229,22645530,253.14,3.36198000,0
1506935229,22645529,253.14,11.46752200,0
1506935174,22645510,253.14,3.00364000,0
1506935164,22645505,253.14,2.09990300,0
1506935130,22645494,253.07,0.13671600,0
1506935084,22645486,253.07,10.00000000,0
1506935004,22645461,253.00,0.07000000,1
1506934956,22645450,253.14,4.50786126,0
1506934942,22645446,253.14,0.14727600,0
1506934938,22645445,253.14,6.13350176,0
1506934937,22645444,253.14,1.00000000,0
1506934933,22645443,253.14,2.00000000,0
1506934928,22645439,253.05,2.17202432,1
1506934915,22645432,253.14,0.10150000,0
1506934911,22645429,253.14,4.94752311,0
1506934850,22645399,253.14,5.00000000,0
1506934832,22645391,253.14,0.14673400,0
1506934820,22645380,253.14,0.34024600,0
1506934782,22645352,253.14,5.53487000,0
1506934777,22645349,253.14,1.51301500,0
1506934777,22645348,253.14,1.02739200,0
1506934777,22645347,253.14,3.00000000,0
1506934758,22645337,253.14,1.39996000,0
1506934753,22645336,253.14,1.28646400,0
1506934751,22645332,253.14,0.11462400,0
1506934711,22645321,253.14,6.76101336,0
1506934706,22645320,253.14,2.37791300,0
1506934671,22645315,253.13,3.23898664,0
1506934637,22645277,253.13,20.00000000,0
1506934542,22645248,253.13,4.06343511,0
1506934536,22645245,253.13,1.79033325,0
1506934527,22645239,253.13,14.34676300,0
1506934517,22645227,253.14,0.44094200,0
1506934516,22645226,253.14,12.01498100,0
1506934516,22645225,253.14,6.52146300,0
1506934515,22645224,253.14,4.00000000,0
1506934512,22645219,253.14,3.85562241,0
1506934508,22645218,253.14,11.32750400,0
1506934507,22645217,253.14,12.03904000,0
1506934499,22645205,253.14,1.59710668,0
1506934496,22645199,253.14,14.78786400,0
1506934494,22645197,253.14,1.46518656,0
1506934484,22645189,253.13,2.25888766,1
1506934483,22645188,253.14,11.63407300,0
1506934481,22645186,253.14,0.99767491,0
1506934478,22645183,253.13,0.99996680,1
1506934474,22645181,253.13,4.79656528,1
1506934474,22645180,253.13,0.99341972,1
1506934473,22645179,253.14,14.93900000,0
1506934438,22645157,253.14,4.20837790,0
1506934429,22645149,253.14,1.96889900,0
1506934425,22645144,253.14,0.13479500,0
1506934419,22645138,253.14,4.79510000,0
1506934412,22645132,253.14,2.47258800,0
1506934411,22645131,253.14,6.64881400,0
1506934410,22645130,253.14,0.17500000,0
1506934410,22645129,253.14,3.00000000,0
1506934408,22645126,253.14,15.30040000,0
1506934407,22645125,253.14,8.56028600,0
1506934401,22645114,253.14,5.08578500,0
1506934401,22645113,253.14,1.13217700,0
1506934399,22645110,253.14,7.70578400,0
1506934399,22645109,253.14,1.13217700,0
1506934399,22645108,253.14,3.41086500,0
1506934396,22645106,253.14,0.66113500,0
1506934392,22645100,253.14,14.94463900,0
1506934391,22645099,253.14,0.11993500,0
1506934390,22645098,253.14,2.00000000,0
1506934388,22645096,253.14,3.00000000,0
1506934387,22645092,253.14,0.36390930,0
1506934378,22645082,253.14,1.13217700,0
1506934377,22645081,253.14,5.59026900,0
1506934377,22645080,253.14,8.13849000,0
1506934377,22645079,253.14,2.00000000,0
1506934376,22645078,253.14,7.79039800,0
1506934376,22645077,253.14,1.13217700,0
1506934372,22645073,253.14,2.00000000,0
1506934368,22645067,253.14,35.49101780,0
1506934368,22645066,253.14,8.20664200,0
1506934363,22645063,253.14,7.00000000,0
1506934363,22645062,253.14,2.64720000,0
1506934361,22645053,253.14,7.00000000,0
1506934359,22645052,253.14,1.67078300,0
1506934358,22645051,253.14,3.08395300,0
1506934355,22645049,253.14,7.80000000,0
1506934354,22645048,253.14,3.00000000,0
1506934354,22645047,253.14,5.90000000,0
1506934354,22645045,253.14,3.00000000,0
1506934354,22645044,253.14,58.82695500,0
1506934353,22645043,253.14,21.60465600,0
1506934353,22645042,253.14,8.86217300,0
1506934353,22645041,253.14,2.93000000,0
1506934352,22645040,253.14,8.92257500,0
1506934352,22645039,253.14,13.27940200,0
1506934350,22645038,253.14,0.02107200,0
1506934348,22645036,253.14,0.95864455,0
1506934341,22645026,253.14,5.00000000,0
1506934297,22645012,253.14,2.00000000,0
1506934290,22645010,253.14,3.01477443,0
1506934269,22645006,253.14,0.21026591,0
1506934248,22644992,253.14,1.37603173,0
1506934220,22644986,253.14,13.89994223,0
1506934217,22644985,253.14,0.09895710,0
1506934210,22644981,253.14,0.13853994,0
1506934198,22644959,253.14,100.00000000,0
1506934129,22644935,253.14,3.94050723,0
1506934100,22644922,253.14,0.99691870,0
1506934091,22644919,253.14,0.03961475,0
1506934079,22644916,253.14,12.45142900,0
1506934069,22644915,253.13,0.15000000,0
1506934057,22644913,253.14,1.82474046,0
1506934057,22644912,253.13,0.15000000,0
1506933984,22644861,253.02,3.79103407,1
1506933984,22644859,253.03,0.16896593,1
1506933973,22644853,253.14,0.07126000,0
1506933971,22644852,253.13,0.18000000,0
1506933890,22644801,253.14,0.69819309,0
1506933890,22644800,253.13,0.21000000,0
1506933867,22644791,253.14,55.63156300,0
1506933867,22644790,253.13,0.25000000,0
1506933857,22644786,253.14,1.22972900,0
1506933857,22644785,253.13,0.29000000,0
1506933833,22644774,253.14,1.60882600,0
1506933833,22644773,253.14,1.53990600,0
1506933833,22644772,253.14,9.21481900,0
1506933833,22644771,253.13,0.35000000,0
1506933803,22644765,253.14,11.13234811,0
1506933803,22644764,253.13,0.41000000,0
1506933771,22644742,253.14,0.36819766,0
1506933771,22644741,253.13,0.49000000,0
1506933759,22644736,253.14,1.90274179,0
1506933759,22644735,253.14,2.91570074,0
1506933758,22644734,253.14,2.45145254,0
1506933758,22644733,253.14,1.43828095,0
1506933757,22644731,253.13,0.58000000,0
1506933751,22644727,253.13,0.08459300,0
1506933741,22644723,253.14,2.23677700,0
1506933741,22644722,253.13,0.71000000,0
1506933686,22644709,252.87,0.60000206,0
1506933660,22644707,252.86,2.99911800,1
1506933634,22644695,253.14,20.79245000,0
1506933613,22644689,253.14,1.26450000,0
1506933574,22644669,253.14,1.15850749,0
1506933529,22644654,252.85,2.10038677,0
1506933496,22644646,252.85,0.86000000,0
1506933491,22644643,252.85,0.03961323,0
1506933427,22644634,253.14,3.10048643,0
1506933426,22644631,253.14,3.36518100,0
1506933420,22644627,253.14,4.91779727,0
1506933419,22644626,253.14,2.80827955,0
1506933351,22644607,253.14,2.68267300,0
1506933339,22644603,253.14,0.23633000,0
1506933272,22644562,253.14,0.83353000,0
1506933175,22644501,252.80,1.00000000,1
1506933014,22644444,253.14,2.67767079,0
1506933009,22644442,253.14,1.97519000,0
1506933008,22644441,253.14,11.51157999,0
1506932989,22644429,253.14,10.84565472,0
1506932983,22644426,253.14,20.67826688,0
1506932983,22644425,253.13,13.31823430,0
1506932774,22644363,253.13,1.16544600,0
1506932774,22644362,253.13,0.11631970,0
1506932731,22644349,252.65,1.19314819,1
1506932730,22644348,252.76,0.36589167,0
1506932729,22644347,252.76,0.44096014,1
1506932647,22644320,252.76,1.27903986,1
1506932646,22644319,252.90,4.00000000,1
1506932646,22644318,252.91,3.31803983,0
1506932646,22644317,252.91,6.19356000,0
1506932644,22644316,253.00,0.20936031,1
1506932641,22644314,253.14,6.19975900,0
1506932505,22644256,253.14,9.22080700,0
1506932505,22644255,253.14,5.58495300,0
1506932488,22644253,253.14,0.10000000,0
1506932471,22644246,253.14,3.85563036,0
1506932468,22644244,253.14,0.50668700,0
1506932447,22644240,253.14,8.11501208,0
1506932440,22644238,253.14,0.51224619,0
1506932436,22644235,253.00,0.15000000,1
1506932411,22644217,253.14,0.19930000,0
1506932399,22644205,253.14,0.49853251,0
1506932393,22644199,253.14,3.67950927,0
1506932379,22644194,253.14,0.50611000,0
1506932369,22644188,253.14,3.93894975,0
1506932323,22644170,253.14,1.03500000,0
1506932296,22644166,253.14,0.19936997,0
1506932296,22644165,253.13,0.20000000,0
1506932241,22644151,253.14,0.10176187,0
1506932237,22644150,253.14,0.50061000,0
1506932227,22644146,253.14,7.01776900,0
1506932226,22644145,253.13,0.11000000,0
1506932164,22644135,253.14,3.67416143,0
1506932163,22644134,253.13,0.13000000,0
1506932163,22644133,253.13,0.15583857,0
1506932119,22644124,253.13,0.04416143,0
1506932119,22644123,253.13,0.15000000,0
1506932096,22644113,253.14,19.52267519,0
1506932095,22644112,253.13,0.18000000,0
1506932078,22644111,253.14,1.13502606,0
1506932078,22644109,253.13,0.21000000,0
1506931980,22644066,253.14,3.66000000,0
1506931980,22644065,253.13,0.30000000,0
1506931954,22644050,253.14,1.56253000,0
1506931954,22644049,253.13,0.44000000,0
1506931946,22644046,253.14,1.40876500,0
1506931946,22644045,253.13,0.44000000,0
1506931859,22643961,253.14,2.85936000,0
1506931859,22643960,253.14,3.00000000,0
1506931858,22643959,253.14,10.95013500,0
1506931858,22643958,253.14,6.83255900,0
1506931858,22643957,253.14,2.12893800,0
1506931858,22643956,253.14,2.04642400,0
1506931857,22643955,253.14,3.12668600,0
1506931856,22643953,253.14,28.02121000,0
1506931767,22643920,253.14,3.76956000,0
1506931757,22643911,253.14,3.47190300,0
1506931751,22643908,253.14,0.15000000,0
1506931750,22643907,253.13,0.11000000,1
1506931750,22643906,253.14,0.15000000,0
1506931749,22643905,253.14,0.15000000,0
1506931747,22643904,253.14,0.15000000,0
1506931746,22643903,253.14,0.15000000,0
1506931745,22643901,253.14,0.15000000,0
1506931744,22643899,253.14,0.15000000,0
1506931743,22643896,253.14,0.15000000,0
1506931742,22643894,253.14,0.15000000,0
1506931741,22643891,253.14,0.15000000,0
1506931740,22643890,253.14,0.15000000,0
1506931739,22643888,253.14,0.15000000,0
1506931738,22643886,253.14,0.15000000,0
1506931737,22643885,253.13,0.15000000,1
1506931726,22643882,253.13,0.18000000,0
1506931726,22643881,253.13,1.07468740,0
1506931725,22643880,253.13,1.83968613,0
1506931725,22643879,253.13,3.96000000,0
1506931723,22643877,253.13,3.96000000,0
1506931701,22643870,253.13,0.04238000,0
1506931669,22643855,253.00,0.84000000,1
1506931660,22643853,253.13,0.03961475,0
1506931608,22643828,253.13,0.02066132,0
1506931575,22643805,253.13,0.02070083,0
1506931495,22643763,253.13,3.00187566,0
1506931404,22643743,253.13,1.97485308,0
1506931394,22643741,253.13,7.37814600,0
1506931347,22643720,253.13,7.67221000,0
1506931240,22643679,253.13,1.50890477,0
1506931194,22643639,253.13,0.07231323,0
1506931168,22643633,253.13,3.85569805,0
1506931005,22643578,253.00,7.20000000,1
1506930974,22643565,253.13,3.80126000,0
1506930937,22643536,253.13,0.02490938,0
1506930871,22643510,253.14,0.12617523,0
1506930870,22643509,253.13,0.26000000,0
1506930833,22643498,253.13,0.03962536,0
1506930817,22643494,253.13,0.30000000,0
1506930736,22643455,253.14,0.80195400,0
1506930675,22643433,253.14,0.70689506,0
1506930665,22643425,253.14,2.00983645,0
1506930638,22643409,253.14,0.31583314,0
1506930626,22643407,253.14,7.76613077,0
1506930619,22643404,253.14,8.84985291,0
1506930619,22643403,253.09,5.37739700,0
1506930561,22643379,253.05,6.76052100,0
1506930477,22643303,253.09,3.30677059,0
1506930466,22643286,253.02,5.87770200,0
1506930465,22643284,253.02,3.75614330,0
1506930461,22643282,253.02,2.18154400,0
1506930449,22643276,253.13,0.71015000,0
1506930446,22643272,253.13,2.59614000,0
1506930443,22643271,253.13,2.59614000,0
1506930255,22643211,253.14,0.17911340,0
1506930206,22643166,253.00,0.35742790,1
1506930118,22643105,253.14,20.89057500,0
1506930113,22643104,253.14,2.42864800,0
1506930093,22643095,253.02,3.00000000,1
1506930065,22643084,253.14,1.00417000,0
1506930065,22643083,253.14,13.57800000,0
1506930035,22643063,253.14,1.00126000,0
1506929998,22643031,253.14,2.30457700,0
1506929998,22643030,253.14,10.66851800,0
1506929988,22643027,253.14,2.01682000,0
1506929981,22643016,253.14,7.06177000,0
1506929936,22642974,253.14,6.67148613,0
1506929895,22642927,253.14,12.53200000,0
1506929892,22642917,253.14,3.72128100,0
1506929863,22642896,253.14,8.61771000,0
1506929851,22642889,253.00,0.51354455,1
1506929779,22642860,253.14,0.06052152,0
1506929587,22642800,253.14,11.51722200,0
1506929587,22642799,253.14,0.51720661,0
1506929585,22642797,253.14,67.80756300,0
1506929584,22642796,253.14,1.46929300,0
1506929580,22642794,253.14,4.25605521,0
1506929580,22642793,253.14,2.62417402,0
1506929571,22642790,253.14,0.03291900,0
1506929569,22642780,253.14,2.00000000,0
1506929562,22642773,253.14,1.47328800,0
1506929560,22642770,253.14,7.00000000,0
1506929554,22642763,253.14,4.51722200,0
1506929550,22642758,253.14,15.33255100,0
1506929548,22642756,253.14,0.05067300,0
1506929547,22642754,253.14,14.14837371,0
1506929543,22642749,253.14,0.50150100,0
1506929539,22642745,253.14,24.87662100,0
1506929535,22642741,253.14,0.04177500,0
1506929534,22642740,253.14,0.10659714,0
1506929521,22642722,253.14,13.55669300,0
1506929519,22642718,253.14,8.81272700,0
1506929516,22642716,253.14,3.93631417,0
1506929446,22642680,253.14,5.61207000,0
1506929437,22642673,253.14,0.39405072,0
1506929403,22642656,253.14,2.99152025,0
1506929392,22642648,253.14,0.90858813,0
1506929390,22642641,253.14,0.90878565,0
1506929368,22642631,253.14,3.34609100,0
1506929368,22642630,253.14,1.43720500,0
1506929351,22642606,253.14,3.34609100,0
1506929311,22642584,253.14,0.11631970,0
1506929306,22642579,253.14,1.57224308,0
1506929220,22642554,253.14,1.28603461,0
1506929083,22642503,253.14,5.00000000,0
1506929072,22642497,253.14,1.26096231,0
1506929069,22642494,253.14,0.83910800,0
1506929065,22642489,253.00,13.58247974,1
1506929065,22642488,253.05,10.00000000,1
1506929065,22642487,253.08,3.11336600,0
1506929063,22642482,253.09,5.17521500,1
1506929063,22642480,253.14,4.00000000,0
1506929050,22642471,253.14,1.72609544,0
1506929050,22642470,253.14,1.57333687,0
1506929050,22642469,253.14,1.23301929,0
1506928948,22642416,253.14,1.01665251,0
1506928881,22642394,253.14,0.33713400,0
1506928877,22642391,253.14,9.96870100,0
1506928875,22642390,253.14,0.62600000,0
1506928874,22642389,253.14,0.90086200,0
1506928806,22642359,253.14,1.57580785,0
1506928783,22642334,253.14,31.11785475,0
1506928768,22642328,253.14,12.48606600,0
1506928755,22642323,253.14,0.49208500,0
1506928754,22642322,253.14,2.36101400,0
1506928753,22642321,253.14,2.00000000,0
1506928746,22642317,253.14,1.08270300,0
1506928740,22642313,253.14,5.16480982,0
1506928736,22642312,253.14,0.05015100,0
1506928721,22642305,253.14,0.79005536,0
1506928717,22642303,253.14,0.66604900,0
1506928690,22642299,253.14,0.03642253,0
1506928684,22642296,253.14,1.41892640,0
1506928666,22642284,253.14,1.18140160,0
1506928666,22642283,253.14,1.90033200,0
1506928614,22642233,253.14,0.54190100,0
1506928606,22642226,253.07,3.30425762,1
1506928603,22642223,253.14,34.81928500,0
1506928592,22642213,253.14,1.25025500,0
1506928578,22642208,253.14,2.11473000,0
1506928570,22642203,253.14,5.13511040,0
1506928570,22642202,253.14,0.76807300,0
1506928550,22642187,253.14,0.70028879,0
1506928550,22642186,253.14,1.32090009,0
1506928538,22642174,253.14,5.55622691,0
1506928531,22642171,253.14,1.36913383,0
1506928518,22642158,253.14,0.18886103,0
1506928517,22642157,253.14,2.93815001,0
1506928516,22642156,253.14,0.70945000,0
1506928512,22642154,253.14,7.29483525,0
1506928495,22642138,253.14,0.76000000,0
1506928472,22642133,253.14,2.86231600,0
1506928459,22642121,253.14,1.90000000,0
1506928451,22642119,253.14,2.79916252,0
1506928364,22642087,253.14,0.77393366,0
1506928364,22642086,253.14,2.29912614,0
1506928361,22642085,253.14,10.89837900,0
1506928358,22642084,253.14,3.65782430,0
1506928345,22642075,253.00,0.22000000,1
1506928311,22642053,253.14,3.71146401,0
1506928309,22642051,253.00,11.97000000,1
1506928309,22642050,253.01,0.43000000,1
1506928275,22642031,253.00,0.29714220,1
1506928262,22642022,253.14,4.92258000,0
1506928237,22642003,253.00,2.00536514,1
1506928236,22642001,253.14,0.39416923,0
1506928206,22641981,253.00,15.65468016,1
1506928206,22641980,253.05,3.31803983,1
1506928206,22641979,253.10,1.00000000,1
1506928186,22641954,253.14,0.03990592,0
1506928185,22641953,253.14,1.19278753,0
1506928172,22641912,253.14,6.06138688,0
1506928165,22641877,253.14,0.37344691,0
1506928135,22641776,253.14,40.00000000,0
1506928088,22641761,253.14,0.30000000,0
1506928034,22641736,253.14,2.10000000,0
1506927974,22641719,253.14,1.00000000,0
1506927721,22641543,253.14,0.66522710,0
1506927702,22641539,253.14,0.91056332,0
1506927686,22641537,252.85,1.86739601,1
1506927686,22641536,253.00,0.13260399,1
1506927684,22641535,253.10,2.00000000,1
1506927659,22641524,253.14,2.56158647,0
1506927617,22641511,253.14,0.02014695,0
1506927559,22641489,253.14,4.83891000,0
1506927559,22641488,253.14,2.71281300,0
1506927508,22641463,253.00,4.86739601,1
1506927438,22641450,253.14,1.16878523,0
1506927396,22641439,253.14,0.15442048,0
1506927390,22641438,253.14,0.36233140,0
1506927378,22641426,253.14,0.29880698,0
1506927270,22641396,253.14,5.00000000,0
1506927258,22641390,253.14,1.29052238,0
1506927252,22641389,253.14,2.91569882,0
1506927246,22641387,253.14,0.14627605,0
1506927210,22641380,253.14,0.65586626,0
1506927204,22641378,253.14,0.33791116,0
1506927148,22641367,253.14,5.53881229,0
1506927142,22641365,253.14,0.30603596,0
1506927142,22641364,253.14,0.03208461,0
1506927108,22641334,253.14,10.35205700,0
1506927107,22641331,253.14,1.98348000,0
1506927104,22641330,253.14,8.00000000,0
1506927091,22641329,253.14,3.00000000,0
1506927091,22641328,253.13,4.00000000,0
1506927079,22641324,253.14,0.07460771,0
1506927065,22641318,253.14,6.63059213,0
1506927053,22641315,253.14,4.52465458,0
1506927052,22641314,253.13,0.11000000,0
1506927039,22641303,253.14,0.32588398,0
1506927039,22641302,253.14,2.86431800,0
1506927039,22641301,253.13,0.06995450,0
1506927038,22641300,253.13,0.06004550,1
1506927035,22641298,253.14,1.58898000,0
1506927033,22641297,253.14,3.02226373,0
1506927026,22641291,253.14,1.91701900,0
1506927026,22641290,253.14,1.47828800,0
1506927024,22641289,253.13,0.16000000,1
1506927012,22641258,253.14,0.99483842,0
1506927012,22641257,253.13,0.19000000,0
1506927010,22641252,253.14,0.21237863,0
1506927010,22641251,253.13,0.22000000,0
1506927010,22641250,253.12,0.02244775,0
1506927008,22641248,253.12,0.06871019,0
1506926997,22641237,253.12,0.88095162,0
1506926993,22641236,253.12,3.94081858,0
1506926973,22641230,253.14,3.02161297,0
1506926973,22641229,253.14,0.61095162,0
1506926973,22641228,253.13,0.27000000,0
1506926950,22641208,253.13,0.00000048,0
1506926950,22641207,253.00,14.62116152,0
1506926942,22641192,253.00,24.24968800,0
1506926887,22641172,253.00,2.47948800,0
1506926883,22641165,253.00,45.07564320,0
1506926880,22641161,253.00,1.65790514,0
1506926873,22641160,253.00,5.00000000,0
1506926866,22641159,253.00,1.00126000,0
1506926843,22641153,253.00,12.57928700,0
1506926837,22641152,253.00,3.83492135,0
1506926824,22641148,253.00,8.91465823,0
1506926823,22641147,253.00,12.99114900,0
1506926820,22641143,253.00,0.33188000,0
1506926819,22641142,253.00,0.33188000,0
1506926818,22641141,253.00,0.01188000,0
1506926818,22641140,252.99,0.32000000,0
1506926709,22641092,253.00,0.97366067,0
1506926709,22641090,252.99,0.37000000,0
1506926652,22641059,252.98,0.31800000,0
1506926642,22641053,252.90,3.96000000,1
1506926622,22641043,253.00,0.73000000,0
1506926622,22641042,252.80,1.00000000,0
1506926622,22641040,252.80,0.17000000,0
1506926620,22641036,252.80,1.00000000,1
1506926620,22641035,252.81,0.16962612,1
1506926559,22640990,253.00,11.94510000,0
1506926555,22640983,253.00,14.22475636,0
1506926519,22640947,253.00,7.00000000,0
1506926472,22640929,253.00,0.40074747,0
1506926442,22640923,253.00,0.80534988,0
1506926417,22640883,253.00,0.70561982,0
1506926410,22640881,253.00,2.93468100,0
1506926392,22640869,253.00,1.60385782,0
1506926357,22640857,253.00,1.00000000,0
1506926346,22640848,253.00,1.00000000,0
1506926341,22640832,253.00,1.00000000,0
1506926339,22640828,253.00,0.05493858,0
1506926338,22640827,253.00,1.00000000,0
1506926335,22640826,253.00,14.60000000,0
1506926334,22640824,253.00,1.00000000,0
1506926329,22640820,253.00,1.00000000,0
1506926324,22640818,253.00,1.11000000,0
1506926321,22640812,253.00,116.00000000,0
1506926313,22640805,253.00,1.00000000,0
1506926309,22640804,253.00,1.00000000,0
1506926305,22640801,253.00,0.88000000,0
1506926298,22640797,253.00,1.00000000,0
1506926293,22640795,253.00,1.00000000,0
1506926284,22640794,253.00,2.00000000,0
1506926264,22640790,253.00,18.18181818,0
1506926230,22640773,253.00,3.83490672,0
1506926178,22640758,253.00,5.09692000,0
1506926178,22640757,253.00,53.34304600,0
1506926103,22640715,252.81,9.79000000,1
1506926100,22640712,253.00,11.92243981,0
1506926100,22640710,252.95,0.14108119,0
1506926099,22640708,252.94,0.05026410,1
1506926067,22640700,252.80,2.00000000,1
1506926011,22640687,252.81,0.70000000,1
1506925908,22640660,253.00,0.03000000,0
1506925906,22640659,253.00,0.03000000,0
1506925906,22640658,253.00,0.03000000,0
1506925903,22640656,253.00,8.34624505,0
1506925902,22640655,252.99,3.15475053,0
1506925901,22640653,252.99,1.53747764,0
1506925900,22640652,252.99,1.85590586,0
1506925870,22640644,252.99,3.76598455,0
1506925849,22640637,253.00,3.80260400,0
1506925713,22640579,252.76,0.30000000,1
1506925709,22640574,253.00,4.21040130,0
1506925636,22640547,253.00,1.65884700,0
1506925636,22640546,253.00,22.54808100,0
1506925636,22640544,253.00,2.33730600,0
1506925634,22640542,253.00,0.05393400,0
1506925594,22640525,253.00,0.21993400,0
1506925593,22640524,253.00,0.12595400,0
1506925591,22640522,253.00,0.24226500,0
1506925567,22640520,253.00,0.55021111,0
1506925482,22640488,253.00,0.13030100,0
1506925469,22640484,253.00,39.44675889,0
1506925447,22640481,253.00,0.82400000,0
1506925412,22640458,253.00,1.55000000,0
1506925411,22640456,253.00,1.00000000,0
1506925407,22640452,253.00,8.16314800,0
1506925399,22640448,253.00,0.05027000,0
1506925396,22640446,253.00,3.00000000,0
1506925396,22640445,253.00,3.17353600,0
1506925383,22640439,253.00,0.58699800,0
1506925376,22640436,253.00,0.09383900,0
1506925371,22640429,253.00,9.20760100,0
1506925324,22640418,253.00,1.04495914,0
1506925313,22640414,253.00,0.10000000,0
1506925309,22640412,253.00,0.10000000,0
1506925303,22640409,253.00,0.10000000,0
1506925214,22640390,253.00,2.39754500,0
