date,tid,price,amount,type
1506988846,22678091,296.12,1.73000000,1
1506988846,22678090,296.13,5.00000000,1
1506988646,22678014,296.97,0.52121011,0
1506988633,22678012,296.97,0.28718501,0
1506988633,22678011,296.92,0.96025140,0
1506988633,22678010,296.92,0.04000000,0
1506988632,22678009,296.78,0.10123507,0
1506988632,22678008,296.75,0.10123507,0
1506988632,22678007,296.73,0.04470956,0
1506988615,22678006,296.73,0.05652551,0
1506988615,22678005,296.70,0.10123507,0
1506988615,22678004,296.67,0.04000000,0
1506988615,22678003,296.58,0.04000000,0
1506988615,22678002,296.48,0.04000000,0
1506988614,22678001,296.44,0.04000000,0
1506988614,22678000,296.38,0.04000000,0
1506988614,22677999,296.33,0.04000000,0
1506988603,22677997,296.32,3.78904314,0
1506988603,22677995,296.24,0.04000000,0
1506988602,22677993,296.21,0.20530000,0
1506988577,22677975,296.09,0.04000000,0
1506988140,22677869,295.79,0.35409430,0
1506988137,22677867,295.80,0.20530000,1
1506988132,22677863,295.79,1.68646717,1
1506988117,22677857,295.75,8.93440817,1
1506988117,22677856,295.86,0.04000000,1
1506988117,22677855,295.88,0.52090054,1
1506988116,22677854,295.89,0.44039350,1
1506988116,22677853,296.06,0.04000000,1
1506988115,22677852,296.21,0.04000000,1
1506987902,22677750,296.32,0.16289822,0
1506987629,22677674,296.32,0.35145287,0
1506987331,22677551,296.31,4.64402300,0
1506987331,22677550,296.05,0.04000000,0
1506987003,22677512,295.75,1.69261200,1
1506986998,22677511,295.75,1.00431200,1
1506986992,22677510,295.75,2.89301200,1
1506986992,22677509,295.82,0.04000000,1
1506986982,22677508,295.85,16.36698764,1
1506986981,22677507,295.87,2.87689336,1
1506986794,22677476,296.32,0.09440000,0
1506986702,22677460,296.32,0.95252296,0
1506986702,22677459,296.23,0.04000000,0
1506986595,22677436,295.93,1.00000000,1
1506986334,22677385,296.32,3.77560100,0
1506986048,22677316,296.03,5.50714472,0
1506986047,22677315,296.03,7.90000000,0
1506986046,22677314,296.05,3.77560133,1
1506985665,22677115,296.30,0.48916400,1
1506985657,22677113,296.57,0.61317443,1
1506985657,22677112,296.54,4.29440600,0
1506985657,22677111,296.47,0.64301220,0
1506985584,22677058,296.38,2.15705645,0
1506985584,22677056,296.25,0.20804730,0
1506985578,22677050,296.07,1.95846013,0
1506985577,22677047,296.09,12.25579654,0
1506985577,22677046,296.08,3.78666728,0
1506985577,22677045,295.76,0.02877457,0
1506985542,22677022,295.76,6.07704682,0
1506985542,22677021,295.76,0.68979041,0
1506985541,22677020,295.76,8.85228820,0
1506985461,22676987,295.75,0.75611900,1
1506985396,22676979,295.75,4.35210000,1
1506985283,22676931,295.75,0.68980558,1
1506985275,22676928,295.76,0.59399200,0
1506985265,22676926,295.75,0.05570000,1
1506985263,22676925,295.76,0.36810800,0
1506985215,22676831,295.75,0.35292409,1
1506985213,22676830,295.75,46.89000000,1
1506985204,22676825,295.75,0.14760000,1
1506985201,22676822,295.75,76.53400000,1
1506985191,22676821,295.76,3.39000000,1
1506985156,22676806,295.75,38.13194000,1
1506985152,22676804,295.75,73.29500000,1
1506985152,22676803,295.76,0.52000000,1
1506985097,22676792,295.75,14.46744972,1
1506985097,22676791,295.76,0.31000000,1
1506985097,22676790,295.77,0.81619428,1
1506985076,22676775,295.75,0.37066200,1
1506985076,22676774,295.76,0.34000000,1
1506985055,22676769,295.75,0.35204900,1
1506985055,22676768,295.76,0.37000000,1
1506985039,22676753,295.75,10.29906200,1
1506985039,22676752,295.76,0.41000000,1
1506985034,22676747,295.75,0.24066300,1
1506985033,22676746,295.76,0.46000000,1
1506985021,22676735,295.76,0.14044000,1
1506985014,22676730,296.01,12.64525867,0
1506985006,22676726,295.76,0.19524500,1
1506984994,22676713,295.75,0.85372700,1
1506984994,22676712,295.76,0.51030000,1
1506984991,22676709,295.76,0.02970000,1
1506984963,22676693,295.75,1.49230100,1
1506984963,22676691,295.76,0.66000000,1
1506984943,22676676,295.75,2.00000000,1
1506984941,22676675,295.75,0.03581800,1
1506984940,22676673,295.75,4.51182100,1
1506984934,22676663,295.75,16.93201900,1
1506984933,22676662,295.75,22.43657100,1
1506984933,22676661,295.76,0.73000000,1
1506984925,22676655,295.76,0.08463400,1
1506984917,22676651,295.75,0.88280900,1
1506984917,22676650,295.76,0.11623400,1
1506984916,22676649,295.76,0.04725300,1
1506984912,22676647,295.76,0.04651300,1
1506984901,22676642,295.75,0.08143700,1
1506984893,22676633,295.75,2.35453600,1
1506984893,22676632,295.76,0.16000000,1
1506984882,22676630,295.75,0.94807900,1
1506984882,22676629,295.76,0.08000000,1
1506984880,22676628,295.76,0.10000000,1
1506984867,22676619,295.75,2.42345100,1
1506984867,22676618,295.76,0.19000000,1
1506984826,22676604,295.75,0.09916100,1
1506984818,22676601,295.75,0.80053400,1
1506984818,22676600,295.76,0.21000000,1
1506984806,22676597,295.75,1.57496500,1
1506984806,22676596,295.76,0.12503500,1
1506984804,22676594,295.76,0.05946200,1
1506984803,22676593,295.76,0.05550300,1
1506984800,22676592,295.76,0.02222400,1
1506984784,22676579,295.75,1.61100800,1
1506984779,22676570,295.75,52.18612600,1
1506984778,22676568,295.75,0.82884500,1
1506984778,22676567,295.76,0.30000000,1
1506984766,22676560,295.75,4.11900600,1
1506984766,22676559,295.76,0.33000000,1
1506984743,22676550,295.77,2.97047300,1
1506984568,22676485,296.21,0.15000000,0
1506984480,22676466,296.11,10.42111241,0
1506984480,22676465,296.10,3.77559794,0
1506984364,22676443,295.76,0.50000000,0
1506984363,22676442,295.76,0.50000000,1
1506984363,22676441,295.76,3.52000000,1
1506984362,22676440,295.76,6.73000000,1
1506984298,22676422,296.25,5.06856400,0
1506984109,22676355,295.75,5.78762900,1
1506984109,22676354,295.76,0.55000000,1
1506984099,22676347,295.75,1.58000000,1
1506984097,22676344,295.76,0.61000000,1
1506984000,22676289,295.75,0.08866000,1
1506983999,22676286,295.75,6.19873700,1
1506983999,22676284,295.76,0.67000000,1
1506983750,22676167,295.75,1.31830000,1
1506983750,22676166,295.76,0.75000000,1
1506983720,22676131,295.75,11.49133700,1
1506983719,22676130,295.76,0.83000000,1
1506983710,22676122,295.75,3.53460100,1
1506983710,22676121,295.76,0.91000000,1
1506983703,22676114,295.75,2.33888900,1
1506983692,22676103,295.75,2.59103700,1
1506983692,22676102,295.75,13.40960000,1
1506983692,22676101,295.76,1.01000000,1
1506983684,22676094,295.75,3.51564300,1
1506983684,22676092,295.75,2.50460000,1
1506983683,22676090,295.75,0.14760000,1
1506983682,22676089,295.75,2.06640000,1
1506983680,22676087,295.75,0.86342939,1
1506983680,22676086,295.76,1.12000000,1
1506983680,22676085,295.81,0.35871661,1
1506983672,22676073,295.79,2.08070600,1
1506983670,22676068,295.79,2.21370000,1
1506983669,22676062,295.76,0.24272800,1
1506983650,22676036,295.86,0.20570000,0
1506983600,22676009,295.81,0.07760000,1
1506983600,22676008,296.00,0.07000000,1
1506983403,22675945,296.31,0.35292409,0
1506983344,22675939,295.99,6.56470881,1
1506983344,22675938,296.00,2.02582325,1
1506983344,22675937,296.01,3.77559794,1
1506983251,22675904,296.29,2.30143022,0
1506983251,22675903,296.27,13.57948320,0
1506983208,22675861,296.14,2.02606875,0
1506983208,22675860,296.13,3.77754797,0
1506983131,22675843,295.50,0.70271811,1
1506983130,22675842,295.52,3.77754797,1
1506983126,22675840,296.42,35.30295459,1
1506983126,22675839,296.36,0.42000000,0
1506983126,22675838,296.22,0.50644260,0
1506983125,22675834,296.15,3.77060281,0
1506982783,22675701,295.50,85.66051680,1
1506982783,22675700,295.51,0.76000000,1
1506982783,22675699,295.54,13.57948320,1
1506982667,22675666,295.51,0.15517300,1
1506982663,22675663,295.50,0.93802414,1
1506982663,22675662,295.51,0.84000000,1
1506982663,22675661,295.52,0.20315290,1
1506982643,22675659,295.51,2.00000000,1
1506982633,22675655,295.50,7.36178769,1
1506982632,22675654,295.50,167.47603333,1
1506982631,22675652,295.50,0.04107500,1
1506982630,22675651,295.50,0.68884437,1
1506982630,22675650,295.51,0.93000000,1
1506982630,22675649,295.51,0.38115563,1
1506982629,22675648,295.51,0.05978700,1
1506982626,22675646,295.51,2.00000000,1
1506982623,22675643,295.51,3.85819100,1
1506982611,22675642,295.52,0.41000000,1
1506982611,22675641,295.51,0.41000000,1
1506982610,22675640,295.51,0.41000000,1
1506982609,22675639,295.51,0.41000000,1
1506982608,22675638,295.51,0.41000000,1
1506982607,22675637,295.51,0.41000000,1
1506982606,22675636,295.51,0.41000000,1
1506982605,22675635,295.51,0.41000000,1
1506982604,22675634,295.51,0.41000000,1
1506982603,22675633,295.51,0.41000000,1
1506982602,22675632,295.51,0.41000000,1
1506982601,22675631,295.51,0.41000000,1
1506982600,22675630,295.51,0.41000000,1
1506982599,22675629,295.51,0.41000000,1
1506982599,22675628,295.51,0.41000000,1
1506982598,22675627,295.51,0.41000000,1
1506982597,22675625,295.51,0.41000000,1
1506982596,22675624,295.51,0.14750000,1
1506982596,22675623,295.51,0.41000000,1
1506982594,22675622,295.51,0.41000000,1
1506982593,22675621,295.51,0.41000000,1
1506982593,22675620,295.51,0.41000000,1
1506982592,22675619,295.51,0.41000000,1
1506982591,22675618,295.51,0.41000000,1
1506982590,22675617,295.51,0.41000000,1
1506982589,22675616,295.51,0.41000000,1
1506982589,22675615,295.51,0.41000000,1
1506982588,22675612,295.51,0.41000000,1
1506982587,22675610,295.51,0.41000000,1
1506982586,22675609,295.51,0.41000000,1
1506982585,22675608,295.51,0.41000000,1
1506982585,22675607,295.51,0.15994700,1
1506982584,22675605,295.51,0.41000000,1
1506982584,22675604,295.51,0.41000000,1
1506982583,22675603,295.51,0.41000000,1
1506982582,22675602,295.51,0.41000000,1
1506982581,22675599,295.51,0.41000000,1
1506982580,22675594,295.51,0.41000000,1
1506982579,22675593,295.51,0.41000000,1
1506982578,22675592,295.51,0.41000000,1
1506982577,22675591,295.60,0.41083000,0
1506982532,22675579,295.60,2.04476200,0
1506982493,22675529,295.60,0.11845500,0
1506982302,22675477,295.51,0.23418020,1
1506982302,22675476,295.53,0.25267480,1
1506982275,22675469,295.51,0.18620590,1
1506982275,22675467,295.52,0.31420110,1
1506982249,22675454,295.50,3.63348548,1
1506982249,22675453,295.51,1.05000000,1
1506982225,22675421,295.81,3.76934704,0
1506982225,22675420,295.81,2.93439435,0
1506982208,22675370,295.50,0.43000000,1
1506982204,22675368,295.50,1.30357100,1
1506982202,22675367,295.50,30.45723200,1
1506982202,22675366,295.51,0.79000000,1
1506982056,22675297,295.51,0.44479000,1
1506982047,22675296,295.50,0.50000000,1
1506982043,22675292,295.50,33.61355380,1
1506982043,22675291,295.51,0.63000000,1
1506982043,22675290,295.51,4.17278761,1
1506982043,22675289,295.52,0.39088730,1
1506981841,22675182,295.70,5.20000000,1
1506981841,22675181,295.74,0.42387848,1
1506981797,22675104,295.51,20.85837000,1
1506981792,22675102,295.51,1.00827200,1
1506981786,22675098,295.51,0.50188100,1
1506981765,22675085,295.51,1.00000000,1
1506981708,22675069,295.51,2.51376560,1
1506981708,22675068,295.52,0.48623440,1
1506981614,22675025,295.51,3.43255400,1
1506981603,22675008,295.51,6.51236979,1
1506981603,22675007,296.00,0.00000021,1
1506981586,22674996,296.00,3.74246900,1
1506981574,22674990,296.00,7.58600000,1
1506981573,22674989,296.00,0.08442700,1
1506981560,22674976,296.00,5.02835425,1
1506981556,22674975,296.00,0.06800000,1
1506981554,22674974,296.00,7.62924200,1
1506981552,22674971,296.00,3.45240000,1
1506981541,22674966,296.00,0.66617007,0
1506981541,22674965,296.00,0.33382993,0
1506981541,22674964,295.93,0.20600000,0
1506981541,22674962,295.85,0.10155377,0
1506981541,22674961,295.82,0.10155377,0
1506981502,22674926,295.51,0.05606900,1
1506981499,22674923,295.78,0.00760000,1
1506981499,22674922,295.79,0.14000000,1
1506981495,22674919,295.79,3.77096700,1
1506981492,22674918,295.79,5.00000000,1
1506981491,22674916,295.79,10.62316100,1
1506981487,22674912,295.79,0.10155377,0
1506981463,22674906,295.50,0.12642900,1
1506981417,22674894,295.50,2.46894300,1
1506981319,22674869,295.50,0.46889400,1
1506981309,22674868,295.50,200.00000000,1
1506981299,22674865,295.50,3.04500100,1
1506981273,22674857,295.50,5.00000000,1
1506981272,22674856,295.50,0.91833700,1
1506981272,22674855,295.50,20.00000000,1
1506981271,22674853,295.50,20.00000000,1
1506981270,22674851,295.50,5.00000000,1
1506981268,22674850,295.50,12.00000000,1
1506981266,22674848,295.50,6.00000000,1
1506981265,22674847,295.50,2.06790000,1
1506981264,22674846,295.50,0.00770000,1
1506981263,22674845,295.51,0.14000000,1
1506981261,22674844,295.50,1.99785500,1
1506981261,22674843,295.50,11.63174000,1
1506981261,22674842,295.51,0.20600000,1
1506981255,22674838,295.50,0.33200000,1
1506981234,22674805,295.50,6.94754951,1
1506981234,22674804,295.50,0.02214600,1
1506981226,22674802,295.50,7.50473500,1
1506981226,22674801,295.50,31.44013300,1
1506981224,22674800,295.50,93.50785700,1
1506981223,22674797,295.50,33.90020000,1
1506981223,22674795,295.50,30.96711300,1
1506981222,22674792,295.50,2.08726500,1
1506981221,22674787,295.50,9.35400000,1
1506981210,22674775,295.50,15.56557400,1
1506981208,22674771,295.50,7.45156800,1
1506981207,22674769,295.50,5.53800200,1
1506981198,22674765,295.50,25.55382296,1
1506981198,22674764,295.51,0.73000000,1
1506981198,22674762,295.52,4.50117704,1
1506981190,22674753,295.50,39.19000000,1
1506981189,22674752,295.51,0.81000000,1
1506981175,22674745,295.50,3.51500000,1
1506981175,22674744,295.51,0.90000000,1
1506981169,22674743,295.51,0.04000000,1
1506981157,22674737,295.76,0.10155377,0
1506981144,22674729,295.51,0.12728082,0
1506981137,22674718,295.50,2.88700000,1
1506981135,22674717,295.50,0.21364800,1
1506981135,22674716,295.51,1.01000000,1
1506981130,22674715,295.60,6.53025137,1
1506981125,22674713,295.60,0.35802500,1
1506981103,22674704,295.60,3.17995540,1
1506981083,22674694,295.60,0.81252000,1
1506981028,22674672,295.60,15.06868100,1
1506981024,22674671,295.60,0.05487217,1
1506981023,22674669,295.60,4.58505306,1
1506981013,22674661,295.60,7.21420000,1
1506981012,22674659,295.60,0.40000000,1
1506981011,22674658,295.60,0.40000000,1
1506980968,22674645,295.60,0.82833700,1
1506980968,22674643,295.61,0.14000000,1
1506980968,22674642,295.61,1.12000000,1
1506980938,22674639,295.60,2.56810500,1
1506980924,22674637,295.54,6.18758247,1
1506980787,22674596,295.50,15.00000000,1
1506980787,22674595,295.50,16.74105733,1
1506980787,22674594,295.51,1.23000000,1
1506980786,22674593,295.54,2.02894267,1
1506980762,22674578,295.50,9.35170000,1
1506980762,22674576,295.51,1.36000000,1
1506980759,22674574,295.50,3.19031500,1
1506980758,22674573,295.50,7.35889800,1
1506980755,22674567,295.50,1.90101300,1
1506980734,22674544,295.50,4.88158644,1
1506980734,22674543,295.51,2.44411356,1
1506980725,22674537,295.75,0.12849370,0
1506980647,22674469,295.29,0.24408431,1
1506980647,22674468,295.48,0.04000000,1
1506980647,22674467,295.63,0.04000000,1
1506980639,22674464,295.75,0.30000000,1
1506980636,22674463,295.74,0.14000000,1
1506980635,22674462,295.74,0.30489619,1
1506980635,22674461,295.74,0.26928283,1
1506980390,22674347,295.74,1.84051930,1
1506980390,22674346,295.74,0.18835839,1
1506980388,22674344,295.74,0.04000000,0
1506980388,22674343,295.45,0.00032220,0
1506980386,22674335,295.45,0.64436246,0
1506980359,22674311,295.00,0.90000000,0
1506980172,22674277,294.99,1.21715990,0
1506980142,22674263,295.00,0.10000000,0
1506980130,22674253,294.42,2.93000000,0
1506980130,22674251,294.41,0.27100000,0
1506980116,22674245,294.42,0.31842000,0
1506980115,22674243,293.03,1.11226841,0
1506980115,22674242,293.18,0.44000000,0
1506980115,22674241,293.23,0.04000000,1
1506980115,22674239,293.32,0.04000000,1
1506980114,22674238,293.32,0.04000000,1
1506980114,22674237,293.32,0.04000000,1
1506980114,22674236,293.32,0.04000000,1
1506980114,22674234,293.32,1.41000000,0
1506980114,22674233,293.37,0.04000000,1
1506980114,22674232,293.39,0.04000000,1
1506980113,22674231,293.45,0.04000000,1
1506980113,22674230,293.45,1.50000000,1
1506980113,22674229,293.48,0.04000000,1
1506980113,22674228,293.49,0.31000000,0
1506980112,22674227,293.50,0.04000000,1
1506980112,22674226,293.68,0.04000000,1
1506980112,22674225,293.70,4.26539744,1
1506980112,22674224,293.70,6.99322371,0
1506980111,22674223,293.72,0.04000000,1
1506980111,22674222,293.72,0.04000000,1
1506980111,22674221,293.72,0.04000000,1
1506980111,22674220,293.72,0.04000000,1
1506980111,22674219,293.85,0.04000000,1
1506980110,22674217,293.87,0.04000000,1
1506980110,22674216,293.89,0.04000000,1
1506980110,22674215,293.93,0.04000000,1
1506980110,22674214,293.95,0.04000000,1
1506980109,22674213,294.00,1.00000000,1
1506980109,22674212,294.00,0.25000000,1
1506980109,22674211,294.07,0.04000000,1
1506980109,22674210,294.07,0.04000000,1
1506980109,22674209,294.07,0.04000000,1
1506980109,22674208,294.07,0.04000000,1
1506980108,22674207,294.08,0.04000000,1
1506980108,22674206,294.10,1.56000000,0
1506980108,22674205,294.10,0.98900000,1
1506980108,22674204,294.11,15.57300000,0
1506980107,22674203,294.16,0.04000000,1
1506980107,22674202,294.20,0.04000000,1
1506980107,22674201,294.20,1.23200000,0
1506980107,22674200,294.32,0.04000000,1
1506980107,22674199,294.32,1.01000000,0
1506980107,22674198,294.32,8.14768000,0
1506980106,22674197,294.33,0.04000000,1
1506980106,22674196,294.34,0.04000000,1
1506980106,22674194,294.35,0.04000000,1
1506980105,22674193,294.37,0.04000000,1
1506980105,22674192,294.37,0.04000000,1
1506980105,22674191,294.37,0.04000000,1
1506980105,22674190,294.37,0.04000000,1
1506980105,22674189,294.43,0.04000000,1
1506980104,22674188,294.50,0.41971449,1
1506980104,22674187,294.51,1.22617228,1
1506980104,22674186,294.51,0.38588236,1
1506980104,22674185,294.73,0.04000000,1
1506980103,22674184,294.82,0.10155377,1
1506980103,22674183,294.85,0.10155377,1
1506980103,22674182,294.88,0.10155377,1
1506980102,22674181,294.98,0.04000000,1
1506980102,22674180,295.02,0.27100000,1
1506980102,22674179,295.18,0.04000000,1
1506980101,22674178,295.33,0.04000000,1
1506979841,22674112,295.44,0.98900000,0
1506979841,22674111,295.44,0.27100000,0
1506979778,22674100,294.90,0.11390651,1
1506979776,22674099,294.91,0.14000000,1
1506979776,22674098,294.91,0.10155377,1
1506979583,22674049,295.41,13.22303000,0
1506979508,22674025,294.51,0.00005506,0
1506979507,22674022,294.51,0.38582730,0
1506979507,22674021,294.51,0.18851651,0
1506979489,22674013,294.51,3.75219856,0
1506979488,22674012,294.51,4.00000000,0
1506979486,22674009,294.51,0.56230508,0
1506979486,22674008,294.51,1.63726189,0
1506979485,22674006,294.51,0.64468466,0
1506979475,22673998,294.51,1.09392986,0
1506979470,22673994,294.51,0.29560541,0
1506979467,22673992,294.51,1.09325236,0
1506979464,22673989,294.51,2.37155000,0
1506979463,22673988,294.51,1.09269442,1
1506979457,22673984,294.95,2.36733140,1
1506979449,22673981,294.50,0.49414522,1
1506979449,22673980,294.50,0.04000000,1
1506979449,22673979,294.61,0.27100000,0
1506979449,22673978,294.62,0.04000000,1
1506979449,22673977,294.62,0.04000000,1
1506979449,22673976,294.62,0.04000000,1
1506979448,22673975,294.62,0.04000000,1
1506979448,22673974,294.66,0.04000000,1
1506979448,22673973,294.68,0.04000000,1
1506979448,22673970,294.70,0.04000000,1
1506979447,22673966,294.72,0.04000000,1
1506979447,22673964,294.74,0.04000000,1
1506979447,22673963,294.74,2.39784348,0
1506979447,22673962,294.75,0.04000000,1
1506979446,22673961,294.82,0.04000000,1
1506979446,22673960,294.82,0.04000000,1
1506979446,22673959,294.82,0.04000000,1
1506979446,22673958,294.82,0.04000000,1
1506979446,22673956,294.95,0.04000000,1
1506979445,22673955,294.97,0.04000000,1
1506979445,22673953,294.97,0.04000000,1
1506979445,22673951,294.97,0.04000000,1
1506979445,22673949,294.97,0.04000000,1
1506979445,22673948,294.98,1.53471736,0
1506979444,22673946,294.98,0.56229394,0
1506979443,22673945,294.98,0.04000000,1
1506979442,22673944,295.00,3.94427118,1
1506979442,22673943,295.00,3.11525423,1
1506979441,22673942,295.00,3.45526208,1
1506979436,22673930,294.99,0.00010277,0
1506979431,22673920,294.99,0.20549723,0
1506979427,22673919,295.00,4.03000000,0
1506979426,22673918,295.00,6.73000000,1
1506979426,22673917,295.00,0.04000000,1
1506979426,22673916,295.00,0.66617007,1
1506979426,22673915,295.25,0.04000000,1
1506979426,22673914,295.35,5.50000000,1
1506979426,22673913,295.45,0.04000000,1
1506979425,22673912,295.60,0.04000000,1
1506979388,22673826,295.71,1.21789395,1
1506979381,22673792,295.00,0.33382993,1
1506979381,22673791,295.07,0.04000000,1
1506979381,22673790,295.09,0.04000000,1
1506979381,22673789,295.10,0.04000000,1
1506979381,22673786,295.11,0.04000000,1
1506979381,22673785,295.12,3.19375384,1
1506979380,22673784,295.13,6.49596623,1
1506979380,22673781,295.71,5.50000000,1
1506979374,22673759,295.13,0.23403377,1
1506979374,22673757,295.71,0.98386000,1
1506979371,22673743,295.71,3.40228000,1
1506979371,22673741,295.71,1.11386000,1
1506979367,22673718,295.12,1.21789377,1
1506979366,22673713,295.12,4.26671000,1
1506979366,22673712,295.12,1.16000000,1
1506979365,22673711,295.12,0.16164239,1
1506979365,22673710,295.23,0.04000000,1
1506979365,22673708,295.26,1.12835761,1
1506979365,22673707,295.26,1.11386000,1
1506979363,22673694,295.82,0.14625587,1
1506979363,22673693,295.82,1.33000000,1
1506979363,22673691,295.82,1.11386000,1
1506979362,22673689,295.28,1.26920500,0
1506979362,22673687,295.27,2.85000000,0
1506979362,22673685,295.26,3.25778239,1
1506979362,22673684,295.28,0.68550020,1
1506979362,22673683,295.37,0.04000000,1
1506979361,22673681,295.39,0.04000000,1
1506979361,22673679,295.43,0.04000000,1
1506979361,22673675,295.51,0.04000000,1
1506979361,22673673,295.58,0.04000000,1
1506979361,22673671,295.62,0.04000000,1
1506979361,22673669,295.64,0.04000000,1
1506979361,22673666,295.75,0.10123507,1
1506979360,22673662,295.78,0.10123507,1
1506979360,22673660,295.81,0.10123507,1
1506979360,22673659,295.82,0.33000000,1
1506979360,22673655,295.82,0.64301220,1
1506979360,22673651,295.82,2.92517034,1
1506979359,22673646,295.82,1.16000000,1
1506979358,22673628,295.82,2.64482966,1
1506979358,22673625,295.82,0.23278334,1
1506979358,22673621,295.82,0.33923542,1
1506979335,22673557,295.82,4.26798124,1
1506979334,22673555,295.82,0.04000000,1
1506979334,22673554,295.84,0.10123507,1
1506979334,22673553,295.84,0.04000000,1
1506979334,22673552,295.97,0.14000000,1
1506979334,22673551,295.97,0.04000000,1
1506979334,22673550,295.98,0.14000000,1
1506979334,22673549,295.99,0.20560000,1
1506979334,22673548,295.99,0.14000000,1
1506979333,22673547,295.99,0.04000000,1
1506979226,22673517,296.52,0.29451639,0
1506979008,22673420,296.34,0.04751299,1
1506979008,22673419,296.31,0.03370017,0
1506978874,22673354,296.00,4.98365467,0
1506978874,22673353,296.05,8.44264533,1
1506978874,22673352,296.25,6.57370000,1
1506978846,22673333,296.25,6.73000000,1
1506978844,22673332,296.25,6.69630000,1
1506978844,22673331,296.28,0.03370000,1
1506978764,22673308,296.08,0.14530734,1
1506978502,22673219,296.00,0.00000017,0
1506978495,22673214,296.00,14.11646900,0
1506978494,22673213,296.00,0.14000000,1
1506978493,22673212,296.65,6.48478011,1
1506978493,22673211,296.74,0.23491945,1
1506978493,22673210,296.67,0.10127266,0
1506978493,22673209,296.65,7.10815796,1
1506978493,22673208,296.66,1.91567331,1
1506978492,22673207,296.66,0.10000000,1
1506978468,22673199,296.63,3.78742038,1
1506978468,22673198,296.64,0.10127266,0
1506978450,22673191,296.10,5.23641089,0
1506978449,22673190,296.10,4.76358911,0
1506978449,22673189,296.10,0.07641089,0
1506978284,22673082,296.10,2.20000000,0
1506978230,22673061,296.10,4.72358911,0
1506978230,22673060,296.09,2.02641089,0
1506978214,22673056,296.24,7.63360788,0
1506978160,22673027,296.00,5.09625717,1
1506978160,22673026,296.00,0.90374283,1
1506977911,22672947,296.00,2.63106528,1
1506977911,22672945,296.00,1.46519189,1
1506977766,22672899,296.14,0.04000000,0
1506977753,22672893,296.13,0.20000000,0
1506977726,22672884,295.99,0.04000000,0
1506977704,22672873,295.69,0.20550000,0
1506977703,22672871,295.70,0.01424688,0
1506977703,22672869,295.70,12.62986100,0
1506977703,22672868,295.70,6.73000000,0
1506977701,22672865,295.70,0.10127266,1
1506977701,22672864,295.73,0.10127266,1
1506977701,22672863,295.74,3.40784680,1
1506977701,22672862,295.75,6.73000000,1
1506977701,22672860,295.86,0.04000000,1
1506977701,22672859,296.05,0.24550000,1
1506977694,22672816,296.05,19.75450000,1
1506977694,22672815,296.06,0.20550000,1
1506977694,22672814,296.16,0.04000000,1
1506977634,22672798,296.22,12.45808109,1
1506977634,22672797,296.54,7.54191891,1
1506977632,22672796,296.54,2.45808109,1
1506977632,22672795,296.54,0.30191891,1
1506977450,22672750,296.54,1.72000000,1
1506977445,22672749,296.74,3.77060281,1
1506977406,22672738,296.63,0.20000000,1
1506977355,22672724,296.97,0.35546028,0
1506977163,22672642,296.23,1.38310559,0
1506977162,22672641,296.23,4.83000000,0
1506977161,22672638,296.23,0.04000000,0
1506977161,22672637,296.23,0.04000000,0
1506977160,22672636,296.23,0.04000000,0
1506977159,22672635,296.87,3.66689441,1
1506977106,22672612,296.87,4.83999994,0
1506977106,22672611,296.67,0.64197006,0
1506977105,22672610,296.63,0.04000000,0
1506977052,22672580,296.62,2.10254425,0
1506977035,22672570,296.62,12.89745575,1
1506977034,22672569,296.62,0.55000000,1
1506976966,22672506,296.46,2.47931359,1
1506976962,22672503,296.46,6.69000000,0
1506976794,22672419,295.28,0.21857221,1
1506976792,22672416,296.35,0.14592101,0
1506976782,22672409,296.36,12.66901411,0
1506976777,22672408,296.37,3.79999990,0
1506976777,22672407,296.28,0.04000000,0
1506976777,22672406,296.26,2.27229610,0
1506976776,22672405,296.00,1.00000000,0
1506976776,22672404,295.98,0.04000000,0
1506976758,22672399,295.92,0.77000001,0
1506976758,22672398,295.90,0.26999999,0
1506976752,22672394,295.94,0.00000001,1
1506976752,22672393,295.94,2.02743799,0
1506976752,22672392,295.92,6.69000000,0
1506976752,22672391,295.91,3.00000000,0
1506976661,22672351,295.16,6.47859184,0
1506976659,22672350,295.16,0.25140816,1
1506976659,22672349,295.17,0.27000000,1
1506976604,22672336,295.22,3.00000000,1
1506976576,22672317,295.21,4.00000000,1
1506976454,22672265,295.96,1.20084559,0
1506976370,22672196,295.95,0.09957658,1
1506976368,22672195,295.95,1.07111072,0
1506976368,22672194,295.89,0.35931270,0
1506976351,22672183,295.88,0.05070000,0
1506976232,22672102,295.89,0.80381527,0
1506976194,22672088,295.94,1.62510865,0
1506976194,22672087,295.73,0.04000000,0
1506976129,22672069,295.56,0.10123156,0
1506976122,22672059,295.56,2.11698063,0
1506976099,22672042,295.64,1.66541572,0
1506976093,22672031,295.65,0.06119750,1
1506976091,22672030,295.53,0.04000000,0
1506976090,22672029,295.38,0.04000000,0
1506976090,22672028,295.19,0.34255900,0
1506976073,22672017,295.19,0.09901200,0
1506976010,22671988,295.08,0.24584622,0
1506976003,22671986,295.11,0.21680000,0
1506976000,22671985,294.50,0.02409854,0
1506976000,22671984,294.17,0.27100000,0
1506975998,22671983,294.00,0.37405156,0
1506975998,22671980,294.00,0.62594844,0
1506975998,22671979,292.70,4.87405156,0
1506975997,22671978,292.80,4.00000000,1
1506975997,22671977,292.98,0.04000000,1
1506975997,22671976,292.98,0.69000000,0
1506975997,22671975,292.98,5.50000000,0
1506975996,22671974,293.00,1.00000000,1
1506975996,22671973,293.00,0.02000000,1
1506975996,22671972,293.05,3.15000000,1
1506975996,22671971,293.05,3.44000000,0
1506975996,22671970,293.06,62.68681530,1
1506975995,22671969,293.29,0.46000000,1
1506975995,22671968,293.29,5.50000000,0
1506975995,22671967,293.42,21.00000000,1
1506975994,22671966,293.43,0.04000000,1
1506975994,22671965,293.60,0.02409854,1
1506975994,22671964,293.60,5.50000000,0
1506975994,22671963,293.83,0.04000000,1
1506975993,22671962,294.00,0.25000000,1
1506975993,22671961,294.13,0.76000000,1
1506975993,22671960,294.18,0.04000000,1
1506975993,22671959,294.18,5.50000000,0
1506975992,22671958,294.48,0.04000000,1
1506975992,22671957,294.48,0.09932395,0
1506975992,22671956,294.71,5.50000000,1
1506975992,22671955,294.73,0.04000000,1
1506975991,22671954,294.77,0.27100000,1
1506975991,22671951,294.87,3.78000000,1
1506975991,22671948,294.93,0.04000000,1
1506975990,22671947,295.00,10.00000000,1
1506975990,22671944,295.08,0.04000000,1
1506975990,22671943,295.11,3.78239633,1
1506975988,22671942,295.12,1.89231432,1
1506975967,22671923,295.19,1.70180000,0
1506975965,22671922,295.19,0.70249700,0
1506975939,22671910,295.19,7.15413200,0
1506975912,22671901,295.60,1.07701471,1
1506975911,22671899,295.60,2.84000000,1
1506975895,22671888,295.32,1.99999997,1
1506975889,22671887,295.32,2.23000000,1
1506975800,22671854,295.60,0.15778371,1
1506975799,22671853,295.60,5.50000000,1
1506975797,22671851,295.40,0.43000000,0
1506975787,22671846,295.53,4.12231432,0
1506975786,22671844,295.54,2.44848986,0
1506975786,22671843,295.00,1.00000000,0
1506975785,22671837,293.60,2.57368471,0
1506975785,22671836,293.60,5.50000000,0
1506975785,22671834,293.77,0.44000000,1
1506975785,22671833,294.00,1.00000000,1
1506975784,22671832,294.00,4.84000000,0
1506975784,22671831,294.00,0.58765014,0
1506975784,22671829,294.02,1.04000000,1
1506975783,22671827,294.03,14.23292436,0
1506975783,22671825,294.03,6.80274065,0
1506975783,22671821,294.76,5.50000000,1
1506975783,22671819,294.85,4.84000000,1
1506975782,22671816,295.00,1.00000000,1
1506975782,22671814,295.05,5.19000000,1
1506975782,22671813,295.05,16.14611635,0
1506975781,22671812,295.44,2.00000000,1
1506975781,22671811,295.54,3.74751990,1
1506975780,22671810,295.55,0.55936389,1
1506975675,22671750,296.02,4.73000000,0
1506975675,22671749,296.02,1.86805884,0
1506975668,22671741,296.02,0.64264529,0
1506975668,22671740,296.02,0.64197006,0
1506975654,22671736,296.02,0.34198043,1
1506975654,22671735,296.35,1.89534538,1
1506975653,22671734,296.26,5.50000000,0
1506975653,22671733,296.06,2.60465462,0
1506975652,22671729,296.06,2.02534538,1
1506975649,22671726,296.26,0.10106114,1
1506975648,22671724,296.29,0.10106114,1
1506975645,22671723,296.32,0.10106114,1
1506975634,22671720,296.35,0.10106114,1
1506975609,22671712,296.80,0.05050000,0
1506975386,22671621,296.85,6.06848625,0
1506975386,22671620,296.84,1.00000000,0
1506975385,22671619,296.70,0.91870575,0
1506975385,22671618,296.70,6.78224908,0
1506975385,22671617,296.50,5.23055892,0
1506975383,22671614,296.50,4.10722608,0
1506975383,22671613,296.49,0.95277402,0
1506975383,22671612,296.48,2.93999990,0
1506975379,22671606,296.49,1.07090300,0
1506975368,22671598,296.50,0.66221500,0
1506975341,22671590,296.70,3.21775092,0
1506975341,22671588,296.69,0.73000000,0
1506975340,22671586,296.69,1.19000000,0
1506975288,22671562,296.90,10.00000000,0
1506975267,22671545,296.43,2.91819151,0
1506975267,22671543,296.42,0.10394949,0
1506975250,22671537,296.40,0.10085051,0
1506975202,22671522,296.02,0.14665306,1
1506975201,22671519,296.43,0.85291708,0
1506975201,22671518,296.42,2.90048901,0
1506975196,22671510,296.02,2.03171946,1
1506975196,22671509,296.02,0.47964705,1
1506975190,22671502,296.03,2.19946804,1
1506975136,22671455,295.94,0.14666605,1
1506975136,22671454,295.94,0.20713372,1
1506975070,22671380,296.65,1.33323319,0
1506975007,22671340,295.93,0.00297679,1
1506975007,22671339,296.15,1.15507816,1
1506975007,22671338,296.15,1.53428372,1
1506975007,22671336,296.18,1.15707744,1
1506974983,22671324,296.18,5.84292256,1
1506974983,22671323,296.20,1.88836289,1
1506974972,22671320,296.21,3.11150957,1
1506974972,22671317,296.21,1.88849043,1
1506974844,22671242,296.20,1.24994337,1
1506974838,22671234,296.20,3.02997875,1
1506974838,22671233,296.21,0.72546190,1
1506974838,22671232,296.40,1.24910000,1
1506974792,22671179,296.45,5.20482745,1
1506974792,22671178,296.45,4.62517255,1
1506974787,22671172,296.41,2.63519107,1
1506974762,22671163,296.43,3.65218595,0
1506974750,22671155,296.41,5.00000000,1
1506974737,22671150,296.43,5.00000000,0
1506974726,22671143,296.99,0.06302668,0
1506974602,22671066,296.18,0.00498786,1
1506974602,22671064,296.50,1.34122105,1
1506974602,22671062,296.50,3.27533655,1
1506974571,22671029,296.50,1.32484236,1
1506974570,22671028,296.50,1.01145335,1
1506974569,22671027,296.50,3.04714669,1
1506974569,22671025,296.50,0.31373296,1
1506974550,22671012,296.58,0.58153625,1
1506974538,22671007,296.56,0.20480000,1
1506974434,22670937,297.38,3.81000000,0
1506974280,22670825,296.15,1.14477341,1
1506974264,22670789,297.79,2.66879344,0
1506974263,22670788,297.79,1.14956848,0
1506974263,22670786,297.78,1.42000000,0
1506974263,22670784,297.66,0.04513772,0
1506974262,22670783,297.64,0.45756444,0
1506974262,22670781,297.56,1.99396338,0
1506974262,22670778,297.55,1.30793960,0
1506974261,22670777,297.52,2.33965040,0
1506974261,22670776,297.39,0.20510000,0
1506974261,22670775,297.38,14.23292436,1
1506974260,22670773,296.80,1.43794732,0
1506974100,22670632,295.94,1.89036550,1
1506974100,22670631,295.95,0.20510000,1
1506974100,22670630,295.95,0.23000000,1
1506974081,22670582,295.93,3.00180815,1
1506974081,22670581,295.95,0.30037777,1
1506974081,22670580,295.95,1.00756183,1
1506974074,22670578,296.60,1.99396338,1
1506973730,22670414,296.49,0.35643175,1
1506973591,22670370,296.00,0.72816007,0
1506973576,22670359,296.15,5.00000000,0
1506973575,22670353,296.15,13.92195276,0
1506973575,22670351,296.14,0.16374069,1
1506973566,22670338,296.56,0.04105931,1
1506973561,22670336,296.58,0.20480000,1
1506973546,22670335,296.57,3.45508717,0
1506973522,22670319,297.11,6.69000000,1
1506973498,22670309,297.09,2.35836428,1
1506973498,22670308,297.09,1.59649698,1
1506973498,22670307,297.10,2.01755132,1
1506973482,22670299,297.08,0.10113269,0
1506973476,22670293,297.06,0.44868757,0
1506973475,22670292,297.06,6.69000000,0
1506973474,22670290,297.06,6.69000000,0
1506973388,22670240,296.56,0.95894069,0
1506973370,22670235,296.56,1.00000000,0
1506972885,22669961,297.06,16.45244512,0
1506972885,22669960,296.95,3.54755488,0
1506972827,22669928,297.06,14.71886731,0
1506972827,22669927,297.06,0.10113269,0
1506972827,22669926,297.05,0.18000000,0
1506972826,22669925,296.97,2.00000000,0
1506972826,22669924,296.92,2.00000000,0
1506972826,22669923,296.88,1.00000000,0
1506972810,22669911,296.27,0.23810251,1
1506972733,22669866,296.88,1.00000000,0
1506972682,22669832,295.70,1.94475826,1
1506972670,22669825,296.90,2.61175479,0
1506972669,22669824,296.89,2.02095052,0
1506972669,22669823,296.89,3.74803237,0
1506972667,22669821,296.88,0.20530000,0
1506972495,22669664,295.62,0.94558847,0
1506972494,22669663,295.62,0.20530000,0
1506972494,22669662,295.62,1.74221185,0
1506972494,22669661,295.63,3.74803237,1
1506972482,22669654,297.00,0.74209797,0
1506972482,22669653,297.00,4.09790203,0
1506972481,22669651,297.00,5.50000000,1
1506972481,22669650,297.03,5.39886731,1
1506972481,22669649,297.05,1.56000000,1
1506972481,22669648,297.05,1.43000000,1
1506972480,22669647,297.05,4.63000000,1
1506972479,22669646,297.05,0.21000000,0
1506972476,22669644,297.03,0.10113269,0
1506972473,22669641,297.00,0.10113269,0
1506972470,22669639,296.97,3.22539931,0
1506972418,22669612,296.77,0.04513772,0
1506972416,22669606,296.76,1.00000000,0
1506972215,22669516,295.74,1.00000000,1
1506972143,22669468,296.18,1.53241306,0
1506972143,22669467,296.12,3.96758694,0
1506972139,22669460,296.12,0.05634000,0
1506972105,22669427,296.20,0.81607306,1
1506972104,22669426,296.18,5.50000000,0
1506972104,22669425,296.12,3.68392694,0
1506972088,22669411,296.72,1.15607306,1
1506972087,22669410,296.26,5.50000000,0
1506972087,22669409,296.22,0.44000000,0
1506972087,22669407,296.12,4.84000000,0
1506972085,22669402,296.00,3.00000000,0
1506972053,22669374,295.99,19.81509404,0
1506972053,22669373,295.99,0.04513772,0
1506972052,22669371,295.64,0.10162602,0
1506972052,22669370,295.61,0.10162602,0
1506972052,22669368,295.60,0.10163979,0
1506972050,22669364,295.58,0.04257345,0
1506972050,22669363,295.58,0.05905257,0
1506972021,22669342,295.50,2.13403350,0
1506971999,22669321,295.50,10.13807107,0
1506971961,22669303,295.56,5.11316410,1
1506971957,22669301,295.56,3.75549453,1
1506971951,22669297,295.57,6.30547189,1
1506971951,22669296,295.57,0.10163979,0
1506971950,22669295,295.55,0.10162602,0
1506971950,22669293,295.54,0.10163979,0
1506971950,22669292,295.51,0.10163979,0
1506971948,22669290,295.34,0.04513772,0
1506971945,22669289,295.00,0.28576100,0
1506971943,22669286,295.00,0.71423900,0
1506971940,22669284,294.99,7.78508434,0
1506971937,22669283,294.99,0.03383166,0
1506971933,22669282,294.99,2.07645100,0
1506971930,22669281,294.99,0.10463300,0
1506971911,22669239,294.96,22.03687836,0
1506971910,22669237,294.96,0.57989098,0
1506971900,22669231,294.96,0.99997000,0
1506971883,22669226,294.96,0.89393883,1
1506971882,22669220,294.96,0.15260140,1
1506971872,22669216,295.00,0.98378500,0
1506971871,22669215,294.97,0.20736040,1
1506971864,22669206,294.97,0.30000000,1
1506971863,22669205,294.98,22.61676934,0
1506971856,22669195,294.97,0.16898745,1
1506971854,22669192,294.98,10.95731000,0
1506971851,22669189,294.97,0.36000000,1
1506971850,22669188,294.98,17.85574905,0
1506971844,22669182,294.97,0.27572187,1
1506971840,22669180,294.98,8.40565003,0
1506971837,22669176,294.97,0.42000000,1
1506971832,22669171,294.98,6.50298489,0
1506971832,22669170,294.97,0.50000000,0
1506971823,22669163,294.98,8.18430000,0
1506971817,22669160,294.97,2.03410516,1
1506971811,22669155,294.98,1.49839083,0
1506971811,22669154,294.97,0.60000000,1
1506971798,22669148,294.97,0.71000000,1
1506971793,22669143,294.96,0.09970000,0
1506971792,22669142,294.98,9.76440000,0
1506971786,22669140,294.98,0.13832205,0
1506971786,22669138,294.97,0.84000000,0
1506971771,22669131,294.97,1.12085520,1
1506971771,22669130,294.97,0.75000000,0
1506971762,22669126,294.96,2.15587500,1
1506971762,22669125,294.97,0.46000000,0
1506971732,22669116,294.47,0.04304261,1
1506971679,22669098,294.98,3.41753668,0
1506971679,22669097,294.84,0.64602273,0
1506971679,22669096,294.77,1.00000000,0
1506971679,22669095,294.76,1.89315530,0
1506971567,22669054,294.74,0.77812593,0
1506971567,22669052,294.55,0.00032287,0
1506971562,22669046,294.55,0.64569986,0
1506971516,22669020,294.47,0.64162695,1
1506971516,22669019,294.48,6.04837305,1
1506971515,22669018,294.48,6.69000000,0
1506971475,22669005,294.47,0.20326036,0
1506971452,22668993,294.48,4.46000000,0
1506971346,22668938,293.80,0.20670000,0
1506971343,22668935,293.10,4.77097160,1
1506971343,22668932,293.80,4.84000000,1
1506971342,22668926,293.81,0.20670000,1
1506971341,22668924,293.81,0.18232840,1
1506971305,22668905,293.81,1.00000000,1
1506971286,22668901,294.20,6.37867600,0
1506971286,22668900,294.19,2.11000000,0
1506971279,22668895,294.19,2.00000000,0
1506971245,22668878,294.19,0.03079600,0
1506971233,22668871,294.20,13.38973094,0
1506971233,22668870,294.19,3.20000000,0
1506971229,22668868,294.19,1.60743385,0
1506971206,22668827,294.16,1.50178646,0
1506971206,22668825,294.15,8.58677575,0
1506971162,22668798,294.40,12.65703500,0
1506971162,22668797,294.39,3.80000000,0
1506971162,22668796,294.38,0.20670000,0
1506971141,22668785,294.34,0.14149100,0
1506971100,22668763,294.20,11.68943313,0
1506971093,22668758,294.27,0.16968956,0
1506970998,22668711,294.36,4.99553057,0
1506970991,22668709,294.39,3.27453242,0
1506970982,22668693,294.43,0.80457822,0
1506970982,22668692,294.42,10.81000000,0
1506970981,22668691,294.43,20.00000000,0
1506970976,22668676,293.06,8.64218470,1
1506970976,22668675,293.07,1.81000000,1
1506970976,22668674,293.17,0.55700000,1
1506970976,22668673,293.35,4.84000000,1
1506970976,22668671,293.36,5.00000000,1
1506970976,22668670,293.56,1.11162830,1
1506970975,22668669,293.90,6.79809700,1
1506970973,22668651,294.07,0.30543748,0
1506970950,22668631,293.90,1.17135800,1
1506970937,22668622,293.90,0.03054500,1
1506970769,22668569,293.81,0.17272500,1
1506970769,22668568,293.83,0.41000000,1
1506970768,22668566,293.82,0.41028700,1
1506970674,22668533,293.81,4.48035509,1
1506970674,22668532,293.90,0.64602273,1
1506970674,22668530,293.90,0.64602273,1
1506970674,22668528,293.90,3.25834400,1
1506970640,22668509,293.90,3.38675500,1
1506970604,22668480,293.90,3.35327300,1
1506970603,22668478,293.90,0.00162800,1
1506970603,22668477,293.90,0.73837200,1
1506970603,22668476,293.91,1.11000000,1
1506970601,22668472,293.90,1.07179400,1
1506970601,22668471,293.91,3.23000000,1
1506970601,22668470,293.91,2.34330500,1
1506970600,22668469,293.91,1.11162800,1
1506970589,22668452,293.91,3.23506700,1
1506970585,22668441,293.91,6.69000000,1
1506970577,22668432,293.90,6.69000000,1
1506970576,22668431,293.90,1.49983400,1
1506970576,22668430,293.91,6.69000000,1
1506970483,22668332,294.00,0.41054429,1
1506970479,22668328,294.00,0.58945571,1
1506970479,22668327,294.01,0.41054429,1
1506970473,22668324,294.01,13.46100000,1
1506970473,22668322,294.01,28.35708017,1
1506970472,22668321,294.10,0.73000000,1
1506970452,22668297,294.10,0.02000000,1
1506970255,22668209,294.10,0.25000000,1
1506969811,22668027,294.01,20.00000000,1
1506969811,22668024,294.01,20.00000000,1
1506969662,22667953,294.51,0.06773964,0
1506969634,22667942,294.02,2.45646888,0
1506969628,22667939,294.02,4.84000000,0
1506969628,22667938,294.02,4.84000000,0
1506969626,22667936,294.02,1.09900280,1
1506969626,22667935,294.02,1.43794732,1
1506969625,22667934,294.02,18.56205268,1
1506969625,22667933,294.07,1.43794732,1
1506969520,22667896,294.01,17.77137554,1
1506969519,22667895,294.02,0.20670000,1
1506969519,22667894,294.06,1.75092446,1
1506969519,22667893,294.10,0.27100000,1
1506969473,22667882,294.70,41.33032179,1
1506969473,22667881,294.70,4.84000000,1
1506969472,22667880,294.70,4.61715700,0
1506969353,22667856,294.70,0.22284300,0
1506969353,22667855,294.65,0.20700000,0
1506969290,22667835,294.02,3.40032325,1
1506969288,22667834,294.03,3.95919902,1
1506969252,22667823,294.01,2.24881721,0
1506969233,22667816,294.01,0.27000000,0
1506969221,22667813,294.01,0.82343778,1
1506969220,22667812,294.40,7.13263267,1
1506969220,22667811,294.40,19.99999979,1
1506969219,22667810,294.40,4.84000000,1
1506969218,22667809,294.40,5.50000000,1
1506969214,22667808,294.40,0.69418367,1
1506969194,22667800,294.40,61.83318387,1
1506969193,22667799,294.60,2.63472613,1
1506969160,22667796,294.60,0.67527387,1
1506969153,22667795,294.60,6.69000000,1
1506968924,22667694,294.00,1.20370947,1
1506968915,22667692,294.01,1.08852660,0
1506968907,22667691,294.01,0.20700000,0
1506968905,22667690,294.61,0.14953175,0
1506968905,22667689,294.61,0.20690000,0
1506968835,22667653,294.01,0.20690000,1
1506968792,22667633,294.00,1.07000000,1
1506968792,22667632,294.00,1.83000000,0
1506968792,22667631,294.00,3.79131300,0
1506968791,22667630,293.72,1.07000000,1
1506968784,22667627,294.00,1.82868700,1
1506968777,22667625,294.01,0.96295999,1
1506968776,22667624,294.01,1.07000000,1
1506968775,22667623,294.01,1.07000000,1
1506968773,22667622,294.56,1.07111072,0
1506968594,22667493,295.00,1.35322034,0
1506968583,22667487,295.00,4.84000000,0
1506968579,22667485,295.25,2.03615398,0
1506968579,22667484,295.16,0.10179153,0
1506968578,22667483,295.13,0.10179153,0
1506968578,22667482,295.10,0.10179153,0
1506968578,22667481,295.07,0.10179153,0
1506968578,22667480,295.06,4.86667990,0
1506968578,22667479,295.00,6.69000000,0
1506968578,22667478,295.00,1.00000000,0
1506968504,22667446,294.90,4.79486228,0
1506968504,22667444,294.82,0.04513772,0
1506968447,22667400,294.74,3.55445438,1
1506968446,22667397,294.74,3.82418946,0
1506968381,22667350,294.74,1.01581054,0
1506968365,22667348,294.38,0.32000000,0
1506968291,22667316,293.87,20.00000000,1
1506968290,22667314,293.87,20.00000000,1
1506967993,22667141,294.70,0.05176445,0
1506967982,22667132,294.51,2.03728227,0
1506967817,22667020,293.56,1.00000000,1
1506967815,22667018,293.57,5.00000000,1
1506967769,22667006,293.57,0.43490825,1
1506967769,22667005,293.58,0.03404317,1
1506967769,22667004,293.72,0.03104858,1
1506967767,22667000,294.48,0.03400000,0
1506967765,22666998,294.49,0.03400000,0
1506967761,22666990,294.51,0.03400000,0
1506967757,22666989,294.52,0.03400000,0
1506967754,22666988,294.53,0.03400000,0
1506967752,22666986,294.54,0.03400000,0
1506967749,22666985,294.57,0.03400000,0
1506967748,22666983,294.56,0.03400000,0
1506967745,22666982,294.58,0.03400000,0
1506967743,22666979,294.59,0.03400000,0
1506967741,22666974,294.59,0.03400000,0
1506967739,22666972,294.61,0.03400000,0
1506967731,22666971,294.65,0.03400000,0
1506967730,22666970,294.66,0.03400000,0
1506967728,22666969,294.66,0.03400000,0
1506967726,22666967,294.68,0.03396007,1
1506967724,22666966,294.00,0.00003993,0
1506967723,22666965,294.00,3.35000000,1
1506967723,22666964,294.00,41.20269548,1
1506967723,22666963,294.01,0.04050059,1
1506967722,22666962,294.69,0.03400000,0
1506967720,22666961,294.70,0.03400000,0
1506967718,22666960,294.71,0.03400000,0
1506967716,22666959,294.72,0.03400000,0
1506967713,22666910,294.73,0.03400000,0
1506967712,22666909,294.73,0.03400000,1
1506967710,22666908,294.00,94.00000000,1
1506967709,22666907,294.10,3.84046128,0
1506967709,22666905,294.09,0.20640000,0
1506967709,22666903,294.09,0.04514272,0
1506967708,22666901,294.00,34.82967520,1
1506967708,22666900,294.00,0.84032480,1
1506967708,22666899,294.00,0.33000000,1
1506967707,22666898,294.00,1.00000000,1
1506967704,22666897,294.10,0.29000000,0
1506967704,22666896,294.10,1.00000000,1
1506967691,22666891,294.10,9.47227738,1
1506967690,22666888,294.10,0.46000000,1
1506967683,22666886,294.10,0.44000000,1
1506967683,22666885,294.10,20.52772262,1
1506967657,22666863,294.10,0.04283388,1
1506967657,22666862,294.13,0.10179153,1
1506967657,22666861,294.16,0.10179153,1
1506967657,22666860,294.19,0.10179153,1
1506967657,22666859,294.22,0.10179153,1
1506967462,22666731,294.72,0.22585728,0
1506967462,22666730,294.45,0.04513772,0
1506967110,22666602,294.10,5.08063012,1
1506967110,22666601,294.11,2.01000000,1
1506967110,22666600,294.24,4.43355896,1
1506967108,22666599,294.24,0.40644104,1
1506967108,22666598,294.50,1.00000000,1
1506967108,22666597,294.57,0.10163979,1
1506967107,22666596,294.60,0.10163979,1
1506967107,22666595,294.63,0.10163979,1
1506967105,22666594,294.66,0.10163979,1
1506966857,22666385,295.16,2.00000000,0
1506966856,22666384,294.10,7.44752094,1
1506966856,22666383,294.12,0.10161797,1
1506966855,22666382,294.27,7.54000000,0
1506966854,22666381,294.27,13.04000000,0
1506966854,22666380,294.27,4.84000000,1
1506966838,22666377,294.12,7.89838203,1
1506966838,22666376,294.12,0.04583163,1
1506966837,22666375,294.13,3.22539931,1
1506966837,22666374,294.15,5.00000000,1
1506966837,22666373,294.27,4.84000000,1
1506966836,22666372,294.50,0.27100000,0
1506966836,22666371,294.50,5.00000000,0
1506966836,22666370,294.54,0.20640000,1
1506966796,22666356,295.19,7.52656839,0
1506966773,22666350,294.40,5.34443161,0
1506966771,22666349,294.40,3.40766798,0
1506966770,22666348,294.40,2.24905464,0
1506966730,22666336,294.52,0.10000000,1
1506966730,22666335,294.53,10.79000000,1
1506966730,22666334,294.59,10.00000000,1
1506966674,22666312,294.60,1.51564833,0
1506966672,22666307,294.60,7.38448742,0
1506966669,22666299,294.60,6.67254625,0
1506966667,22666297,294.60,3.00000000,1
1506966667,22666296,294.61,0.10162602,1
1506966666,22666295,294.62,2.27607045,1
1506966666,22666294,294.64,0.04257345,1
1506966666,22666293,294.65,1.91264181,1
1506966615,22666283,294.64,0.05905257,1
1506966607,22666279,294.67,0.10162602,1
1506966607,22666278,294.70,0.10162602,1
1506966202,22666090,295.20,0.01686992,0
1506966140,22666076,294.62,0.72392955,1
1506966140,22666075,294.65,1.25607045,1
1506966071,22666030,295.00,1.00000000,1
1506966071,22666029,295.00,3.00000000,1
1506966071,22666028,295.00,1.00000000,1
1506966071,22666027,295.00,0.27000000,1
1506966071,22666026,295.10,2.83413970,1
1506966058,22666024,295.10,4.84000000,1
1506966049,22666023,295.10,2.00000000,1
1506965965,22665994,295.10,0.96200000,1
1506965964,22665993,295.10,37.18731500,1
1506965936,22665952,295.10,0.17000000,1
1506965929,22665949,295.10,0.84376900,1
1506965927,22665948,295.10,2.00000000,1
1506965893,22665901,295.10,0.35547830,1
1506965876,22665886,295.10,2.81029100,1
1506965844,22665876,295.10,0.19620400,1
1506965839,22665875,295.10,0.43300000,1
1506965798,22665855,295.10,1.00038900,1
1506965771,22665814,295.10,4.93741400,1
1506965761,22665805,295.05,0.43000000,0
1506965687,22665772,295.19,2.58000000,1
1506965686,22665771,295.19,4.11000000,1
1506965684,22665770,295.19,2.58000000,0
1506965643,22665761,295.00,4.73000000,1
1506965618,22665758,295.34,0.10000000,1
1506965479,22665681,295.74,0.10000000,1
1506965373,22665625,295.97,4.84000000,1
1506965369,22665622,296.00,1.00000000,1
1506965354,22665595,296.05,0.10113269,1
1506965354,22665594,296.07,6.97601551,1
1506965354,22665593,296.08,0.10113269,1
1506965354,22665592,296.08,0.18157197,1
1506965348,22665588,296.08,0.37000000,1
1506965323,22665555,296.08,1.46838645,1
1506965322,22665554,296.09,0.03978217,1
1506965322,22665553,296.11,0.10113269,1
1506965322,22665552,296.14,0.10113269,1
1506965201,22665505,296.64,0.67253236,0
1506965177,22665490,296.72,17.97775531,0
1506965177,22665489,296.70,2.02224469,0
1506965163,22665482,296.61,2.51881700,1
1506965099,22665435,296.74,2.00000000,0
1506965068,22665416,296.82,7.21348586,0
1506965068,22665415,296.81,3.61000000,0
1506965067,22665414,296.58,5.00000000,0
1506965067,22665413,296.55,3.90751414,0
1506965067,22665412,296.54,0.26900000,0
1506964935,22665370,296.09,0.06021783,1
1506964935,22665369,296.14,1.30088100,1
1506964935,22665368,296.21,0.26900000,1
1506964935,22665367,296.58,0.00000017,1
1506964915,22665328,296.58,1.55945700,1
1506964843,22665289,296.14,1.60972700,1
1506964840,22665287,296.14,0.94939200,1
1506964812,22665270,296.14,0.98000000,1
1506964810,22665264,296.39,0.10000000,1
1506964806,22665255,296.83,0.05151630,0
1506964779,22665198,296.41,8.00000000,1
1506964779,22665197,296.46,1.36306764,1
1506964768,22665193,296.50,0.66178499,1
1506964698,22665161,296.89,1.96649218,0
1506964481,22665034,296.50,0.03276000,1
1506964415,22665001,296.50,7.43327385,1
1506964362,22664964,296.55,0.73611238,1
1506964362,22664963,296.55,0.06807822,1
1506964362,22664962,296.55,0.33954181,1
1506964248,22664895,296.96,2.74950000,0
1506964085,22664838,297.00,0.35547830,0
1506963990,22664768,296.99,0.73100000,0
1506963990,22664767,296.98,0.26900000,0
1506963972,22664758,296.95,0.17500000,0
1506963916,22664721,296.98,1.56774867,0
1506963861,22664704,297.00,1.00000000,0
1506963794,22664694,297.02,0.03357794,0
1506963692,22664643,297.02,1.70874015,0
1506963661,22664633,296.50,9.40000000,1
1506963605,22664602,296.50,3.53358031,1
1506963598,22664600,296.53,0.35000000,0
1506963598,22664599,296.53,6.34000000,0
1506963597,22664598,296.53,0.35000000,1
1506963597,22664597,296.53,6.33962070,1
1506963541,22664584,296.53,0.35037930,1
1506963451,22664539,296.50,3.50983700,1
1506963445,22664537,296.63,0.26900000,1
1506963445,22664536,296.64,0.10000000,1
1506963445,22664535,296.84,0.10000000,1
1506963445,22664534,296.99,0.07100000,1
1506963366,22664514,297.00,1.14526600,0
1506963295,22664442,296.99,0.02900000,1
1506963293,22664440,297.00,0.00000039,1
1506963241,22664417,297.00,3.79077200,1
1506963236,22664416,297.00,4.84000000,1
1506963236,22664415,297.00,5.16000000,1
1506963229,22664414,297.00,5.50000000,1
1506963195,22664410,297.00,4.35288500,1
1506963153,22664403,297.00,0.41000000,1
1506963153,22664402,297.00,75.94634261,1
1506963153,22664401,297.00,0.11165739,1
1506963095,22664392,297.01,0.02900000,1
1506963051,22664380,297.23,10.00000000,0
1506963049,22664379,297.00,2.69693800,1
1506963048,22664377,297.00,4.02189500,1
1506962847,22664290,297.00,1.65800000,1
1506962844,22664287,297.00,1.65800000,1
1506962817,22664277,297.00,73.51245300,1
1506962716,22664222,297.00,9.19652300,1
1506962539,22664131,297.01,13.57337275,0
1506962487,22664079,297.00,0.20460000,1
1506962483,22664077,297.00,0.18017800,1
1506962447,22664062,297.01,0.36000000,0
1506962444,22664061,297.01,0.20460000,0
1506962437,22664058,297.00,0.47000000,1
1506962437,22664057,297.00,7.36120900,1
1506962404,22664042,297.00,71.17300000,1
1506962368,22664036,297.01,0.34950000,0
1506962345,22664027,297.01,1.23900800,0
1506962322,22664020,297.01,1.34620000,0
1506962295,22664013,297.01,0.67008859,0
1506962284,22664010,297.00,4.21327840,1
1506962280,22664009,297.00,64.42704200,1
1506962278,22664008,297.00,0.38000000,1
1506962276,22664007,297.00,0.20480000,1
1506962273,22664006,297.01,1.34400000,0
1506962269,22664004,297.01,0.80000000,0
1506962268,22664003,297.01,2.73000000,1
1506962237,22663991,297.56,0.20480000,0
1506962229,22663982,297.00,13.35300000,1
1506962201,22663960,297.67,1.34310000,0
1506962179,22663946,297.00,11.38000000,1
1506962178,22663945,297.00,10.80432629,1
1506962178,22663944,297.01,4.84000000,1
1506962178,22663943,297.03,3.74790519,1
1506962178,22663942,297.04,0.20480000,1
1506962178,22663941,297.19,0.10074213,1
1506962178,22663940,297.22,0.10074213,1
1506962178,22663939,297.25,0.10074213,1
1506962178,22663938,297.28,0.10074213,1
1506962165,22663934,297.78,0.20410000,0
1506962130,22663921,297.79,1.34260000,0
1506962093,22663900,297.80,0.59999934,0
1506962093,22663899,297.76,0.00000066,0
1506962091,22663896,297.76,0.60000000,1
1506962091,22663895,297.79,5.58676934,1
1506961938,22663811,297.80,0.20410000,0
1506961936,22663809,297.80,0.40065454,0
1506961921,22663797,297.66,5.50000000,1
1506961921,22663796,297.66,4.84000000,1
1506961918,22663793,297.66,6.69000000,0
1506961788,22663686,297.74,1.34270000,0
1506961752,22663674,297.77,1.00000000,0
1506961720,22663654,297.75,2.05604997,0
1506961716,22663653,297.76,0.39570000,0
1506961698,22663643,297.79,1.67587898,0
1506961655,22663622,297.79,1.34260000,0
1506961653,22663619,297.77,11.06311169,0
1506961652,22663618,297.77,10.03157451,0
1506961619,22663592,297.88,1.34257992,1
1506961619,22663588,297.80,0.00002008,0
1506961582,22663569,297.77,1.34260000,0
1506961567,22663562,297.77,2.72864979,0
1506961316,22663448,297.80,1.31860000,0
1506961273,22663417,297.80,2.17907992,0
1506961259,22663412,297.80,1.34230000,0
1506961223,22663399,297.77,0.20430000,0
1506961200,22663331,297.79,2.35203300,1
1506961199,22663330,297.79,3.74516700,0
1506961199,22663329,297.60,0.59280000,0
1506961188,22663324,297.60,0.40720000,0
1506961187,22663323,297.59,0.26900000,0
1506961015,22663247,297.00,10.69626794,1
1506961015,22663246,297.01,3.38000000,1
1506961003,22663235,297.01,3.74000000,1
1506961003,22663234,297.01,0.20430000,1
1506961003,22663233,297.02,6.69000000,1
1506961003,22663231,297.03,0.43275040,1
1506960974,22663212,297.00,14.71192283,1
1506960974,22663211,297.01,10.73000000,1
1506960973,22663210,297.01,4.13000000,1
1506960973,22663209,297.02,0.26900000,1
1506960973,22663208,297.03,1.24625390,1
1506960798,22663146,297.59,1.48462861,0
1506960649,22663093,297.00,20.00000000,1
1506960648,22663092,297.00,13.58490915,1
1506960648,22663091,297.00,0.10081661,1
1506960648,22663090,297.01,4.56000000,1
1506960647,22663089,297.03,0.10081661,1
1506960647,22663088,297.06,0.10081661,1
1506960647,22663087,297.07,1.55264102,1
1506960640,22663085,297.59,1.18055042,0
1506960534,22663055,297.09,1.55264100,1
1506960464,22662986,296.98,0.35584794,1
1506960455,22662982,297.57,1.90848896,1
1506960454,22662981,297.57,1.78752000,0
1506960364,22662959,297.59,2.40878389,1
1506960364,22662958,297.47,0.46000000,0
1506960363,22662955,297.46,0.23000000,0
1506960363,22662954,297.46,0.26900000,0
1506960234,22662905,296.50,30.38100000,1
1506960234,22662904,296.51,5.05000000,1
1506960234,22662903,296.51,0.10000000,1
1506960234,22662902,296.74,0.26900000,1
1506960052,22662823,296.52,6.04621937,0
1506960043,22662822,296.52,2.32667330,0
1506960032,22662820,296.51,0.26900000,1
1506960017,22662805,296.98,9.09792433,1
1506960017,22662804,296.98,12.45707564,1
1506960017,22662803,296.99,7.54292436,1
1506959912,22662753,296.98,6.69000000,1
1506959906,22662745,296.98,2.06268752,1
1506959900,22662743,296.98,1.87494975,1
1506959897,22662741,296.98,2.64817558,1
1506959897,22662740,296.98,76.59904538,1
1506959896,22662739,297.00,3.16215662,1
1506959889,22662733,297.21,0.10073537,1
1506959885,22662730,297.24,0.10073537,1
1506959885,22662729,297.27,0.10073537,1
1506959885,22662728,297.30,0.10073537,1
1506959882,22662725,297.31,6.69000000,1
1506959798,22662692,297.81,3.84650107,0
1506959798,22662691,297.80,14.23292436,0
1506959777,22662658,297.00,0.08721234,1
1506959771,22662657,297.00,0.41653675,1
1506959767,22662656,297.00,0.07385590,1
1506959767,22662655,297.08,0.23000000,1
1506959761,22662652,297.06,0.02676696,1
1506959761,22662651,297.07,0.26900000,1
1506959718,22662636,298.00,12.47000000,0
1506959717,22662635,297.81,0.42000000,0
1506959717,22662634,297.68,0.42000000,0
1506959717,22662633,297.66,6.69000000,0
1506959521,22662560,298.16,20.00000000,0
1506959388,22662466,297.00,1.96171000,1
1506959387,22662465,297.00,1.96871000,1
1506959356,22662447,297.00,1.49265400,1
1506959342,22662431,297.01,0.60000000,1
1506959334,22662399,297.00,0.19359200,1
1506959330,22662392,297.00,0.80000000,1
1506959296,22662367,297.00,0.50000000,1
1506959290,22662351,297.00,1.00000000,1
1506959286,22662345,297.00,0.11861400,1
1506959274,22662324,297.00,0.47476818,1
1506959266,22662312,297.00,5.41281500,1
1506959262,22662309,297.00,30.21912814,1
1506959260,22662305,297.00,9.20117700,1
1506959252,22662286,297.00,39.50804342,1
1506959252,22662285,297.01,0.20000000,1
1506959252,22662284,297.01,3.39315158,1
1506959251,22662283,297.01,2.80566100,1
1506959220,22662260,297.22,0.86853619,1
1506959196,22662241,297.27,2.01710146,1
1506959195,22662240,297.29,4.39915934,1
1506959195,22662239,297.30,2.29084066,1
1506959036,22662136,297.99,1.10104366,0
1506959031,22662135,298.18,0.98608800,0
1506959031,22662134,298.02,0.42000000,0
1506959031,22662133,297.81,0.26800000,0
1506959001,22662112,297.27,5.55384000,1
1506958977,22662095,297.34,5.73437500,1
1506958976,22662094,297.48,0.26800000,1
1506958973,22662091,297.52,1.84516700,1
1506958707,22661946,298.31,0.50104120,0
1506958661,22661922,298.31,0.35584794,0
1506958581,22661875,298.31,1.53995500,0
1506958535,22661850,298.05,6.69000000,0
1506958520,22661842,298.05,20.00000000,0
1506958458,22661812,298.01,0.69633588,1
1506958456,22661810,298.01,0.65811065,0
1506958456,22661808,298.01,1.35524461,0
1506958399,22661774,297.35,0.20234468,1
1506958367,22661711,298.08,19.53000000,0
1506958367,22661710,297.87,0.47000000,0
1506957695,22661420,298.03,1.90000000,1
1506957663,22661379,298.73,29.71847488,0
1506957599,22661360,298.73,20.00000000,1
1506957324,22661266,298.73,0.17684866,0
1506957025,22661185,298.89,0.25929271,0
1506957024,22661184,298.73,0.43000000,0
1506957024,22661183,298.73,1.67118300,1
1506957024,22661181,298.68,1.01000000,0
1506957022,22661177,298.67,30.00000000,0
1506957011,22661169,297.84,2.24637599,1
1506957011,22661168,297.85,2.00919247,1
1506957007,22661166,298.67,0.43000000,0
1506957006,22661165,298.67,0.43000000,0
1506957005,22661164,297.84,0.41200000,1
1506956851,22661085,298.73,3.07116794,1
1506956850,22661084,298.68,0.26800000,0
1506956750,22661024,298.46,20.00000000,0
1506956657,22660914,298.01,0.00000039,1
1506956656,22660912,298.02,2.66860400,1
1506956647,22660902,298.01,1.99999961,1
1506956647,22660901,298.16,0.26800000,1
1506956647,22660900,298.23,0.00000039,1
1506956645,22660899,298.23,0.63664274,1
1506956645,22660898,298.23,0.63664313,1
1506956645,22660896,298.23,0.63664313,1
1506956627,22660881,298.92,18.33466900,0
1506956575,22660872,299.03,1.00073571,0
1506956528,22660852,299.15,1.10833100,0
1506956528,22660851,299.14,0.29000000,0
1506956528,22660850,299.13,0.26700000,0
1506956242,22660660,298.47,0.08913865,0
1506956242,22660659,298.47,0.26700000,1
1506956125,22660575,298.22,0.76494931,0
1506956125,22660574,298.50,0.27402137,1
1506956124,22660573,298.63,0.10025733,1
1506956124,22660572,298.66,0.10025733,1
1506956124,22660571,298.69,0.10025733,1
1506956124,22660570,298.72,0.10025733,1
1506956124,22660569,299.00,0.36000000,1
1506956107,22660568,299.21,2.99378363,0
1506956105,22660566,299.20,0.34000000,0
1506955942,22660511,299.22,1.66683377,0
1506955820,22660437,299.23,19.50000000,0
1506955757,22660408,299.22,0.50000000,0
1506955719,22660398,299.23,1.63506332,0
1506955719,22660397,299.22,30.00000000,0
1506955719,22660396,299.21,2.00528057,1
1506955719,22660395,299.21,0.40000000,0
1506955718,22660394,299.20,0.30011444,0
1506955565,22660309,299.20,0.09050802,0
1506955564,22660308,299.10,0.48000000,0
1506955564,22660307,299.09,0.12389402,0
1506955562,22660303,299.06,0.42000000,0
1506955228,22660178,298.02,0.12389402,1
1506955228,22660177,298.40,0.10033445,1
1506955228,22660176,298.43,0.10033445,1
1506955227,22660175,298.46,0.10033445,1
1506955227,22660173,298.49,0.10033445,1
1506955225,22660171,299.00,0.47476818,1
1506955161,22660138,299.28,3.91295777,0
1506955154,22660132,299.30,0.00000003,1
1506955154,22660131,299.30,1.59999997,1
1506955153,22660128,299.32,0.36330000,0
1506955135,22660115,299.00,0.84000000,1
1506955007,22660058,299.00,2.65522340,1
1506955007,22660057,299.00,5.53232374,1
1506955001,22660043,299.00,2.69450158,1
1506955000,22660041,299.00,1.18212323,1
1506954994,22660024,299.00,10.04403851,1
1506954994,22660023,299.00,5.77607968,1
1506954993,22660022,299.03,0.76469032,1
1506954978,22659998,299.53,0.10000000,0
1506954924,22659979,298.96,0.09970000,0
1506954850,22659897,298.93,0.10017698,1
1506954850,22659896,298.96,0.10017698,1
1506954453,22659544,299.47,0.44013279,1
1506954453,22659543,299.47,0.45024020,0
1506954451,22659542,299.02,2.44418919,0
1506954344,22659493,299.38,2.41796379,0
1506954343,22659492,299.30,0.04505073,0
1506954343,22659491,299.05,0.10046885,0
1506954343,22659490,299.02,0.10046885,0
1506954343,22659489,298.99,0.10046885,0
1506954342,22659488,298.96,0.07859345,0
1506954342,22659487,298.91,0.64000000,0
1506954342,22659486,298.88,2.56270439,0
1506954340,22659485,298.53,0.44000000,0
1506954156,22659375,298.50,2.44418918,0
1506953969,22659286,298.49,14.72790000,0
1506953968,22659285,298.49,14.72790000,0
1506953964,22659283,298.30,0.25767631,0
1506953957,22659282,298.00,0.07859345,1
1506953957,22659281,298.03,0.10046885,1
1506953957,22659280,298.06,0.10046885,1
1506953957,22659279,298.09,0.10046885,1
1506953916,22659270,298.60,0.76832467,1
1506953916,22659269,298.61,7.75548004,0
1506953915,22659268,298.61,7.75548004,0
1506953898,22659263,298.61,12.75000000,0
1506953895,22659261,298.60,4.16707200,1
1506953884,22659253,298.60,0.93114122,1
1506953884,22659252,298.62,3.54557278,1
1506953865,22659239,298.62,1.00000000,1
1506953865,22659238,298.62,0.10000000,1
1506953864,22659237,298.62,0.20322800,1
1506953862,22659235,298.62,0.69363711,1
1506953862,22659234,298.62,0.70806289,1
1506953861,22659231,298.63,0.04618248,0
1506953861,22659230,298.63,0.10000000,0
1506953860,22659229,298.62,1.34208600,1
1506953844,22659217,298.62,1.21936800,1
1506953829,22659211,298.62,2.27292100,1
1506953824,22659206,298.61,0.05613865,0
1506953824,22659205,298.61,0.10000000,0
1506953824,22659204,298.61,0.10000000,0
1506953824,22659203,298.61,0.10000000,0
1506953814,22659201,298.60,0.02410000,1
1506953814,22659200,298.46,0.10000000,0
1506953814,22659199,298.46,0.10000000,0
1506953814,22659198,298.46,0.10000000,0
1506953466,22659023,298.26,0.00059000,1
1506953466,22659022,298.30,0.10000000,1
1506953466,22659021,298.33,0.10000000,1
1506953466,22659019,298.35,0.10000000,1
1506953466,22659018,298.37,0.10000000,1
1506953466,22659017,298.39,0.10000000,1
1506953443,22659005,297.87,1.28808973,0
1506953443,22659004,298.00,0.48211027,1
1506953364,22658962,298.93,0.10000000,0
1506953364,22658961,298.93,0.08000000,0
1506953364,22658960,298.92,0.02000000,0
1506953363,22658958,298.92,0.10000000,0
1506953363,22658956,298.92,0.10000000,0
1506953363,22658955,298.92,0.10000000,0
1506953363,22658954,298.92,0.10000000,0
1506953343,22658946,299.15,0.10000000,0
1506953343,22658944,299.15,0.04000000,0
1506953342,22658943,298.57,0.06000000,0
1506953342,22658942,298.57,0.10000000,0
1506953342,22658941,298.57,0.10000000,0
1506953342,22658940,298.57,0.10000000,0
1506953341,22658939,298.57,0.10000000,0
1506953333,22658933,298.00,3.93397086,1
1506953304,22658921,298.00,5.53391887,1
1506953303,22658920,298.03,1.63199113,1
1506953281,22658906,298.03,0.38000000,1
1506952951,22658689,297.91,0.78034199,1
1506952951,22658688,297.93,1.06790050,1
1506952932,22658678,297.86,1.81277452,1
1506952931,22658677,297.86,0.20410000,1
1506952924,22658671,297.86,0.05000000,1
1506952871,22658610,298.69,2.00374971,0
1506952770,22658341,298.57,0.10027743,1
1506952770,22658340,298.60,0.10027743,1
1506952770,22658337,298.63,0.10027743,1
1506952770,22658336,298.66,0.10027743,1
1506952623,22658257,299.17,0.96768100,0
1506952623,22658256,299.16,0.76000000,0
1506952520,22658213,299.00,4.84000000,0
1506952519,22658212,299.00,0.16000000,0
1506952445,22658202,299.24,0.50838791,1
1506952444,22658201,298.55,0.86574357,0
1506952444,22658200,298.38,0.46000000,0
1506952444,22658199,298.26,0.10073537,0
1506952443,22658198,298.23,0.10073537,0
1506952443,22658197,298.20,0.10073537,0
1506952441,22658196,298.17,0.10073537,0
1506952206,22658165,298.03,0.02463800,1
1506952203,22658164,298.05,0.11421700,1
1506952192,22658162,298.00,3.29031800,0
1506952192,22658161,298.00,106.51519757,0
1506952152,22658150,298.00,6.20000000,0
1506952128,22658137,297.99,4.80000000,1
1506952060,22658122,298.00,1.19008123,0
1506952050,22658111,298.00,12.13356733,0
1506952049,22658110,298.00,1.96115387,0
1506952049,22658109,298.00,0.30000000,0
1506952049,22658108,298.00,1.00000000,0
1506952047,22658107,297.99,0.31482556,0
1506952047,22658106,297.99,1.69866483,0
1506952047,22658105,297.50,0.44100000,0
1506951994,22658067,297.00,0.38808454,0
1506951952,22658045,297.49,0.36830398,0
1506951907,22658031,297.50,0.50900000,0
1506951753,22657986,297.50,0.05000000,0
1506951752,22657985,297.49,0.10000000,1
1506951751,22657984,297.49,2.50000000,0
1506951708,22657959,297.49,2.82717400,0
1506951571,22657897,297.00,7.42282553,0
1506951562,22657889,297.00,0.76623735,0
1506951555,22657885,297.00,0.06525900,0
1506951518,22657873,297.00,10.71000000,0
1506951516,22657872,297.00,3.61496712,0
1506951438,22657833,297.00,0.67029700,0
1506951437,22657831,297.00,0.75461400,0
1506951413,22657791,296.97,0.35802834,1
1506951400,22657778,297.00,4.99580000,0
1506951400,22657777,296.99,0.20420000,0
1506951233,22657699,296.97,0.33409850,0
1506951231,22657698,296.97,0.10000000,0
1506951111,22657654,297.00,1.00000000,1
1506950903,22657548,297.87,0.16395379,1
1506950902,22657547,297.87,0.23000000,1
1506950898,22657540,297.87,2.21732523,0
1506950883,22657520,296.80,3.89692380,1
1506950883,22657519,297.01,2.00000000,1
1506950870,22657511,297.10,0.48000000,1
1506950870,22657510,297.50,0.52973533,1
1506950863,22657508,297.50,3.47026467,1
1506950725,22657342,297.27,1.73565818,1
1506950708,22657337,297.25,1.45798511,0
1506950708,22657336,297.25,5.13999957,1
1506950705,22657335,297.25,0.00000043,0
1506950664,22657315,297.18,0.20420000,1
1506950663,22657314,297.18,6.69000000,1
1506950569,22657292,297.25,1.37801400,0
1506950541,22657277,297.25,14.69073700,0
1506950464,22657230,297.25,0.04506900,0
1506950459,22657226,297.25,7.18184800,0
1506950430,22657221,297.10,3.00000000,1
1506950154,22657098,297.25,0.88255677,0
1506950130,22657089,297.25,26.03672200,0
1506950130,22657087,297.24,0.20000000,0
1506950110,22657074,297.25,22.30061700,0
1506950108,22657073,297.23,0.13000300,0
1506950108,22657072,297.17,0.20520000,0
1506950078,22657033,296.90,0.02000000,1
1506949737,22656865,296.85,13.39772488,1
1506949737,22656864,296.86,2.01988733,1
1506949731,22656861,296.74,0.26900000,0
1506949731,22656860,296.73,2.77000000,0
1506949711,22656840,296.76,1.65000000,1
1506949693,22656827,296.84,5.89529262,0
1506949584,22656792,296.76,0.35000000,1
1506949429,22656747,297.17,16.74149477,0
1506949235,22656611,296.07,8.66143532,1
1506949228,22656605,296.05,0.20520000,1
1506949215,22656595,296.50,0.26900000,1
1506949180,22656550,297.21,0.10073537,1
1506949136,22656524,297.23,28.78246290,1
1506949108,22656511,297.23,0.69855500,1
1506949106,22656510,297.23,0.51898210,0
1506948942,22656394,297.23,0.10073537,0
1506948941,22656393,297.23,0.10073537,0
1506948941,22656392,297.23,0.10073537,0
1506948690,22656245,297.81,0.01215540,0
1506948690,22656244,297.80,2.07181800,0
1506948690,22656243,297.00,1.00000000,0
1506948688,22656242,296.99,0.26900000,0
1506948597,22656174,296.50,1.00000000,1
1506948597,22656173,296.57,0.26900000,1
1506948597,22656172,296.57,0.23000000,1
1506948568,22656135,297.76,8.25194788,0
1506948459,22656073,297.31,5.00000000,0
1506948392,22656043,297.42,0.35802834,0
1506948145,22655919,297.82,0.02251589,0
1506948108,22655880,297.94,4.91975314,0
1506948107,22655878,297.52,0.46000000,0
1506948107,22655876,297.00,0.90053873,0
1506948107,22655874,297.00,0.09946127,0
1506948107,22655873,296.99,0.27000000,0
1506948107,22655871,296.99,0.69567268,0
1506948105,22655867,296.99,0.65432732,0
1506948104,22655866,296.61,0.11418815,0
1506948101,22655861,295.61,0.95847005,0
1506948099,22655851,295.61,2.91086858,0
1506948096,22655842,295.61,2.50050000,0
1506948096,22655841,295.61,2.65568600,0
1506948096,22655840,295.61,12.47344000,0
1506948095,22655837,295.61,1.34026900,0
1506948095,22655836,295.61,1.53211293,0
1506948094,22655835,295.61,13.41000000,0
1506948093,22655833,295.60,1.61000000,0
1506948093,22655832,295.60,0.03479196,0
1506948093,22655828,295.60,1.99497800,0
1506948085,22655816,295.61,10.96840100,0
1506948085,22655815,295.60,1.91000000,0
1506948041,22655764,295.60,0.40591210,0
1506948041,22655763,295.43,1.41216145,0
1506948027,22655722,295.61,0.17513700,0
1506948027,22655721,295.60,1.55000000,0
1506948016,22655703,295.61,1.50105900,0
1506948015,22655699,295.61,3.22018011,0
1506948015,22655698,295.60,1.84000000,0
1506948003,22655683,295.60,2.07452000,0
1506947998,22655678,295.60,0.11548000,1
1506947995,22655677,295.61,1.64490800,0
1506947993,22655675,295.61,10.00272100,0
1506947991,22655672,295.61,0.21673600,0
1506947991,22655671,295.60,2.19937800,0
1506947990,22655667,295.60,0.71062200,0
1506947984,22655664,295.60,1.66223595,0
1506947959,22655639,295.61,2.02406300,1
1506947922,22655588,295.61,1.39693700,1
1506947921,22655587,296.00,1.30752173,1
1506947891,22655532,296.00,2.33164000,1
1506947890,22655526,296.00,2.95385500,1
1506947877,22655468,296.00,0.40698327,1
1506947877,22655466,296.00,0.90053873,1
1506947857,22655414,296.00,0.09946127,1
1506947857,22655413,296.26,0.41431373,1
1506947848,22655402,296.39,1.55234000,0
1506947840,22655379,296.39,1.21716674,0
1506947805,22655314,296.26,0.41452092,0
1506947803,22655303,296.40,0.04547908,1
1506947784,22655279,296.64,0.10000000,1
1506947784,22655278,296.75,0.25581185,1
1506947769,22655268,296.75,0.10019128,1
1506947769,22655267,296.80,0.36980872,1
1506947761,22655260,296.80,0.00000637,0
1506947759,22655252,296.80,0.36999363,0
1506947757,22655249,296.94,0.10000000,1
1506947749,22655221,297.20,0.22911000,0
1506947740,22655199,297.20,0.10633171,0
1506947740,22655197,297.18,0.12217930,0
1506947723,22655169,297.00,4.37000000,1
1506947723,22655168,297.00,3.00000000,1
1506947723,22655167,297.00,1.00000000,1
1506947723,22655166,297.00,4.97078364,1
1506947710,22655152,297.20,1.72092913,0
1506947696,22655133,297.20,0.46312248,0
1506947690,22655116,297.00,12.66622621,1
1506947669,22655110,297.20,1.85363000,0
1506947645,22655093,297.20,6.76816538,0
1506947542,22655032,297.20,3.36183600,0
1506947540,22655028,297.20,1.86908000,0
1506947536,22655025,297.20,0.31484257,0
1506947531,22655018,297.20,1.86371918,0
1506947521,22655009,297.20,3.10057400,0
1506947406,22654948,297.00,0.12850000,1
1506947398,22654924,297.00,2.85193831,1
1506947396,22654923,297.19,0.10000000,1
1506947361,22654911,297.25,4.77523970,0
1506947360,22654909,297.25,0.78822539,0
1506947357,22654899,297.25,6.73113540,0
1506947356,22654896,297.25,3.67927339,0
1506947356,22654893,297.25,6.30785534,0
1506947355,22654891,297.25,6.73039529,0
1506947352,22654886,297.25,6.72975609,0
1506947350,22654882,297.25,6.72941968,0
1506947342,22654870,297.25,3.19330328,0
1506947322,22654861,297.25,3.03021026,0
1506947321,22654855,297.25,0.95304811,0
1506947320,22654851,297.25,6.72881412,0
1506947306,22654841,297.25,6.75421362,0
1506947280,22654828,297.25,0.09995002,0
1506947278,22654825,297.25,0.09995002,0
1506947276,22654824,297.25,2.09537426,0
1506947233,22654811,297.25,0.02204687,0
1506947231,22654810,297.25,1.00000000,0
1506947230,22654806,297.25,0.31584207,0
1506947227,22654802,297.25,0.31598495,0
1506947225,22654801,297.39,0.10000000,1
1506947225,22654800,297.54,0.10000000,1
1506947174,22654744,297.55,0.29251100,0
1506947166,22654738,297.55,1.55867200,0
1506947165,22654737,297.55,1.25259000,0
1506947165,22654736,297.55,1.05156500,0
1506947165,22654735,297.55,1.23685100,0
1506947165,22654734,297.55,2.05186200,0
1506947154,22654727,297.00,2.96507262,1
1506947154,22654726,297.01,2.01417030,1
1506947122,22654716,297.55,1.00000000,1
1506947117,22654714,297.75,6.29554996,0
1506947078,22654662,297.75,0.99842149,0
1506947037,22654645,297.75,0.15440000,0
1506947021,22654630,297.75,0.99758186,0
1506947010,22654604,297.75,1.47004900,0
1506947004,22654595,297.75,5.16304700,0
1506947003,22654591,297.75,1.02700000,0
1506947002,22654590,297.75,12.21937300,0
1506947000,22654589,297.75,14.74599500,0
1506947000,22654587,297.75,77.70000000,0
1506947000,22654586,297.75,2.09189600,0
1506946995,22654580,297.75,5.88657000,0
1506946991,22654574,297.75,3.45787900,0
1506946991,22654573,297.75,2.43454400,0
1506946984,22654570,297.75,3.19641245,0
1506946937,22654556,297.75,0.50061000,0
1506946928,22654547,297.75,2.21880000,0
1506946928,22654546,297.75,12.55174600,0
1506946919,22654536,297.75,0.07000000,1
1506946908,22654528,297.80,2.21827100,0
1506946903,22654520,297.80,2.00463500,0
1506946896,22654515,297.80,14.74713000,0
1506946891,22654513,297.80,6.74591626,0
1506946891,22654512,297.80,8.00834874,0
1506946845,22654484,297.80,2.00993956,0
1506946836,22654479,297.80,14.75423100,0
1506946793,22654465,297.80,2.18994400,0
1506946777,22654454,297.80,14.32302200,0
1506946756,22654444,297.80,0.05958451,0
1506946745,22654438,297.80,4.76217500,0
1506946679,22654385,297.80,0.71695912,0
1506946656,22654367,297.80,0.31484257,0
1506946595,22654324,297.80,1.33982539,0
1506946573,22654308,297.80,0.01964000,0
1506946567,22654304,297.80,14.49977800,0
1506946566,22654299,297.80,2.33131000,0
1506946552,22654283,297.80,0.16737848,0
1506946540,22654276,297.80,0.06525500,0
1506946539,22654275,297.80,0.94125772,0
1506946525,22654262,297.80,0.27136693,0
1506946524,22654260,297.80,0.11473044,0
1506946524,22654259,297.79,0.11000000,0
1506946518,22654257,297.80,4.53634218,0
1506946516,22654253,297.80,0.50070300,0
1506946511,22654251,297.80,33.98405859,0
1506946509,22654241,297.80,0.37000000,0
1506946509,22654238,297.79,0.13000000,0
1506946504,22654184,297.80,3.21468674,0
1506946497,22654161,297.80,0.29196600,0
1506946496,22654160,297.80,7.14914900,0
1506946496,22654159,297.79,0.15000000,0
1506946487,22654157,297.80,3.57778039,0
1506946487,22654156,297.80,1.46442073,0
1506946486,22654155,297.79,0.18000000,0
1506946479,22654149,297.80,5.12954531,0
1506946474,22654141,297.80,0.54643660,0
1506946471,22654135,297.80,5.24817600,0
1506946470,22654134,297.80,0.01189000,0
1506946470,22654133,297.79,0.05461000,0
1506946469,22654132,297.79,0.15539000,0
1506946461,22654127,297.80,3.19079000,0
1506946456,22654122,297.80,25.73515733,0
1506946456,22654120,297.79,2.01484267,0
1506946456,22654119,297.79,0.25000000,0
1506946450,22654114,297.80,6.15930967,1
1506946450,22654113,297.80,7.00000000,1
1506946443,22654107,298.00,4.16392617,0
1506946435,22654101,298.00,6.12500000,0
1506946421,22654068,298.00,1.78273300,0
1506946419,22654066,298.00,0.99365554,0
1506946415,22654064,298.00,0.11814600,0
1506946412,22654062,298.00,16.00837123,0
1506946407,22654058,298.00,7.32733700,0
1506946407,22654057,297.99,0.31000000,0
1506946370,22654041,298.00,56.00140429,1
1506946354,22654023,298.00,1.00000000,1
1506946347,22654021,298.00,125.00000000,1
1506946286,22653986,298.00,73.99859571,1
1506946286,22653985,298.00,3.00000000,1
1506946286,22653984,298.01,0.04523338,1
1506946286,22653983,298.01,13.71296645,1
1506946286,22653982,298.55,19.06000000,1
1506946286,22653981,298.60,1.10000000,1
1506946226,22653968,298.70,49.75836092,0
1506946183,22653937,298.70,6.88322700,1
1506946087,22653901,298.70,0.42000000,1
1506945976,22653861,299.01,0.64574545,0
1506945907,22653829,299.01,0.30080731,0
1506945883,22653815,299.01,0.69940922,0
1506945838,22653775,299.01,3.55000000,0
1506945829,22653762,299.01,16.63300000,0
1506945778,22653715,298.70,20.69677300,0
1506945776,22653713,298.70,11.04311800,0
1506945767,22653702,298.70,3.14126000,0
1506945738,22653652,298.70,0.39980000,0
1506945737,22653632,298.70,14.71904900,0
1506945730,22653628,299.00,2.04777458,0
1506945717,22653621,298.58,0.63000000,0
1506945717,22653619,298.55,0.94000000,1
1506945711,22653608,298.90,1.27441093,0
1506945711,22653607,298.58,0.21486396,0
1506945710,22653606,298.58,3.62513604,1
1506945709,22653604,298.58,0.63000000,1
1506945709,22653603,298.90,3.84061559,0
1506945708,22653602,298.59,0.63000000,1
1506945707,22653600,298.59,0.63000000,0
1506945687,22653580,298.59,0.63000000,1
1506945686,22653578,298.90,0.62646612,0
1506945686,22653577,298.81,0.43000000,0
1506945577,22653489,299.01,3.60394363,0
1506945577,22653488,299.01,22.76919241,0
1506945576,22653486,298.91,2.39048458,0
1506945457,22653400,299.01,3.27208000,0
1506945430,22653359,298.61,0.04858000,1
1506945405,22653345,299.00,0.09995002,0
1506945384,22653329,299.00,0.02992503,1
1506945374,22653323,299.01,0.76949025,0
1506945373,22653322,299.01,0.15000000,0
1506945373,22653321,299.01,1.47640862,0
1506945372,22653319,299.00,0.12000000,1
1506945371,22653317,299.01,3.47316143,0
1506945370,22653312,299.01,4.33196214,0
1506945367,22653308,299.01,4.18169459,0
1506945367,22653307,299.00,0.15000000,0
1506945356,22653299,299.01,4.48145546,0
1506945352,22653293,299.01,3.21875522,0
1506945351,22653290,299.01,4.48127017,0
1506945351,22653289,299.00,0.00008496,0
1506945349,22653286,299.00,0.16991504,0
1506945295,22653255,299.00,0.21000000,0
1506945295,22653254,299.00,2.47634350,0
1506945255,22653230,299.00,3.66448083,0
1506945211,22653202,299.01,0.49348711,0
1506945211,22653201,299.00,0.00007497,0
1506945208,22653193,299.00,0.14992503,0
1506945202,22653187,299.00,0.10000000,0
1506945117,22653124,299.00,0.28985507,0
1506945106,22653117,299.01,0.73267282,0
1506945106,22653115,299.00,0.35000000,0
1506945083,22653098,299.00,0.41926213,0
1506945083,22653097,299.00,1.05640862,0
1506945065,22653076,299.01,0.86126476,0
1506945065,22653075,299.00,0.00024488,0
1506945062,22653070,299.00,0.48975512,0
1506945015,22652989,299.00,0.25050975,1
1506945015,22652987,299.00,0.32949025,1
1506945005,22652982,299.01,28.61739000,0
1506945002,22652976,299.00,0.69000000,1
1506944999,22652968,299.01,7.64616568,0
1506944994,22652956,299.01,4.76412093,0
1506944994,22652953,299.00,1.02000000,0
1506944753,22652853,299.01,4.79145855,0
1506944753,22652852,299.01,2.67523841,0
1506944753,22652851,299.00,1.21000000,0
1506944741,22652820,299.01,5.39019673,0
1506944740,22652819,299.00,1.44000000,0
1506944740,22652818,298.99,0.20280000,0
1506944740,22652816,298.98,0.21359956,0
1506944669,22652702,299.01,0.27609576,1
1506944669,22652701,299.02,0.23000000,1
1506944632,22652672,299.01,0.31341343,1
1506944632,22652671,299.05,0.91216657,1
1506944632,22652670,299.17,0.23000000,1
1506944625,22652658,299.05,0.08783343,1
1506944624,22652657,299.16,0.86574357,1
1506944605,22652629,299.49,1.83709000,1
1506944604,22652627,299.49,2.71271000,1
1506944559,22652576,299.49,0.45020000,1
1506944551,22652569,299.30,0.21359956,1
1506944549,22652568,299.50,0.00000044,1
1506944239,22652325,299.50,1.60499956,1
1506944238,22652324,300.00,0.00000044,1
1506944224,22652319,300.00,7.66906500,1
1506944122,22652264,300.00,0.52864589,1
1506944117,22652259,300.00,0.21221148,1
1506944103,22652254,300.01,0.20280000,0
1506944097,22652248,300.01,1.19870900,1
1506944024,22652210,300.59,0.75451612,0
1506944007,22652202,300.01,1.20260100,1
1506943920,22652156,300.01,0.59869000,0
1506943901,22652148,300.66,0.30506220,0
1506943805,22652088,300.00,1.23420327,1
1506943805,22652087,300.37,0.26579673,1
1506943771,22652071,300.37,0.08800080,0
1506943770,22652069,300.37,0.35199920,0
1506943565,22651940,300.00,0.35587392,1
1506943333,22651843,299.30,0.16481561,1
1506943333,22651842,299.30,0.55878439,1
1506943291,22651817,299.99,0.27640000,1
1506942953,22651618,300.67,0.27456594,0
1506942948,22651615,300.67,0.14440620,0
1506942948,22651614,300.66,0.27538660,0
1506942948,22651613,300.65,0.12020720,0
1506942948,22651611,300.65,0.46000000,0
1506942604,22651397,299.99,0.19360000,1
1506942517,22651380,300.59,0.10000000,0
1506942465,22651374,299.55,0.56158079,0
1506942463,22651371,300.54,0.13341921,1
1506942444,22651367,300.64,0.69500000,0
1506942434,22651362,300.64,0.69500000,0
1506942345,22651340,300.65,15.00000000,0
1506942283,22651326,300.65,3.29908429,0
1506942151,22651261,300.65,2.16490000,0
1506942089,22651244,300.65,0.66000000,0
1506942006,22651140,300.54,0.14127100,1
1506942003,22651110,300.65,0.27452377,0
1506942001,22651107,300.65,8.26572426,0
1506942001,22651106,300.60,0.04505072,0
1506942001,22651105,300.60,0.04778802,0
1506942000,22651104,300.60,0.05216200,0
1506942000,22651102,300.57,0.09995002,0
1506942000,22651100,300.54,0.04492002,0
1506942000,22651099,300.54,0.05503000,0
1506941999,22651098,300.51,0.09995002,0
1506941999,22651097,300.46,0.27624649,0
1506941999,22651096,300.44,0.62865371,0
1506941999,22651095,300.43,3.08201012,0
1506941998,22651092,300.20,0.10000000,0
1506941998,22651091,300.06,0.04505072,0
1506941998,22651090,300.00,8.45505332,0
1506941996,22651089,299.99,22.49390500,0
1506941988,22651088,299.99,17.93226600,0
1506941967,22651084,299.99,1.57382900,0
1506941895,22651050,300.00,0.70515700,0
1506941895,22651049,299.99,0.23000000,0
1506941859,22651039,300.00,6.93527180,0
1506941854,22651034,300.00,11.14417800,0
1506941794,22651005,300.00,0.03326667,0
1506941774,22650989,300.00,0.79990781,0
1506941713,22650962,300.00,6.34216540,0
1506941713,22650961,300.00,0.02000000,0
1506941713,22650960,300.00,6.92169120,0
1506941713,22650959,300.00,13.95447340,0
1506941624,22650930,300.00,3.71862588,0
1506941600,22650920,300.00,4.41246078,0
1506941580,22650916,300.00,1.94177029,0
1506941580,22650915,300.00,1.77700717,0
1506941580,22650914,300.00,4.41832657,0
1506941477,22650849,300.00,0.78900000,0
1506941442,22650837,300.00,7.24097000,0
1506941426,22650833,300.00,0.99583400,0
1506941426,22650832,299.99,0.49000000,0
1506941426,22650831,299.97,0.23000000,0
1506941412,22650827,299.00,0.48249984,1
1506941406,22650823,300.00,2.95087800,0
1506941405,22650820,298.93,1.39000000,1
1506941401,22650817,300.00,0.74255100,0
1506941401,22650816,299.99,0.23000000,0
1506941360,22650798,300.00,3.29861000,0
1506941359,22650797,299.99,5.30779283,0
1506941359,22650796,299.99,6.23718200,0
1506941351,22650784,299.99,0.66502217,0
1506941339,22650774,299.99,0.21000000,0
1506941321,22650757,299.99,42.20321300,0
1506941321,22650753,299.98,0.05094300,0
1506941315,22650748,299.98,4.34130100,0
1506941313,22650746,299.98,5.36289000,0
1506941313,22650745,299.98,9.24486600,0
1506941313,22650744,299.98,0.23000000,0
1506941287,22650714,299.99,1.37679000,0
1506941286,22650713,299.99,0.23000000,0
1506941264,22650683,300.00,3.05073400,0
1506941263,22650677,299.99,5.43929922,0
1506941263,22650676,299.99,4.56070078,0
1506941262,22650675,299.98,0.14067522,0
1506941175,22650581,299.98,2.11193300,0
1506941169,22650577,299.98,1.73748900,0
1506941169,22650576,299.98,1.19854200,0
1506941169,22650575,299.97,0.23000000,0
1506941153,22650557,299.98,9.54976400,0
1506941153,22650555,299.97,1.73765944,0
1506941152,22650553,299.97,4.00000000,0
1506941151,22650552,299.97,2.89089900,0
1506941147,22650549,299.97,0.35587392,0
1506941128,22650543,299.97,0.45887696,1
1506941111,22650529,299.98,10.29574500,0
1506941107,22650527,299.98,4.00000000,0
1506941104,22650503,299.98,0.05821300,0
1506941096,22650489,299.98,0.46284800,0
1506941091,22650486,299.98,1.88309700,0
1506941091,22650485,299.98,6.69000000,0
1506940949,22650410,299.98,6.69000000,0
1506940948,22650409,299.98,6.69000000,0
1506940881,22650377,299.97,0.55465400,0
1506940875,22650376,299.98,1.87613500,0
1506940854,22650365,299.98,4.61555878,0
1506940854,22650364,299.98,1.16509522,0
1506940843,22650325,299.98,0.63228800,0
1506940841,22650323,299.98,0.75952600,0
1506940819,22650319,299.98,0.38755200,0
1506940818,22650318,299.97,0.20330000,0
1506940818,22650317,299.96,0.26700000,0
1506940323,22650129,299.08,4.26667037,0
1506940322,22650128,299.09,0.26700000,0
1506940322,22650125,299.09,1.55002963,1
1506940321,22650124,299.09,0.20330000,1
1506940275,22650112,299.98,29.77300000,0
1506940256,22650103,299.32,1.20675400,1
1506940255,22650101,299.32,6.79532700,1
1506940121,22649966,299.98,3.80461000,0
1506940086,22649945,299.98,0.66964464,0
1506940056,22649934,299.98,0.12247200,0
1506940055,22649933,299.98,4.59177900,0
1506940054,22649932,299.97,0.43000000,0
1506940019,22649927,299.98,3.69258714,0
1506940019,22649926,299.97,0.26700000,0
1506940010,22649918,299.14,0.26700000,1
1506939976,22649901,299.98,3.44062300,0
1506939880,22649795,299.98,0.96082300,0
1506939880,22649794,299.97,0.26700000,0
1506939775,22649752,299.97,1.55039322,0
1506939582,22649603,299.51,2.62518393,0
1506939582,22649602,299.51,1.00709900,0
1506939581,22649601,299.51,0.33771707,1
1506939476,22649547,299.15,10.46517600,0
1506939474,22649545,299.15,0.26700000,1
1506939420,22649500,299.09,0.17718000,1
1506939419,22649499,299.15,4.82282000,0
1506939238,22649345,299.99,0.51000000,0
1506939065,22649262,299.08,2.65854886,0
1506939065,22649260,299.08,3.70446100,0
1506938974,22649208,299.08,16.00182400,0
1506938972,22649207,299.08,8.38675800,0
1506938893,22649160,299.08,5.33602900,0
1506938889,22649155,299.00,1.39513800,1
1506938884,22649144,299.08,5.55755600,0
1506938881,22649135,299.08,1.48767200,0
1506938880,22649134,299.08,2.09039200,0
1506938866,22649125,299.08,1.48767200,0
1506938844,22649111,299.08,0.14242700,0
1506938819,22649096,299.08,3.30000000,0
1506938800,22649088,299.30,0.60589006,1
1506938730,22649043,299.30,0.35712781,1
1506938706,22649022,299.27,3.59000000,0
1506938706,22649021,299.27,1.62000000,0
1506938706,22649020,299.27,1.47998213,0
1506938689,22649009,299.27,1.62001787,1
1506938688,22649008,299.99,3.09543651,0
1506938686,22649005,299.98,0.23000000,0
1506938590,22648958,300.00,0.59488411,0
1506938548,22648938,300.00,2.95177143,0
1506938526,22648923,300.00,23.27513333,0
1506938398,22648733,299.95,1.49054842,0
1506938396,22648732,300.00,41.72140000,0
1506938395,22648731,299.95,6.69000000,1
1506938395,22648730,299.94,0.26700000,0
1506938393,22648727,299.93,0.20330000,1
1506938393,22648726,299.93,1.00000000,0
1506938378,22648716,299.24,1.00000000,0
1506938235,22648638,299.07,0.37862488,0
1506938234,22648637,299.07,0.20330000,0
1506938215,22648614,299.13,0.03300000,0
1506938215,22648613,299.13,0.26700000,1
1506937999,22648452,300.00,55.00000000,0
1506937959,22648416,300.00,1.15313000,0
1506937936,22648405,300.00,4.41387000,0
1506937936,22648404,299.98,0.23000000,0
1506937904,22648387,300.00,0.06633800,0
1506937902,22648382,300.00,0.35605400,0
1506937902,22648381,299.99,0.15394600,0
1506937892,22648378,299.99,0.07605400,0
1506937703,22648247,300.00,179.24330932,0
1506937703,22648246,299.99,0.20000000,0
1506937692,22648217,299.15,0.06687174,1
1506937654,22648190,300.00,165.19596666,0
1506937654,22648189,299.99,2.00006667,0
1506937654,22648188,299.99,0.28000000,0
1506937650,22648186,300.00,476.73690206,0
1506937650,22648185,299.84,0.10020375,0
1506937650,22648184,299.81,0.10020375,0
1506937650,22648182,299.78,0.10020375,0
1506937650,22648181,299.75,0.10020375,0
1506937650,22648180,299.62,0.04505072,0
1506937650,22648179,299.55,1.50924933,0
1506937649,22648178,299.32,0.04505072,0
1506937649,22648177,299.00,0.21360385,0
1506937631,22648162,299.00,7.98936521,0
1506937628,22648160,299.00,10.48571287,0
1506937628,22648159,299.00,1.85177136,0
1506937628,22648158,298.99,0.38000000,0
1506937622,22648152,299.00,349.74771200,0
1506937622,22648150,298.99,0.25228800,0
1506937612,22648136,298.99,0.14771200,0
1506937605,22648125,299.00,10.44624000,0
1506937605,22648122,299.00,1.05640862,0
1506937601,22648114,299.00,2.87484100,0
1506937601,22648113,299.00,8.43583900,0
1506937600,22648112,299.00,0.31906900,0
1506937599,22648110,299.00,0.10192488,0
1506937599,22648108,298.99,0.48000000,0
1506937596,22648104,299.00,17.19083900,0
1506937595,22648103,299.00,7.76653500,0
1506937595,22648101,299.00,52.66783200,0
1506937592,22648100,299.00,3.74767900,0
1506937591,22648099,299.00,0.13250500,0
1506937591,22648098,299.00,0.02602900,0
1506937590,22648097,299.00,1.82823800,0
1506937590,22648096,299.00,0.03314100,0
1506937589,22648095,299.00,1.04962000,0
1506937589,22648094,299.00,2.73624800,0
1506937588,22648093,299.00,0.26518200,0
1506937585,22648084,299.00,4.77216200,0
1506937585,22648081,299.00,12.66546300,0
1506937585,22648079,299.00,3.76790600,0
1506937563,22647983,299.00,1.92791200,0
1506937562,22647978,299.00,2.47800600,0
1506937562,22647977,299.00,4.77216100,0
1506937562,22647975,299.00,3.89676300,0
1506937562,22647974,298.97,0.87539800,0
1506937562,22647973,298.97,9.74911600,0
1506937561,22647969,298.97,3.55972800,0
1506937561,22647968,298.97,18.80266600,0
1506937553,22647920,298.97,0.23759800,0
1506937541,22647899,298.97,1.14687100,0
1506937540,22647897,298.97,2.10042000,0
1506937540,22647896,298.97,5.30710800,0
1506937540,22647895,298.97,8.22109500,0
1506937537,22647894,299.00,7.57602200,0
1506937537,22647893,298.99,0.11000000,0
1506937523,22647889,299.00,4.28721500,0
1506937523,22647888,298.99,0.06408500,0
1506937518,22647883,298.99,0.06591500,0
1506937514,22647878,299.00,3.56261368,0
1506937514,22647876,299.00,0.05808300,0
1506937512,22647873,299.00,5.69496200,0
1506937512,22647872,299.00,0.05334600,0
1506937512,22647871,299.00,1.20731800,0
1506937509,22647867,299.00,0.80376000,0
1506937509,22647866,298.99,0.16000000,0
1506937503,22647802,299.00,3.05562300,0
1506937503,22647801,298.99,0.18000000,0
1506937484,22647788,299.00,2.70362000,0
1506937483,22647785,299.00,0.38414800,0
1506937482,22647784,298.99,0.22000000,0
1506937467,22647767,299.00,13.41604500,0
1506937467,22647766,298.99,0.26000000,0
1506937461,22647758,299.00,0.87575600,0
1506937461,22647757,298.99,0.31000000,0
1506937448,22647749,299.00,0.07390000,0
1506937442,22647735,299.00,2.15390200,0
1506937440,22647732,299.00,0.50000000,0
1506937439,22647731,299.00,13.92665100,0
1506937439,22647730,298.99,0.37000000,0
1506937430,22647726,299.00,2.54253800,0
1506937430,22647725,298.99,0.44000000,0
1506937422,22647719,299.00,0.85924500,0
1506937412,22647709,299.00,14.33139000,0
1506937412,22647708,298.99,0.52000000,0
1506937410,22647707,299.00,14.24280900,0
1506937410,22647706,298.99,0.62000000,0
1506937385,22647683,299.00,2.43459800,0
1506937373,22647595,299.00,55.49621500,0
1506937373,22647594,298.99,0.73000000,0
1506937362,22647583,299.00,1.23766700,0
1506937362,22647582,299.00,1.49331800,0
1506937361,22647580,299.00,8.25135200,0
1506937361,22647578,299.00,7.97610300,0
1506937361,22647576,298.99,0.87000000,0
1506937355,22647566,299.00,1.80364000,0
1506937355,22647565,298.99,1.04000000,0
1506937343,22647549,299.00,13.61354500,0
1506937343,22647548,299.00,6.80000000,0
1506937343,22647546,299.00,23.26462600,0
1506937342,22647542,299.00,7.21792200,0
1506937342,22647541,299.00,1.00938100,0
1506937342,22647540,299.00,24.75532200,0
1506937335,22647530,299.00,6.80000000,0
1506937334,22647528,298.99,1.23000000,0
1506937334,22647527,298.99,5.38356385,0
1506937334,22647526,298.99,3.73663100,0
1506937334,22647525,298.99,1.53686200,0
1506937329,22647518,298.99,3.80000000,0
1506937329,22647517,298.99,6.80000000,0
1506937329,22647516,298.99,2.95328100,0
1506937328,22647514,298.99,6.41243200,0
1506937328,22647512,298.99,1.49331800,0
1506937328,22647511,298.99,3.79117150,0
1506937328,22647509,298.97,5.64672050,0
1506937328,22647507,298.97,13.61354500,0
1506937328,22647506,298.97,1.31322500,0
1506937327,22647504,298.97,12.35562700,0
1506937327,22647502,298.97,1.14515400,0
1506937327,22647501,298.97,1.23766700,0
1506937327,22647499,298.97,24.96838200,0
1506937316,22647443,298.99,21.10095000,0
1506937308,22647377,298.99,3.80000000,0
1506937308,22647376,298.99,5.65571300,0
1506937308,22647373,298.99,3.00000000,0
1506937307,22647370,298.99,4.03751200,0
1506937307,22647368,298.99,3.61026400,0
1506937307,22647365,298.99,3.71000000,0
1506937306,22647363,298.99,1.07337300,0
1506937306,22647358,298.99,6.10372900,0
1506937302,22647338,298.99,0.25000000,0
1506937301,22647333,298.99,15.53894900,0
1506937301,22647330,298.99,10.60569000,0
1506937298,22647320,298.99,0.18565000,0
1506937295,22647308,298.99,14.69746600,0
1506937295,22647306,298.98,0.10000000,0
1506937293,22647300,298.99,0.40612000,0
1506937274,22647291,298.99,2.95801900,0
1506937270,22647287,298.99,0.38089000,0
1506937269,22647286,298.98,0.12000000,0
1506937265,22647279,298.99,0.04000600,0
1506937264,22647278,298.99,2.87781700,0
1506937264,22647276,298.99,2.63443700,0
1506937255,22647275,298.99,0.06968000,0
1506937255,22647273,298.98,0.14000000,0
1506937235,22647268,298.99,0.15658000,0
1506937235,22647267,298.99,0.13946500,0
1506937235,22647266,298.98,0.17000000,0
1506937180,22647154,298.98,0.04806800,0
1506937124,22647127,298.58,0.30000000,1
1506937096,22647118,298.99,2.04426300,0
1506937000,22647065,298.99,3.00840350,0
1506936975,22647039,298.99,2.31039569,0
1506936963,22647024,298.99,31.37248383,0
1506936963,22647022,298.97,1.62496116,0
1506936959,22647015,298.95,2.99999997,0
1506936936,22646972,298.59,3.00000000,1
1506936917,22646966,298.97,1.14990369,0
1506936911,22646960,298.97,0.54576437,0
1506936910,22646954,298.97,13.08914931,0
1506936910,22646952,298.97,1.07022266,0
1506936607,22646597,298.58,0.10000000,1
1506936524,22646474,298.58,1.44135689,1
1506936522,22646472,298.60,2.15864311,1
1506936521,22646470,298.97,15.37909500,0
1506936512,22646468,298.97,1.00000000,0
1506936380,22646401,298.60,4.53135689,1
1506936377,22646399,298.60,3.31000000,1
1506936375,22646396,298.61,6.69000000,1
1506936369,22646348,298.97,2.10000000,0
1506936310,22646308,298.97,0.35712781,0
1506936252,22646242,298.97,6.62901700,0
1506936252,22646241,298.97,0.18941400,0
1506936207,22646219,298.97,6.86534500,0
1506936075,22645993,298.99,2.99485600,0
1506935984,22645900,298.99,2.89768307,0
1506935785,22645830,298.99,10.00000000,0
1506935783,22645829,298.99,3.30000000,0
1506935772,22645825,298.99,3.13234556,0
1506935770,22645823,298.98,0.20390000,0
1506935594,22645758,298.58,3.90350707,0
1506935589,22645756,298.58,22.19325500,0
1506935587,22645755,298.58,3.22600000,0
1506935583,22645753,298.58,0.67723793,0
1506935287,22645562,298.40,1.48254555,1
1506935286,22645560,298.41,0.20390000,1
1506935025,22645475,298.75,0.87029289,1
1506934762,22645342,299.00,0.18250836,0
1506934762,22645340,298.98,2.34845582,0
1506934760,22645338,298.76,0.05138470,0
1506934498,22645202,298.75,6.69000000,0
1506934493,22645196,298.26,0.30702193,0
1506934493,22645193,298.26,0.05138470,1
1506934481,22645187,298.35,0.29563000,1
1506934458,22645171,298.26,1.00000000,1
1506934440,22645160,298.97,0.33249879,0
1506934406,22645120,298.99,0.14653490,1
1506934401,22645112,298.99,0.35346510,0
1506934330,22645020,298.94,3.30000000,0
1506934205,22644980,298.20,1.00000000,1
1506934149,22644939,298.28,0.04216709,1
1506934030,22644877,298.28,0.11540000,0
1506934020,22644869,298.28,0.33520000,0
1506933956,22644826,298.28,0.06267000,0
1506933949,22644824,298.28,0.21310000,0
1506933925,22644816,298.25,2.50581354,0
1506933924,22644815,298.25,0.02318646,1
1506933828,22644768,298.99,0.30914811,0
1506933543,22644657,299.00,1.16762542,0
1506933138,22644486,298.99,0.02000000,0
1506932691,22644338,298.04,0.76853709,0
1506932666,22644331,298.15,0.45000000,1
1506932665,22644330,298.16,1.00086144,1
1506932664,22644329,298.17,6.70000000,0
1506932622,22644302,299.00,0.25000000,0
1506932048,22644094,299.00,6.45000000,0
1506932048,22644093,298.99,0.25000000,0
1506931908,22644017,299.00,0.49822742,0
1506931907,22644016,298.99,0.65000000,1
1506931906,22644015,298.99,0.65000000,0
1506931806,22643939,298.24,1.00649281,1
1506931744,22643898,299.00,6.70000000,0
1506931743,22643895,299.00,6.70000000,0
1506931742,22643893,299.00,6.55000000,0
1506931742,22643892,298.99,0.15000000,0
1506931649,22643848,299.00,6.60665551,0
1506931649,22643847,298.99,0.22000000,0
1506931649,22643846,298.98,0.67000000,1
1506931648,22643845,298.97,0.11020000,1
1506931466,22643761,298.99,0.02570663,0
1506931465,22643760,298.98,0.10270000,1
1506931464,22643759,298.98,0.23000000,0
1506931209,22643666,298.99,2.00000000,0
1506931207,22643645,297.61,0.68950000,1
1506931206,22643644,298.00,5.00000000,1
1506931206,22643643,298.00,0.21000000,1
1506931206,22643642,298.03,0.05030000,1
1506931206,22643641,298.88,0.05020000,1
1506931020,22643583,298.88,0.05020000,1
1506930979,22643571,298.88,0.22985757,0
1506930967,22643561,298.89,0.05020000,1
1506930442,22643267,298.89,0.05020000,1
1506930441,22643264,298.90,5.87770176,1
1506930407,22643248,298.90,2.00000000,0
1506930407,22643247,298.89,0.12229824,0
1506930232,22643195,298.89,0.05020000,0
1506930171,22643138,298.89,0.02750176,0
1506930093,22643094,298.03,2.01195770,1
1506930005,22643043,298.04,0.20000000,1
1506929529,22642725,299.00,10.00939799,0
1506929390,22642645,299.00,20.25679845,0
1506929390,22642644,298.99,23.99750345,0
1506929390,22642642,298.98,0.23000000,0
1506929133,22642520,298.99,35.89653722,0
1506929133,22642519,298.98,0.23000000,0
1506929132,22642518,298.98,2.00682320,0
1506929051,22642475,298.16,0.00000034,1
1506929051,22642474,298.16,7.96911000,0
1506929051,22642473,298.19,1.84506200,0
1506929051,22642472,298.19,1.22885400,0
1506929049,22642468,298.19,2.00412798,1
1506929029,22642455,298.99,3.02670000,0
1506928998,22642438,298.99,0.50390000,0
1506928936,22642412,298.99,0.03000000,0
1506928897,22642402,298.98,2.00000000,1
1506928809,22642366,298.99,35.67097461,0
1506928807,22642361,298.00,3.00000000,1
1506928807,22642360,298.16,2.01108047,1
1506928736,22642311,298.99,9.71312243,0
1506928729,22642308,298.99,3.60510000,0
1506928617,22642240,298.99,5.86512930,0
1506928617,22642239,298.71,0.00037500,0
1506928616,22642236,298.98,0.26800000,1
1506928615,22642235,298.98,0.26800000,1
1506928611,22642228,298.98,0.26800000,0
1506928564,22642197,298.99,1.40263349,0
1506928549,22642183,298.09,0.73200000,0
1506928548,22642182,298.09,0.26800000,1
1506928301,22642047,298.99,0.09000485,0
1506928200,22641975,299.00,5.99750000,0
1506928179,22641939,299.00,6.03343695,0
1506928179,22641938,299.00,1.87952062,0
1506928179,22641937,299.00,4.68812454,0
1506928179,22641935,298.99,0.23000000,0
1506928178,22641933,299.00,1.36216415,0
1506928178,22641932,299.00,0.57090254,0
1506928178,22641931,299.00,4.13447068,0
1506928177,22641929,299.00,35.86650040,0
1506928177,22641928,299.00,1.39465407,0
1506928176,22641925,299.00,2.08440030,0
1506928176,22641924,299.00,6.78990802,0
1506928175,22641918,299.00,1.45060216,0
1506928172,22641913,299.00,1.39987690,0
1506928172,22641906,299.00,4.14332183,0
1506928171,22641903,298.99,0.23000000,0
1506928165,22641879,299.00,12.18597058,0
1506928165,22641878,299.00,15.38293058,0
1506928145,22641780,299.00,1.89520220,0
1506928119,22641772,299.00,0.18193592,0
1506928106,22641768,299.00,13.63866221,0
1506928094,22641764,299.00,6.00611932,0
1506928064,22641746,299.00,21.40166000,0
1506928064,22641745,298.99,0.23000000,0
1506928049,22641744,299.00,1.15788567,0
1506928049,22641743,298.99,0.23000000,0
1506927967,22641712,299.00,2.69939027,0
1506927967,22641711,298.73,0.07770637,0
1506927967,22641710,298.72,0.36000000,0
1506927855,22641682,298.73,0.03000000,0
1506927830,22641672,297.78,0.10102642,0
1506927830,22641671,297.63,0.36044015,0
1506927801,22641645,298.73,2.92654021,0
1506927801,22641644,298.72,0.23000000,0
1506927759,22641579,298.67,0.16697358,0
1506927608,22641508,298.93,0.03345041,0
1506927156,22641372,299.00,22.59300000,0
1506927156,22641371,298.98,3.17700000,0
1506927156,22641370,298.95,0.23000000,0
1506927065,22641320,298.95,1.91701900,1
1506927052,22641312,298.95,3.06726800,1
1506927017,22641261,298.95,4.40148142,1
1506927012,22641259,298.95,6.70000000,1
1506927011,22641254,298.95,0.22000000,1
1506927011,22641253,298.95,1.18457338,1
1506927008,22641247,298.95,0.06864843,1
1506927005,22641245,298.75,0.04000000,0
