date,tid,price,amount,type
1506986426,22677408,0.01213038,29.80641700,1
1506986420,22677404,0.01213129,20.46503400,1
1506985897,22677242,0.01218019,27.65250972,1
1506985882,22677230,0.01218019,56.28517900,1
1506985876,22677217,0.01218019,1.03906100,1
1506985857,22677187,0.01218019,2.35983100,1
1506985851,22677185,0.01218019,2.35983200,1
1506985816,22677176,0.01218019,0.91537500,1
1506985744,22677166,0.01218019,1.50425300,1
1506985738,22677165,0.01218019,2.36441400,1
1506985724,22677158,0.01218019,93.87600000,1
1506985721,22677157,0.01218019,1.64410000,1
1506985709,22677155,0.01218019,0.82200000,1
1506985699,22677148,0.01218019,0.82200000,1
1506985694,22677143,0.01218019,0.82200000,1
1506985689,22677141,0.01218019,0.82210000,1
1506985687,22677138,0.01218019,2.36434800,1
1506985684,22677131,0.01218019,3.81366800,1
1506985680,22677127,0.01218019,0.82210000,1
1506985669,22677121,0.01218019,0.84955300,1
1506985666,22677116,0.01218019,0.68342300,1
1506985648,22677110,0.01218019,0.88119000,1
1506985640,22677105,0.01218019,0.45000000,1
1506985588,22677066,0.01218019,3.13162000,1
1506985587,22677065,0.01218019,7.05300300,1
1506985559,22677029,0.01218019,15.00000000,1
1506985452,22676986,0.01218019,6.46606900,1
1506985417,22676982,0.01218019,2.05698300,1
1506985345,22676969,0.01218019,45.13450000,1
1506985322,22676940,0.01218019,50.00000000,1
1506985258,22676924,0.01218019,8.97748200,1
1506985245,22676919,0.01218019,4.27957200,1
1506985241,22676916,0.01218019,1.01995800,1
1506985237,22676912,0.01218019,14.33951359,1
1506985228,22676858,0.01218020,33.23724836,1
1506985221,22676847,0.01218020,12.56676174,0
1506985220,22676846,0.01218019,93.66296500,1
1506985220,22676845,0.01218019,46.69631800,1
1506985220,22676844,0.01218019,2.99455500,1
1506985219,22676843,0.01218019,18.63470000,1
1506985219,22676842,0.01218019,93.05886200,1
1506985219,22676841,0.01218020,1.11313800,1
1506985218,22676840,0.01218020,1.88141700,1
1506985218,22676837,0.01218019,33.20073825,1
1506985217,22676836,0.01218019,45.17700000,1
1506985216,22676835,0.01217931,3.52434684,0
1506985216,22676834,0.01217925,62.92666024,0
1506985216,22676833,0.01217925,43.62300000,0
1506985216,22676832,0.01217923,14.88921736,0
1506984325,22676429,0.01219409,8.18024305,0
1506983860,22676209,0.01216294,7.22476300,0
1506983238,22675901,0.01211174,2.03926583,1
1506983044,22675806,0.01216294,0.49207100,0
1506982858,22675735,0.01215704,7.14124000,0
1506982842,22675714,0.01212103,1.00000000,1
1506982167,22675350,0.01210296,2.00000000,1
1506981513,22674940,0.01215815,19.90880025,1
1506981513,22674939,0.01215815,15.49852241,1
1506981511,22674937,0.01215815,5.61479913,0
1506981141,22674721,0.01215984,0.00071859,0
1506981141,22674720,0.01215983,7.28946541,1
1506981139,22674719,0.01215983,2.70981600,0
1506980482,22674417,0.01214902,9.50722525,0
1506980360,22674312,0.01215006,6.85277475,0
1506979063,22673437,0.01210001,0.00700000,1
1506979063,22673435,0.01211035,10.00000000,1
1506977543,22672781,0.01212034,1.98267766,0
1506977543,22672780,0.01212034,7.33422867,1
1506977542,22672779,0.01212034,0.68309367,1
1506976675,22672358,0.01214000,140.00000000,0
1506976286,22672153,0.01213000,4.56464458,1
1506976285,22672152,0.01213000,127.00000000,1
1506976285,22672151,0.01213000,7.45784499,0
1506976285,22672150,0.01213118,1.61881959,1
1506976283,22672148,0.01213119,162.06200000,1
1506975903,22671895,0.01213071,0.23216826,1
1506975866,22671879,0.01214000,8.31830737,1
1506975501,22671655,0.01214004,48.02200000,1
1506975378,22671605,0.01212003,14.48523441,1
1506975323,22671575,0.01210001,6.85324000,1
1506975256,22671542,0.01210001,39.84856457,1
1506974606,22671076,0.01208001,8.68711800,1
1506974464,22670962,0.01208002,1.05906100,1
1506974408,22670922,0.01208001,6.85004248,1
1506974403,22670909,0.01208007,5.51972974,1
1506974286,22670835,0.01208001,8.61443900,1
1506974273,22670820,0.01208000,7.51024500,1
1506974273,22670818,0.01208000,1.06000000,1
1506974271,22670813,0.01208001,5.77653867,1
1506974271,22670810,0.01208001,7.56910833,1
1506974270,22670808,0.01208180,16.36000000,1
1506974270,22670806,0.01208180,0.81625827,1
1506973912,22670500,0.01212239,5.91291258,1
1506973901,22670494,0.01212239,4.08708742,1
1506973901,22670493,0.01212252,36.39019458,1
1506973513,22670315,0.01216294,13.48316600,0
1506972070,22669387,0.01216297,30.34671877,1
1506972069,22669383,0.01216294,5.08540781,1
1506972068,22669382,0.01216294,5.57376500,0
1506971805,22669152,0.01210110,5.57376500,1
1506970977,22668686,0.01225755,136.25526410,0
1506970977,22668685,0.01225755,2.57000000,1
1506970977,22668684,0.01225755,0.37678975,1
1506970977,22668683,0.01225755,1.00000000,1
1506970977,22668681,0.01225755,76.87874400,1
1506970977,22668679,0.01225755,17.64999500,1
1506970976,22668678,0.01225755,61.40000000,1
1506970976,22668672,0.01224121,10.00000000,0
1506970975,22668667,0.01223729,3.53010094,0
1506970975,22668666,0.01223729,26.49848963,1
1506970975,22668665,0.01223729,4.28000000,1
1506970975,22668664,0.01223729,43.39751000,1
1506970975,22668662,0.01223728,85.98230920,0
1506970974,22668658,0.01218046,12.17789000,1
1506970974,22668657,0.01218046,18.32956600,1
1506970974,22668656,0.01218046,29.33276000,1
1506970974,22668655,0.01218046,2.32500000,1
1506970973,22668653,0.01217000,1.00000000,1
1506970973,22668650,0.01216836,17.65050470,0
1506970973,22668649,0.01216836,7.11361576,1
1506970972,22668648,0.01216834,16.36000000,0
1506970972,22668646,0.01216829,18.13094547,1
1506970972,22668644,0.01216826,162.24000000,0
1506970971,22668642,0.01216823,29.30323556,1
1506970971,22668641,0.01216823,33.57245638,0
1506970792,22668576,0.01217119,2.03303703,0
1506970388,22668269,0.01212001,8.00000000,1
1506970388,22668268,0.01212001,10.00000000,1
1506970026,22668129,0.01218817,16.43591859,1
1506970024,22668128,0.01215003,2.25976664,0
1506969204,22667804,0.01212001,0.50000000,1
1506968568,22667474,0.01213910,1.00000000,1
1506968553,22667473,0.01213910,1.00000000,1
1506968263,22667295,0.01212033,0.45017140,1
1506968263,22667294,0.01213002,0.54982860,1
1506967904,22667073,0.01215220,2.51682823,1
1506967900,22667068,0.01214045,3.99952226,0
1506967056,22666538,0.01218007,0.00000500,0
1506967040,22666523,0.01218007,3.99999500,0
1506966792,22666355,0.01218007,10.00000000,1
1506965336,22665565,0.01220006,3.72301448,1
1506965334,22665560,0.01220006,13.49001563,1
1506964980,22665385,0.01219078,19.14963604,1
1506964475,22665025,0.01220000,0.68008417,0
1506963933,22664742,0.01219063,17.54937016,1
1506963263,22664427,0.01218093,2.39678307,0
1506963262,22664426,0.01218093,16.29000000,1
1506963262,22664425,0.01218093,1.31321693,1
1506961601,22663576,0.01218145,3.74999991,1
1506961599,22663574,0.01219850,0.00000009,1
1506960902,22663177,0.01223055,10.00000000,1
1506960519,22663047,0.01223795,0.59209700,1
1506960348,22662951,0.01223798,3.00000000,1
1506960005,22662797,0.01223410,9.99999500,1
1506957921,22661501,0.01220078,2.17566336,1
1506956545,22660858,0.01220071,1.24883034,1
1506955643,22660358,0.01226839,17.20874866,0
1506954812,22659872,0.01222583,1.52282388,0
1506954517,22659573,0.01222871,1.00000000,0
1506954443,22659540,0.01222915,1.00000000,0
1506953791,22659192,0.01219850,0.99999991,1
1506953791,22659191,0.01220000,10.00000000,1
1506953791,22659190,0.01220000,14.87429109,1
1506952043,22658096,0.01224868,16.23000000,1
1506951604,22657919,0.01220000,2.05089893,1
1506951298,22657745,0.01220000,3.07480998,1
1506951175,22657673,0.01221000,8.77062558,1
1506951175,22657672,0.01221000,0.90000000,1
1506951174,22657671,0.01221515,0.58937442,1
1506951127,22657656,0.01225112,1.00000000,1
1506951103,22657644,0.01221518,14.95712712,1
1506951052,22657621,0.01221518,8.36747081,1
1506950928,22657571,0.01221634,10.56999500,1
1506950726,22657343,0.01226186,5.90000000,0
1506950660,22657313,0.01226211,5.90000000,0
1506950593,22657304,0.01226227,5.90000000,0
1506950012,22656968,0.01222009,13.36588683,0
1506950010,22656967,0.01222005,11.04103700,0
1506949761,22656875,0.01222210,7.20730900,1
1506949718,22656847,0.01222210,2.79269100,1
1506949266,22656633,0.01223000,2.88952800,0
1506947149,22654725,0.01227616,5.68788856,0
1506947086,22654664,0.01227719,4.00000000,0
1506947034,22654644,0.01222570,1.66954600,1
1506946999,22654585,0.01222573,8.18304900,1
1506946720,22654426,0.01222598,2.49456953,0
1506946720,22654425,0.01222598,1.68153900,0
1506946718,22654424,0.01222598,26.95812000,0
1506946714,22654417,0.01222616,11.70134400,0
1506946714,22654416,0.01222598,11.20999500,0
1506946711,22654410,0.01227025,0.00044823,1
1506946399,22654052,0.01230019,0.18664929,0
1506946183,22653938,0.01227999,1.00000000,0
1506946170,22653934,0.01229709,7.00000000,0
1506946142,22653928,0.01229716,6.00000000,0
1506946122,22653918,0.01230017,5.25000000,0
1506946101,22653913,0.01229729,8.25000000,0
1506946080,22653896,0.01229726,0.00434812,0
1506946080,22653894,0.01229723,4.24565188,0
1506946066,22653890,0.01229750,4.25000000,0
1506946027,22653874,0.01229774,4.25000000,0
1506946001,22653869,0.01229783,6.50000000,0
1506945705,22653598,0.01230016,12.66010000,0
1506945459,22653401,0.01229978,1.00000000,0
1506945412,22653350,0.01227025,9.99955177,1
1506945390,22653333,0.01227028,13.82951327,1
1506945370,22653314,0.01227997,13.50000000,0
1506945210,22653196,0.01227041,9.57623861,1
1506944443,22652471,0.01231514,44.64859101,1
1506944443,22652470,0.01231514,36.39019458,0
1506941321,22650756,0.01221543,10.00000000,1
1506941321,22650752,0.01221546,7.99307458,1
1506941290,22650718,0.01222228,0.51689517,1
1506941287,22650715,0.01222231,8.86043555,1
1506941161,22650566,0.01226220,0.16323047,1
1506941155,22650562,0.01226950,1.00000000,0
1506941144,22650548,0.01226951,1.00000000,0
1506941109,22650528,0.01224624,0.83676953,0
1506941002,22650449,0.01224623,10.80000000,1
1506940600,22650257,0.01224623,1.00000000,1
1506940133,22649980,0.01224624,8.90656500,0
1506939932,22649848,0.01225566,10.83600000,0
1506939931,22649834,0.01225566,5.48252300,0
1506939847,22649773,0.01225585,1.00000000,0
1506939721,22649714,0.01226596,0.67216752,0
1506939425,22649507,0.01221575,1.36750200,1
1506939400,22649487,0.01221574,3.37025200,1
1506938890,22649156,0.01225000,0.92939964,0
1506938586,22648953,0.01225000,1.00000000,0
1506938575,22648943,0.01225000,1.00000000,0
1506938564,22648942,0.01225000,1.00000000,0
1506938548,22648937,0.01225000,1.00000000,0
1506938533,22648929,0.01225000,1.00000000,0
1506938524,22648919,0.01225000,0.94118700,0
1506938520,22648916,0.01225000,1.00000000,0
1506938509,22648912,0.01225000,1.00000000,0
1506938494,22648907,0.01225000,1.97874000,0
1506938493,22648906,0.01225000,1.44530000,0
1506938488,22648905,0.01225000,25.50000000,0
1506938477,22648904,0.01225000,1.00000000,0
1506938467,22648892,0.01225000,1.00000000,0
1506938460,22648876,0.01225000,2.35749000,0
1506938456,22648875,0.01225000,1.00000000,0
1506938444,22648867,0.01225000,1.00000000,0
1506938428,22648862,0.01225000,1.00000000,0
1506938425,22648860,0.01225000,3.79656300,0
1506938417,22648856,0.01225000,1.00000000,0
1506938405,22648758,0.01225000,1.00000000,0
1506938393,22648725,0.01225000,1.00000000,0
1506938371,22648715,0.01225000,1.00000000,0
1506938349,22648700,0.01225000,5.90000000,0
1506938338,22648686,0.01225000,1.00000000,0
1506938256,22648645,0.01224994,1.00000000,1
1506938231,22648633,0.01224999,1.00000000,0
1506938217,22648616,0.01224994,1.00000000,0
1506938055,22648511,0.01221514,0.41062558,0
1506938052,22648505,0.01221514,0.89635000,1
1506938052,22648504,0.01223050,2.01125000,1
1506938049,22648502,0.01221515,2.00984597,0
1506938047,22648501,0.01221514,2.42249651,1
1506938045,22648499,0.01221514,16.88057100,1
1506938045,22648498,0.01222998,0.89635000,1
1506938019,22648483,0.01221514,29.80058249,1
1506938019,22648482,0.01221515,12.19941751,1
1506938016,22648476,0.01222000,1.00000000,1
1506938008,22648464,0.01223245,1.00000000,1
1506937993,22648444,0.01222000,1.72942800,0
1506937979,22648428,0.01222000,1.00000000,1
1506937958,22648414,0.01223245,1.00000000,1
1506937938,22648406,0.01222000,0.52151400,1
1506937929,22648403,0.01222000,1.46725500,0
1506937909,22648394,0.01222000,1.00000000,0
1506937908,22648393,0.01222000,28.81030000,0
1506937907,22648389,0.01222000,1.30309125,0
1506937905,22648388,0.01223236,0.99999995,1
1506937873,22648370,0.01224001,1.00000000,1
1506937860,22648360,0.01224000,1.00000000,0
1506937860,22648359,0.01224000,24.42670000,0
1506937855,22648358,0.01224000,1.00000000,0
1506937848,22648357,0.01224000,13.57330000,0
1506937794,22648319,0.01225000,37.79338200,0
1506937734,22648284,0.01225000,10.00000000,0
1506937688,22648214,0.01225000,0.89562000,0
1506937671,22648206,0.01221649,0.00000005,0
1506937667,22648201,0.01221649,2.19762100,0
1506937658,22648195,0.01221649,24.10675000,0
1506937658,22648194,0.01221649,3.16000000,0
1506937657,22648192,0.01221649,12.41961200,0
1506937650,22648187,0.01221649,0.81411565,0
1506937644,22648174,0.01221649,1.00000000,0
1506937641,22648171,0.01221649,1.29178300,0
1506937638,22648169,0.01221649,11.74606100,0
1506937637,22648168,0.01221649,49.73524800,0
1506937636,22648167,0.01221649,10.01000000,0
1506937636,22648166,0.01221649,66.34400000,0
1506937635,22648165,0.01221649,10.00000000,1
1506937605,22648119,0.01224999,1.00000000,0
1506937595,22648102,0.01224999,0.92530000,0
1506937582,22648073,0.01225000,1.00000000,0
1506937574,22648024,0.01225000,32.31903296,0
1506937574,22648023,0.01221688,1.99902204,0
1506937572,22648019,0.01221687,2.97206600,1
1506937554,22647936,0.01225000,0.89356975,0
1506937553,22647923,0.01225000,1.60903332,0
1506937552,22647915,0.01225000,36.35412244,0
1506937550,22647908,0.01225000,1.00000000,0
1506937515,22647881,0.01225000,1.00000000,0
1506937508,22647863,0.01224999,1.00000000,0
1506937483,22647786,0.01225000,1.00000000,0
1506937475,22647780,0.01224998,1.00000000,0
1506937472,22647771,0.01224999,4.00326857,0
1506937459,22647756,0.01224999,1.00000000,0
1506937444,22647738,0.01224999,1.00000000,0
1506937427,22647724,0.01224999,1.00000000,0
1506937412,22647710,0.01224999,1.00000000,0
1506937390,22647688,0.01224999,1.00000000,0
1506937379,22647605,0.01224999,1.00000000,0
1506937357,22647569,0.01224998,1.00000000,0
1506937343,22647550,0.01224998,0.89000000,0
1506937328,22647513,0.01224997,1.00000000,0
1506937328,22647510,0.01224997,3.99935673,0
1506937317,22647465,0.01224998,1.00000000,0
1506937303,22647343,0.01224998,1.00000000,0
1506937296,22647312,0.01224999,1.00000000,0
1506937282,22647296,0.01224999,1.00000000,0
1506937269,22647285,0.01224999,1.00000000,0
1506937248,22647272,0.01224999,0.34449344,0
1506937230,22647265,0.01227905,1.00000000,0
1506937220,22647257,0.01227924,1.00000000,0
1506937216,22647256,0.01227932,1.00000000,0
1506937169,22647149,0.01220000,120.57881175,0
1506937168,22647148,0.01220000,36.00000000,1
1506937168,22647147,0.01221342,9.33000000,1
1506937168,22647146,0.01221370,170.05900000,1
1506937168,22647145,0.01223675,1.00000000,1
1506937168,22647144,0.01223676,62.03218825,1
1506936620,22646711,0.01224715,1.00000000,1
1506936319,22646319,0.01229947,3.00000000,0
1506936277,22646302,0.01229996,1.00000000,0
1506936259,22646244,0.01229992,1.00000000,0
1506936237,22646233,0.01230000,1.99722114,0
1506936233,22646231,0.01229993,2.00000000,0
1506936224,22646228,0.01230000,2.00000000,0
1506936221,22646226,0.01229999,1.00000000,0
1506936211,22646220,0.01229993,1.00000000,0
1506936205,22646217,0.01229996,1.00000000,1
1506936190,22646161,0.01229996,1.00000000,0
1506936166,22646149,0.01229992,1.00000000,0
1506936144,22646089,0.01229999,1.85992076,0
1506936140,22646086,0.01230000,2.00000000,0
1506936136,22646082,0.01229996,2.00000000,0
1506936131,22646081,0.01230000,2.00000000,0
1506936125,22646069,0.01229998,2.00000000,0
1506936121,22646060,0.01229996,2.00000000,0
1506936116,22646054,0.01229998,2.00000000,0
1506936002,22645904,0.01228000,1.00000000,0
1506935996,22645901,0.01228754,1.00000000,1
1506935971,22645895,0.01227500,1.00000000,0
1506935933,22645879,0.01227500,0.99918197,0
1506935928,22645876,0.01227500,0.99845471,0
1506935905,22645868,0.01227499,1.00000000,0
1506935886,22645860,0.01227499,1.00000000,0
1506935880,22645858,0.01227496,1.00000000,0
1506935860,22645852,0.01227494,0.80844624,0
1506935808,22645837,0.01227499,1.00000000,1
1506935794,22645835,0.01227500,3.57558207,0
1506935786,22645831,0.01227499,1.00000000,0
1506935776,22645827,0.01227497,1.00000000,0
1506935765,22645821,0.01220000,98.31547139,0
1506935765,22645820,0.01221000,107.00000000,1
1506935765,22645819,0.01221815,1.00000000,1
1506935765,22645818,0.01222064,10.00000000,1
1506935764,22645817,0.01222066,22.70417661,1
1506935764,22645816,0.01223500,158.15300000,1
1506935764,22645815,0.01223501,0.52770043,1
1506935764,22645814,0.01223502,2.29965157,1
1506935763,22645813,0.01227500,1.00000000,0
1506935737,22645805,0.01227500,0.71612000,0
1506935711,22645798,0.01227499,2.70296093,0
1506934985,22645459,0.01229815,0.89119000,0
1506934977,22645455,0.01229818,0.89117000,0
1506934967,22645454,0.01229837,0.79129000,0
1506934957,22645451,0.01229854,0.89117000,0
1506934953,22645449,0.01229855,0.89117000,0
1506934945,22645448,0.01229854,0.89116000,0
1506934869,22645415,0.01225881,7.41294000,0
1506934866,22645409,0.01225735,12.77078651,1
1506934463,22645175,0.01229985,0.73000000,0
1506934389,22645097,0.01229996,1.00000000,1
1506934378,22645084,0.01225885,0.85744118,1
1506934378,22645083,0.01229999,1.00000000,0
1506934367,22645064,0.01229993,1.00000000,0
1506934356,22645050,0.01229996,1.00000000,0
1506934056,22644908,0.01229997,0.32000000,0
1506934032,22644878,0.01230000,1.00000000,0
1506933959,22644827,0.01229907,0.31000000,0
1506933930,22644819,0.01229901,1.00000000,0
1506933791,22644760,0.01227390,0.00255300,0
1506933590,22644672,0.01229063,3.65216700,1
1506933515,22644651,0.01229063,2.59265000,1
1506933488,22644642,0.01229063,1.83179100,1
1506932741,22644350,0.01229063,1.92339200,1
1506932432,22644231,0.01232930,0.39000000,0
1506932335,22644178,0.01230000,0.40000000,0
1506932292,22644164,0.01230000,0.30696991,1
1506931930,22644037,0.01229120,24.23554000,1
1506931867,22643972,0.01229863,2.27593900,1
1506931499,22643766,0.01239632,75.82351474,0
1506931499,22643765,0.01239631,9.17648526,0
1506931499,22643764,0.01235000,15.00000000,0
1506931488,22643762,0.01234811,7.98178200,1
1506931455,22643756,0.01234802,37.77692246,1
1506931454,22643755,0.01234785,15.30750437,0
1506931454,22643754,0.01234770,36.96200000,0
1506931454,22643753,0.01234767,9.95357317,0
1506930478,22643307,0.01234997,15.91250828,0
1506929935,22642973,0.01227003,0.34600000,1
1506929692,22642844,0.01225803,7.52073291,1
1506929549,22642757,0.01229934,0.73000000,0
1506929445,22642679,0.01229960,0.41000000,0
1506929415,22642660,0.01229997,0.58000000,1
1506929404,22642657,0.01227002,10.00000000,1
1506929375,22642633,0.01229999,0.46000000,0
1506929366,22642629,0.01229999,0.90000000,0
1506929353,22642622,0.01229999,0.66000000,0
1506929324,22642589,0.01228001,0.56000000,1
1506929317,22642587,0.01228000,0.90000000,0
1506929317,22642586,0.01228000,0.63000000,0
1506929308,22642582,0.01228000,0.27000000,0
1506929295,22642574,0.01230000,0.90000000,0
1506929249,22642568,0.01230000,0.49000000,0
1506929174,22642546,0.01230000,16.09000000,0
1506928996,22642434,0.01227005,6.00000000,1
1506928676,22642289,0.01228000,12.10268729,0
1506928632,22642265,0.01228000,11.89657980,0
1506928627,22642257,0.01228000,1.00000000,0
1506928527,22642168,0.01228000,11.99872336,0
1506928527,22642167,0.01227998,0.00070660,0
1506928503,22642146,0.01227998,16.14929340,0
1506928285,22642041,0.01228000,15.00065146,0
1506928279,22642037,0.01228000,11.99934854,0
1506928279,22642036,0.01228000,15.00065146,1
1506928271,22642027,0.01228000,14.50055249,0
1506927026,22641292,0.01232770,13.77946538,1
1506927024,22641285,0.01232767,36.26612300,0
1506926998,22641239,0.01227006,85.65632435,1
1506926997,22641238,0.01227006,0.52240521,1
1506925437,22640474,0.01225750,0.27256199,1
1506925436,22640473,0.01226000,121.00000000,1
1506925436,22640471,0.01228716,12.40000000,0
1506925436,22640470,0.01228716,81.70323500,0
1506925436,22640469,0.01228716,27.02189200,0
1506925436,22640468,0.01228718,31.23343791,0
1506925434,22640467,0.01228718,61.46287310,0
1506925434,22640466,0.01228718,164.90600000,1
1506925101,22640353,0.01228591,63.95691535,1
1506924215,22640061,0.01228206,0.00000024,1
1506924215,22640060,0.01228206,19.41114100,0
1506924213,22640059,0.01228207,0.58885876,1
1506923879,22639929,0.01230000,0.90000000,1
1506923100,22639636,0.01234126,5.00000000,1
1506923045,22639602,0.01234126,5.00000000,1
1506921891,22639170,0.01234126,4.98784800,1
1506921877,22639161,0.01234126,4.99186800,1
1506920717,22638918,0.01240573,16.97211852,0
1506919107,22638494,0.01241200,1.38298018,1
1506919106,22638493,0.01241200,5.90000000,0
1506918310,22638219,0.01240761,8.39037712,0
1506917888,22638113,0.01235079,1.00000000,1
1506917877,22638112,0.01235076,16.96905453,1
1506917877,22638111,0.01235292,18.13094547,1
1506917876,22638110,0.01236322,10.00000000,1
1506917862,22638109,0.01236325,5.90000000,0
1506916652,22637763,0.01240137,1.26983600,1
1506916651,22637762,0.01240137,8.85281100,1
1506916647,22637760,0.01242077,31.19406848,1
1506916646,22637759,0.01242077,49.14516799,0
1506913545,22637126,0.01240300,2.00000000,0
1506913544,22637125,0.01240300,13.91200000,0
1506913442,22637083,0.01240299,1.79642200,0
1506911337,22636392,0.01234128,2.13411221,1
1506911317,22636329,0.01234118,11.70816611,1
1506911317,22636326,0.01234118,4.39830421,1
1506911312,22636280,0.01234115,36.26612300,1
1506909152,22635423,0.01233857,20.00000000,1
1506909039,22635389,0.01237225,10.00000000,1
1506908716,22635316,0.01243828,46.09723530,1
1506908715,22635315,0.01243828,14.42600000,1
1506908715,22635314,0.01243828,35.79413253,0
1506906260,22634481,0.01240100,28.74600000,0
1506906190,22634439,0.01244508,0.59606205,1
1506906190,22634438,0.01244507,1.12325200,0
1506906042,22634349,0.01235822,1.06510800,1
1506906032,22634337,0.01235821,1.08970300,1
1506905193,22633586,0.01241241,4.32156246,1
1506905193,22633585,0.01241242,0.77922642,1
1506905169,22633544,0.01241241,5.67843754,1
1506905169,22633542,0.01241338,1.55529653,1
1506905168,22633541,0.01241341,10.31379493,1
1506904405,22632688,0.01248275,8.71750500,0
1506903875,22632471,0.01240111,77.30200000,1
1506903875,22632470,0.01240111,36.69800000,1
1506903012,22632018,0.01241372,0.82773336,1
