date,tid,price,amount,type
1506988845,22678088,45.25,8.89541886,0
1506987658,22677692,45.38,4.74000000,1
1506987658,22677691,45.38,10.16000000,0
1506987526,22677656,45.37,12.07000000,0
1506987454,22677627,45.37,2.33848000,1
1506987451,22677626,45.37,2.33848000,1
1506987449,22677625,45.36,14.34000000,0
1506985239,22676915,45.26,4.28000000,1
1506985237,22676910,45.26,14.33951359,0
1506985231,22676873,45.23,6.82181410,1
1506985229,22676863,45.23,31.04770944,0
1506985225,22676853,45.24,2.18953892,1
1506985225,22676850,45.25,56.49000000,0
1506985224,22676849,45.25,12.57988950,0
1506985218,22676838,45.22,32.84564352,0
1506984223,22676410,45.17,2.19360708,0
1506984222,22676408,45.17,0.25000000,1
1506984203,22676398,45.18,3.52434684,1
1506983871,22676211,45.30,1.00000000,0
1506983846,22676206,45.28,0.11263000,0
1506983838,22676203,45.28,5.50728799,0
1506983679,22676081,45.22,2.00000000,0
1506983678,22676078,45.22,11.02941176,0
1506982269,22675466,45.32,5.00000000,0
1506981593,22675000,45.22,0.42925067,0
1506981517,22674947,45.21,12.81111038,0
1506981514,22674942,45.21,5.61888962,0
1506981235,22674809,45.25,1.10209945,0
1506981145,22674730,45.26,4.55000000,0
1506981143,22674726,45.27,2.70914310,0
1506980897,22674622,45.25,18.30951000,0
1506980743,22674562,45.30,0.22000000,0
1506980236,22674294,45.30,2.88000000,0
1506979815,22674109,45.06,0.63398136,0
1506979814,22674108,45.06,2.36601864,1
1506979686,22674073,45.07,0.50000000,1
1506979626,22674060,45.24,2.20557029,0
1506979525,22674031,45.07,1.00000000,1
1506979397,22673849,45.20,14.99924100,1
1506979313,22673540,45.39,35.59043842,1
1506979311,22673538,45.32,23.80000000,0
1506979174,22673496,45.08,1.25374780,1
1506979065,22673440,45.16,1.28700694,0
1506979064,22673439,45.16,12.44150090,0
1506979064,22673438,45.16,58.45000000,0
1506979063,22673436,45.19,8.11000000,1
1506979063,22673434,45.23,40.53000000,1
1506979063,22673432,45.24,55.18149216,1
1506978599,22673235,45.51,0.56998461,0
1506978599,22673234,45.45,15.83000000,0
1506978598,22673233,45.44,44.49000000,0
1506978598,22673232,45.44,8.91328510,0
1506977919,22672953,45.19,31.50195336,1
1506977919,22672952,45.24,12.99269080,1
1506977917,22672951,45.29,0.50535584,1
1506977899,22672934,45.44,0.31690633,0
1506977899,22672933,45.44,0.68309367,0
1506977778,22672900,45.47,0.00009852,1
1506977757,22672897,45.47,9.70090148,1
1506977519,22672770,45.52,6.57403339,0
1506977236,22672677,45.58,30.81526985,0
1506977236,22672676,45.57,2.46000000,1
1506977236,22672675,45.53,115.00000000,0
1506977235,22672674,45.48,12.30000000,1
1506977235,22672673,45.45,23.26685840,0
1506977233,22672672,45.44,2.42404206,0
1506976813,22672432,45.41,15.37656904,0
1506976676,22672361,45.29,0.00001516,1
1506976675,22672359,45.29,6.06379562,1
1506976628,22672344,45.38,0.63438041,1
1506976572,22672316,45.38,1.61881959,0
1506976343,22672179,45.42,1.09797446,0
1506976326,22672168,45.42,0.00004851,1
1506976308,22672157,45.42,3.52201652,1
1506976279,22672119,45.48,3.01740832,0
1506976279,22672118,45.48,1.98282168,0
1506976098,22672039,45.42,1.54117108,1
1506975991,22671952,45.42,0.93676389,1
1506975492,22671653,45.49,0.00000006,1
1506975491,22671652,45.48,4.37609800,1
1506975490,22671651,45.48,5.62390194,0
1506975425,22671634,45.27,2.50000000,1
1506975163,22671471,45.26,30.52246598,1
1506975129,22671449,45.37,4.27114707,0
1506975129,22671448,45.37,1.36885293,0
1506974958,22671304,45.37,0.32114465,0
1506974521,22670999,45.22,0.82941940,1
1506974519,22670995,45.20,1.77656000,1
1506974442,22670945,45.29,1.68991345,0
1506974438,22670941,45.29,22.97217293,1
1506974252,22670770,45.28,11.04000000,1
1506974212,22670737,45.30,6.34380300,1
1506974211,22670733,45.30,20.15425210,1
1506974211,22670731,45.30,10.36765290,1
1506974210,22670728,45.30,28.58028200,1
1506974208,22670723,45.30,30.51941600,1
1506974208,22670722,45.30,6.34121400,1
1506974207,22670719,45.30,30.51941600,1
1506974206,22670717,45.30,6.57926900,1
1506974205,22670715,45.31,30.27190993,1
1506974201,22670708,45.31,7.73063874,1
1506974200,22670707,45.31,0.24745133,1
1506974200,22670705,45.31,9.48058400,1
1506974199,22670703,45.31,30.51941600,1
1506974045,22670559,45.41,8.78661087,0
1506973974,22670529,45.30,1.58508500,1
1506973973,22670527,45.30,14.89199900,1
1506973968,22670525,45.30,0.98331900,1
1506973487,22670300,45.40,5.00000000,0
1506973278,22670170,45.64,0.32499037,0
1506972820,22669916,45.57,37.55999473,0
1506972820,22669915,45.56,7.24000000,0
1506972820,22669914,45.50,4.33000527,0
1506972819,22669913,45.49,53.87000000,0
1506972734,22669867,45.49,2.19784568,0
1506972618,22669754,45.44,4.00023000,0
1506972617,22669753,45.44,1.06712427,0
1506972589,22669715,45.44,0.57000000,0
1506972589,22669713,45.43,8.60000000,1
1506972587,22669712,45.38,12.00000000,0
1506972413,22669603,45.40,1.00000000,1
1506972280,22669540,45.32,1.00000000,1
1506972069,22669385,45.34,2.57000000,0
1506972022,22669344,45.18,0.79750000,1
1506971917,22669278,45.27,2.20344599,0
1506971862,22669203,45.25,0.55093923,0
1506971841,22669181,45.05,54.51193181,0
1506971815,22669159,45.05,0.11076582,0
1506971681,22669100,45.02,2.00000000,1
1506971588,22669064,45.05,1.15382400,0
1506971565,22669050,45.05,3.60221400,0
1506971497,22669013,45.05,0.19194000,0
1506971441,22668988,45.05,2.95981700,0
1506971439,22668986,45.05,4.32520055,0
1506971438,22668984,45.05,7.30821000,0
1506971420,22668969,45.05,7.87302000,0
1506971370,22668960,45.01,6.43331866,1
1506971370,22668959,45.01,1.00000000,1
1506971370,22668958,45.01,1.00000000,1
1506971370,22668957,45.01,0.52159525,1
1506971370,22668956,45.01,0.11130860,1
1506971370,22668955,45.02,0.11128387,1
1506971283,22668897,45.05,1.00600000,0
1506971275,22668894,45.05,0.55338513,0
1506971239,22668875,45.05,27.54438000,0
1506971163,22668800,45.05,2.00000000,0
1506971163,22668799,45.05,11.34060000,0
1506971121,22668772,45.03,0.11125916,1
1506971121,22668771,45.03,10.00000000,1
1506971121,22668770,45.04,0.11123446,1
1506971110,22668768,45.05,0.22130966,0
1506971062,22668742,45.05,58.03000000,0
1506971062,22668741,45.05,13.54315850,1
1506971062,22668740,45.05,3.72424353,1
1506970990,22668708,45.18,5.51947764,0
1506970975,22668668,45.18,13.32100044,1
1506970974,22668659,45.18,16.04000000,0
1506970972,22668647,45.18,11.68222664,0
1506970972,22668645,45.18,17.65000000,0
1506970764,22668564,45.16,20.00000000,0
1506970670,22668521,45.05,0.62374741,1
1506970565,22668426,45.18,5.06433266,0
1506970480,22668329,45.23,2.14249343,0
1506970451,22668294,45.20,1.00000000,1
1506970242,22668208,45.32,6.98900000,0
1506970180,22668178,45.36,0.83553792,0
1506970118,22668158,45.38,0.19950000,0
1506969874,22668082,45.35,10.00000000,0
1506969682,22667959,45.08,0.16885257,1
1506969649,22667951,45.24,0.11007958,0
1506969545,22667906,45.22,7.00700000,0
1506969389,22667868,45.11,4.88808512,1
1506969292,22667838,45.11,6.16800000,1
1506969291,22667837,45.12,17.82000000,1
1506969290,22667836,45.12,1.00000000,1
1506969263,22667827,45.12,21.96700000,1
1506969263,22667826,45.12,50.00000000,1
1506969103,22667739,45.26,0.22028281,0
1506968360,22667346,45.17,4.92430379,0
1506968360,22667345,45.15,0.83745264,0
1506968360,22667344,45.13,0.31362519,0
1506968358,22667343,45.10,0.91661838,0
1506968261,22667288,45.05,10.65200906,1
1506968261,22667287,45.05,0.11120977,1
1506968261,22667285,45.07,0.11116042,1
1506968261,22667283,45.08,0.11113576,1
1506968261,22667282,45.09,0.11111111,1
1506968261,22667281,45.10,0.00064181,1
1506968260,22667279,45.10,0.91661838,1
1506968255,22667272,45.10,1.50853139,1
1506968253,22667267,45.10,1.50155189,1
1506968253,22667265,45.10,6.07265653,1
1506968252,22667264,45.10,0.11108647,1
1506968164,22667223,45.12,0.11103723,1
1506968054,22667187,45.13,0.00015540,1
1506968044,22667183,45.15,0.16184784,0
1506968044,22667182,45.15,0.00004961,0
1506967905,22667076,45.13,0.11085723,1
1506967904,22667074,45.14,0.11098804,1
1506967899,22667064,45.15,3.82342747,1
1506967896,22667058,45.15,10.84119580,1
1506967793,22667010,45.22,4.48850066,0
1506967634,22666843,45.15,16.20109766,1
1506967634,22666842,45.15,0.11096346,1
1506967634,22666841,45.16,0.57700000,1
1506967634,22666840,45.16,0.11093888,1
1506967633,22666839,45.29,0.60046109,0
1506967565,22666795,45.19,2.20734676,1
1506967359,22666688,45.36,0.00002492,0
1506967358,22666687,45.34,5.00197530,1
1506967357,22666686,45.34,1.99999978,0
1506967269,22666657,45.30,2.00000000,1
1506967041,22666524,45.20,3.99999500,1
1506967018,22666505,45.20,3.99906200,1
1506967016,22666496,45.20,37.34844000,1
1506966770,22666347,45.44,2.19471947,0
1506966607,22666281,45.40,5.05037100,1
1506966607,22666280,45.40,26.81917955,1
1506966437,22666199,45.43,10.66448512,1
1506966384,22666187,45.38,1.44727700,1
1506966133,22666064,45.38,3.45076100,0
1506966086,22666036,45.40,7.00700000,0
1506965951,22665985,45.16,133.65078012,0
1506965950,22665984,45.17,109.00000000,1
1506965950,22665983,45.18,0.11088977,1
1506965950,22665982,45.18,5.14000000,0
1506965950,22665981,45.19,0.11086524,1
1506965949,22665980,45.20,3.00000000,1
1506965949,22665979,45.20,0.11084071,1
1506965949,22665978,45.20,2.20700000,1
1506965949,22665977,45.20,0.52000000,1
1506965949,22665976,45.20,0.52000000,1
1506965949,22665975,45.20,25.68000000,0
1506965948,22665974,45.21,0.11081619,1
1506965948,22665972,45.22,5.14000000,1
1506965948,22665971,45.22,21.68126900,1
1506965948,22665970,45.22,0.11079169,1
1506965948,22665969,45.24,118.00000000,1
1506965948,22665968,45.24,0.11074271,1
1506965947,22665967,45.25,5.00000000,1
1506965947,22665966,45.25,0.11071823,1
1506965947,22665965,45.27,25.68000000,1
1506965945,22665963,45.40,4.40528634,1
1506965922,22665946,45.48,36.53000000,1
1506965905,22665925,45.53,10.73446079,0
1506965903,22665916,45.49,0.11000000,0
1506965903,22665915,45.49,0.11000000,0
1506965897,22665903,45.48,13.47000000,0
1506965814,22665867,45.48,2.19327177,0
1506965370,22665624,45.60,4.56461000,0
1506965345,22665584,45.49,6.99700000,0
1506965339,22665572,45.49,28.94496500,0
1506965336,22665567,45.49,46.64904400,0
1506965336,22665564,45.49,9.35948500,0
1506965335,22665563,45.49,3.72301448,0
1506965335,22665562,45.49,110.84369700,0
1506965334,22665558,45.49,13.49001563,0
1506965304,22665546,45.59,1.51614700,0
1506965176,22665487,45.59,13.25483700,0
1506965130,22665463,45.49,4.00000000,1
1506964980,22665388,45.50,6.76105372,0
1506964980,22665387,45.50,13.09594300,0
1506964980,22665386,45.50,10.50000000,0
1506964980,22665384,45.50,9.03274100,0
1506964980,22665383,45.50,45.67527900,0
1506964979,22665382,45.50,19.14963604,0
1506964977,22665381,45.50,7.92534724,1
1506964977,22665380,45.52,30.21000000,1
1506964977,22665379,45.53,57.65000000,1
1506964923,22665338,45.60,5.43539000,0
1506964923,22665337,45.59,0.11000000,0
1506964848,22665292,45.58,6.03000000,0
1506964838,22665284,45.58,1.78587100,0
1506964712,22665178,45.58,9.30100921,0
1506964702,22665166,45.58,8.83671000,0
1506964697,22665158,45.58,3.68844700,0
1506964687,22665151,45.58,5.79450300,0
1506964669,22665128,45.58,20.15705000,0
1506964631,22665117,45.58,2.00000000,0
1506964583,22665098,45.50,2.24793257,1
1506964582,22665097,45.50,40.00000000,1
1506964582,22665096,45.53,16.75206743,1
1506964582,22665095,45.54,36.00000000,1
1506964582,22665094,45.55,5.00000000,1
1506964578,22665091,45.62,15.28419900,0
1506964577,22665089,45.62,19.21714000,0
1506964577,22665088,45.62,5.51532000,0
1506964469,22665021,45.62,0.98334064,0
1506964467,22665014,45.59,0.11000000,0
1506964161,22664854,45.59,0.11000000,0
1506964097,22664840,45.57,0.05961074,0
1506964033,22664781,45.57,26.70040380,1
1506964033,22664780,45.57,0.75802000,1
1506963929,22664737,45.62,5.32047200,0
1506963925,22664727,45.62,12.15000000,0
1506963924,22664725,45.62,7.57505260,1
1506963924,22664724,45.62,1.95447534,1
1506963300,22664443,45.62,0.31341756,1
1506963010,22664358,45.70,4.36542670,0
1506962631,22664185,45.70,1.50962800,0
1506962629,22664182,45.69,0.11000000,0
1506961821,22663710,45.69,0.11000000,0
1506961726,22663659,45.62,2.73210710,1
1506961600,22663575,45.65,4.43510666,1
1506961535,22663549,45.79,0.10744704,0
1506961535,22663548,45.70,0.21881840,0
1506961533,22663547,45.69,0.11000000,0
1506960748,22663127,45.70,6.43807439,0
1506960746,22663126,45.69,0.11000000,0
1506960663,22663097,45.79,1.00601000,0
1506960610,22663081,45.79,14.41740773,1
1506960610,22663080,45.79,0.11000000,0
1506960609,22663079,45.74,0.25415453,0
1506960609,22663078,45.72,2.54000000,0
1506960607,22663077,45.69,0.11000000,0
1506960186,22662879,45.69,0.11000000,0
1506960006,22662798,45.67,0.00000500,0
1506960005,22662796,45.67,9.99999500,0
1506959825,22662705,45.61,2.14112889,1
1506959629,22662602,45.69,1.00000000,1
1506959582,22662582,45.70,9.80506000,1
1506959530,22662565,45.76,8.18925699,1
1506959530,22662564,45.76,2.71000000,0
1506959257,22662301,45.70,0.19494000,1
1506958572,22661873,45.76,14.00000000,1
1506958538,22661858,45.78,5.01135867,0
1506958507,22661840,45.77,43.58700000,0
1506958421,22661787,45.76,10.00000000,0
1506958238,22661637,45.72,29.99999800,0
1506958016,22661533,45.82,0.89131383,0
1506958014,22661532,45.79,0.11000000,0
1506957920,22661500,45.78,2.17566336,0
1506957650,22661377,45.87,2.00065402,0
1506957317,22661263,45.90,29.29000000,0
1506957317,22661262,45.89,0.11000000,0
1506957099,22661209,45.73,18.50000000,1
1506956645,22660897,45.89,2.02135542,0
1506956265,22660679,45.90,5.32287581,0
1506956263,22660677,45.89,0.11000000,0
1506956145,22660602,45.90,4.89915032,0
1506956145,22660601,45.89,0.11000000,0
1506955941,22660510,45.90,1.73790849,0
1506955940,22660509,45.89,0.11000000,0
1506955555,22660302,45.90,2.09993137,0
1506955554,22660300,45.89,0.11000000,0
1506955471,22660273,45.90,4.02026144,0
1506955274,22660193,45.90,0.20000000,0
1506954264,22659452,45.75,2.18032787,0
1506953953,22659278,45.69,21.32304347,0
1506953905,22659265,45.69,0.45549081,1
1506953905,22659264,45.69,2.54450919,1
1506953828,22659210,45.69,2.99000000,0
1506953805,22659194,45.68,2.99000000,1
1506953488,22659033,45.73,9.85130112,0
1506953305,22658922,45.70,0.25000000,1
1506953280,22658905,45.76,1.00000000,1
1506953230,22658871,45.79,0.49006333,0
1506953179,22658811,45.81,1.08862694,0
1506953050,22658734,45.81,2.00000000,0
1506952788,22658411,45.80,2.81360000,0
1506952752,22658318,45.81,3.22800000,0
1506952750,22658317,45.80,3.77000000,0
1506952634,22658264,45.85,3.00023000,0
1506952158,22658154,45.88,17.99874959,0
1506952045,22658101,45.78,6.86999500,0
1506951682,22657950,45.83,1.00000000,0
1506951503,22657864,45.82,13.59996945,1
1506951503,22657862,45.82,8.17000000,0
1506951377,22657774,45.80,6.00000000,0
1506951287,22657740,45.76,2.01180070,1
1506951102,22657641,45.71,14.95712712,1
1506950929,22657573,45.77,5.11751110,0
1506950929,22657572,45.75,5.45248390,0
1506950915,22657556,45.66,36.94350002,0
1506950895,22657533,45.77,0.89228752,0
1506950838,22657497,45.72,30.00000000,0
1506950774,22657460,45.71,20.30319200,0
1506950774,22657457,45.71,69.02022500,0
1506950772,22657451,45.71,11.21817000,0
1506950772,22657450,45.71,3.91522100,0
1506950770,22657437,45.73,9.54319200,1
1506950770,22657435,45.74,1.21680820,0
1506950770,22657432,45.73,9.54319180,0
1506949967,22656953,45.59,32.73784814,0
1506949881,22656916,45.58,12.78999500,0
1506949718,22656846,45.50,2.79269100,0
1506949702,22656832,45.50,26.30769231,0
1506949693,22656829,45.50,3.00586700,0
1506949693,22656828,45.49,14.31000000,0
1506949691,22656823,45.49,43.46125600,0
1506949267,22656636,45.47,2.88952800,0
1506949219,22656598,45.46,1.26106890,1
1506949099,22656505,45.48,2.75463331,0
1506948575,22656138,45.49,10.96394812,0
1506948477,22656083,45.46,4.15734577,0
1506948477,22656082,45.40,0.81983123,0
1506948152,22655926,45.35,2.28938200,1
1506948093,22655831,45.25,1.00000000,1
1506948089,22655823,45.25,1.54939422,1
1506948072,22655800,45.39,0.13505479,1
1506948070,22655799,45.38,6.87494521,1
1506947983,22655662,45.26,0.52863691,1
1506947983,22655661,45.26,0.11069377,1
1506947982,22655659,45.27,0.11066932,1
1506947973,22655648,45.47,39.95661700,0
1506947954,22655636,45.27,0.48462340,0
1506947954,22655635,45.29,0.11062045,1
1506947954,22655634,45.30,25.00000000,1
1506947953,22655633,45.30,0.11059603,1
1506947953,22655632,45.31,0.11057162,1
1506947953,22655631,45.32,12.14017358,1
1506947952,22655630,45.33,38.04341492,0
1506947952,22655629,45.33,11.43758508,0
1506947952,22655628,45.33,1.46241492,0
1506947949,22655622,45.32,13.35982642,0
1506947949,22655621,45.32,0.11054722,1
1506947948,22655620,45.33,20.51000000,1
1506947948,22655619,45.33,9.21783560,1
1506947948,22655618,45.33,2.20052945,1
1506947948,22655617,45.33,0.56177153,1
1506947948,22655616,45.33,0.11052283,1
1506947947,22655615,45.35,0.11047409,1
1506947947,22655614,45.36,0.11044974,1
1506947947,22655613,45.37,0.11042539,1
1506947946,22655612,45.38,0.11040106,1
1506947946,22655611,45.40,3.00000000,1
1506947946,22655609,45.40,0.11035242,1
1506947945,22655606,45.41,0.11032812,1
1506947945,22655605,45.42,0.11030383,1
1506947945,22655603,45.43,0.11027955,1
1506947944,22655599,45.44,0.11025528,1
1506947888,22655517,45.49,10.98900000,0
1506947887,22655512,45.49,9.44256500,0
1506947866,22655448,45.46,15.62000000,0
1506947866,22655447,45.46,0.01178618,1
1506947865,22655446,45.46,0.10821382,1
1506947865,22655445,45.46,0.11020678,1
1506947865,22655444,45.47,10.00989664,1
1506947865,22655443,45.47,0.11018254,1
1506947861,22655431,45.48,11.00000000,1
1506947810,22655324,45.56,5.49260200,0
1506947808,22655320,45.54,7.15008000,1
1506947803,22655304,45.52,9.33611600,0
1506947794,22655292,45.52,1.00000000,0
1506947785,22655281,45.52,5.34319900,0
1506947777,22655275,45.52,0.35384000,0
1506947768,22655266,45.50,60.00000000,1
1506947753,22655237,45.53,4.78916025,0
1506947752,22655236,45.53,5.24500090,0
1506947752,22655234,45.52,0.94483885,0
1506947749,22655224,45.52,17.39000000,1
1506947749,22655223,45.52,2.66516115,1
1506947744,22655206,45.53,6.51499900,0
1506947729,22655180,45.55,7.73652607,1
1506947729,22655179,45.55,0.50600000,1
1506947715,22655157,45.58,5.99000000,1
1506947715,22655156,45.58,11.39000000,1
1506947662,22655107,45.58,6.00000000,1
1506947529,22655014,45.64,1.74846625,0
1506947223,22654795,45.58,0.82211821,1
1506947032,22654642,45.57,1.66954613,1
1506947031,22654641,45.63,18.33165844,1
1506947020,22654629,45.75,0.97333333,1
1506947019,22654624,45.71,7.31928820,1
1506946938,22654557,45.72,6.98500000,0
1506946844,22654483,45.64,0.52756746,1
1506946715,22654421,45.65,49.86945832,0
1506946713,22654415,45.59,11.21000000,0
1506946712,22654411,45.58,11.20999500,0
1506946147,22653929,45.54,27.67404205,0
1506946123,22653920,45.51,8.47121427,0
1506946123,22653919,45.54,10.40663870,1
1506945927,22653840,45.76,4.20069000,1
1506945902,22653824,45.55,5.40000000,1
1506945861,22653800,45.77,7.00600000,0
1506945585,22653492,45.77,5.18351000,0
1506945562,22653479,45.50,52.90000000,1
1506945516,22653456,45.53,0.97264972,1
1506945507,22653452,45.64,15.45500000,0
1506945501,22653448,45.64,0.88606485,0
1506945466,22653405,45.48,7.16884169,1
1506945466,22653404,45.48,0.11015831,1
1506945465,22653403,45.54,17.72100000,0
1506945453,22653397,45.48,4.57008234,0
1506945452,22653395,45.49,0.11013410,1
1506945452,22653394,45.50,4.36997802,1
1506945452,22653393,45.50,5.21506153,1
1506945452,22653392,45.50,0.22000000,0
1506945452,22653391,45.51,0.11008570,1
1506945451,22653390,45.51,0.11008570,1
1506945451,22653388,45.51,0.00000043,1
1506945451,22653387,45.52,0.11006151,1
1506945451,22653386,45.53,0.11003734,1
1506945450,22653383,45.54,0.11001318,1
1506945450,22653382,45.55,10.75666410,0
1506945450,22653381,45.55,0.10998902,1
1506945449,22653380,45.57,0.10994075,1
1506945449,22653379,45.57,31.89000000,0
1506945449,22653378,45.58,0.10991663,1
1506945449,22653377,45.59,0.10989252,1
1506945448,22653376,45.60,0.10986842,1
1506945448,22653375,45.62,0.10982025,1
1506945448,22653374,45.63,0.10979619,1
1506945447,22653373,45.64,0.10977213,1
1506945447,22653372,45.65,4.00000000,1
1506945447,22653371,45.65,0.10974808,1
1506945446,22653370,45.66,0.10972405,1
1506945446,22653369,45.68,0.10967601,1
1506945446,22653368,45.69,0.10965200,1
1506945443,22653367,45.70,0.10962801,1
1506945410,22653349,45.71,0.10960403,1
1506945408,22653348,45.72,9.99955177,1
1506945385,22653331,45.74,13.82951327,1
1506945385,22653330,45.75,43.79000000,1
1506945372,22653318,45.75,2.43000000,0
1506945325,22653278,45.72,3.64996656,0
1506945324,22653276,45.72,18.13094521,0
1506945323,22653273,45.73,0.10955609,1
1506945323,22653272,45.74,0.10953214,1
1506945292,22653250,45.76,0.10948427,1
1506945290,22653249,45.77,1.80373712,0
1506945279,22653245,45.77,12.71401125,0
1506945279,22653244,45.77,0.10946035,1
1506945278,22653242,45.79,0.10941254,1
1506945278,22653241,45.80,2.84836244,1
1506945278,22653240,45.80,6.21875342,1
1506945260,22653233,45.82,10.77608031,0
1506945259,22653232,45.80,22.00000000,1
1506945210,22653199,45.80,21.78124658,1
1506945210,22653198,45.80,0.10938865,1
1506945210,22653197,45.81,0.10936477,1
1506945202,22653186,45.82,43.98625055,1
1506945202,22653185,45.82,0.10934090,1
1506945197,22653179,45.83,0.10931704,1
1506945166,22653166,45.84,0.10929319,1
1506945166,22653165,45.84,21.77000000,1
1506945166,22653164,45.85,0.10926936,1
1506945166,22653163,45.85,2.00000000,1
1506945165,22653162,45.86,0.10924553,1
1506945165,22653160,45.87,0.10922171,1
1506945159,22653154,45.88,0.10919791,1
1506945155,22653153,45.90,3.15793028,1
1506945089,22653106,45.92,1.06424216,0
1506945048,22653057,45.89,0.10917411,1
1506945040,22653015,45.90,5.00000000,1
1506945040,22653014,45.90,0.10915033,1
1506945040,22653013,45.90,1.00000000,1
1506945036,22653012,45.91,0.78177066,1
1506945036,22653011,45.91,0.10912655,1
1506945036,22653010,45.92,0.10910279,1
1506945032,22653003,45.93,0.67283412,0
1506945031,22653000,45.93,0.10907903,1
1506945031,22652999,45.94,0.10905529,1
1506945030,22652998,45.95,0.10903156,1
1506945023,22652994,45.96,0.10900783,1
1506945018,22652990,45.97,0.10898412,1
1506945003,22652979,46.07,4.19608510,0
1506945002,22652977,46.06,1.45000000,1
1506945002,22652975,46.06,1.35091490,0
1506944997,22652967,46.00,2.08717700,0
1506944996,22652962,46.00,7.91282300,0
1506944894,22652907,46.06,0.53023730,0
1506944626,22652661,46.01,0.51689517,0
1506944626,22652660,46.00,0.93486931,0
1506944625,22652659,46.00,7.06513069,1
1506944588,22652612,46.00,2.01514100,1
1506944580,22652600,46.00,1.91972831,1
1506944579,22652599,46.00,3.50119565,1
1506944579,22652598,46.01,0.43360139,1
1506944579,22652597,46.01,1.21060565,1
1506944508,22652509,46.09,0.64916468,0
1506944376,22652438,46.10,3.33023000,0
1506944260,22652340,46.06,0.54125054,0
1506944145,22652273,46.11,0.89023000,0
1506944145,22652272,46.10,10.00000000,0
1506944144,22652271,46.09,0.11000000,0
1506943951,22652181,46.09,59.89000000,1
1506943745,22652054,46.11,3.00000000,0
1506943720,22652034,46.12,0.32480486,0
1506943716,22652025,46.12,0.11058000,0
1506943558,22651937,46.12,7.00900000,0
1506943541,22651932,46.09,0.11000000,0
1506943324,22651836,46.12,0.88941890,0
1506943323,22651835,46.09,0.11000000,0
1506943123,22651719,46.13,1.24680311,0
1506943123,22651718,46.13,8.64319689,0
1506943122,22651717,46.09,0.11000000,0
1506943032,22651676,46.13,7.96141339,0
1506943031,22651673,46.12,2.90596488,0
1506942965,22651642,46.12,6.39000000,0
1506942963,22651641,46.09,0.11000000,0
1506942346,22651341,46.12,10.70403512,0
1506942344,22651339,46.09,0.11000000,0
1506942133,22651252,46.11,10.83900000,1
1506942081,22651242,46.08,10.75300000,1
1506942079,22651238,46.13,3.39538972,0
1506942077,22651234,46.12,2.88000000,0
1506942077,22651233,46.12,4.24365920,0
1506941832,22651027,46.10,10.84100000,1
1506941777,22650997,46.10,0.39023000,0
1506941775,22650991,46.09,0.11000000,0
1506941358,22650793,45.92,0.58059895,0
1506941357,22650792,45.99,0.10893673,1
1506941357,22650791,46.00,0.45173930,1
1506941357,22650790,46.00,0.10891304,1
1506941345,22650780,46.14,25.81000000,1
1506941343,22650776,46.14,2.99000000,1
1506941336,22650771,46.14,28.00000000,0
1506940993,22650444,46.12,6.31006830,0
1506940987,22650438,46.13,0.80422700,1
1506940965,22650419,46.15,42.58000000,0
1506940963,22650418,46.14,3.71000000,0
1506940962,22650414,46.13,8.49577300,1
1506940962,22650413,46.13,1.00000000,1
1506940940,22650406,46.14,5.42000000,0
1506940940,22650405,46.14,5.42000000,0
1506940894,22650387,46.14,10.72500000,0
1506940894,22650386,46.09,0.11000000,0
1506940858,22650366,46.08,1.93500000,1
1506940842,22650324,46.08,8.90000000,1
1506940201,22650071,46.09,0.11000000,0
1506940183,22650053,46.09,0.11000000,0
1506940133,22649981,46.04,8.90656500,1
1506939963,22649894,46.15,10.81000000,1
1506939933,22649855,46.08,4.03377700,1
1506939930,22649832,46.08,5.48252300,1
1506939926,22649817,46.08,1.31970000,1
1506939794,22649759,46.16,1.76433887,0
1506939792,22649758,46.09,0.11000000,0
1506939792,22649757,46.08,18.11440562,0
1506939679,22649686,46.17,0.97205978,0
1506939634,22649641,46.18,1.99579015,1
1506939633,22649640,46.09,0.11000000,0
1506939623,22649632,46.01,0.00000026,0
1506939623,22649630,46.01,0.10888937,1
1506939623,22649629,46.01,1.79355239,1
1506939623,22649628,46.02,0.10886571,1
1506939622,22649627,46.03,0.10884206,1
1506939622,22649626,46.04,0.10881842,1
1506939622,22649625,46.05,0.10879479,1
1506939475,22649546,46.10,10.27900000,1
1506939425,22649506,46.12,1.36750200,0
1506939400,22649489,46.13,3.26025200,0
1506939400,22649488,46.09,0.11000000,0
1506939334,22649455,46.15,10.83000000,0
1506939274,22649387,46.13,17.78361394,1
1506939273,22649385,46.18,6.78943400,1
1506939241,22649347,46.26,0.94077943,0
1506939240,22649346,46.19,0.11000000,0
1506939217,22649341,46.18,4.01756600,1
1506939183,22649326,46.27,9.99697428,0
1506939183,22649325,46.26,7.15000000,0
1506939181,22649319,46.19,0.11000000,0
1506938890,22649157,46.29,2.11600000,1
1506938888,22649154,46.29,0.11000000,0
1506938888,22649153,46.29,14.45733419,1
1506938887,22649151,46.19,0.11000000,0
1506938477,22648903,46.36,6.63023000,1
1506938476,22648902,46.35,3.06000000,0
1506938476,22648900,46.34,10.09000000,0
1506938476,22648899,46.29,0.11000000,0
1506938474,22648898,46.19,0.11000000,0
1506938357,22648702,46.10,1.44620800,1
1506938342,22648697,46.11,5.00000000,0
1506938257,22648646,46.15,1.00000000,1
1506938125,22648570,46.14,10.83400000,1
1506938084,22648546,46.10,1.55389300,1
1506937818,22648332,46.10,6.99989900,1
1506937818,22648331,46.10,0.43288710,1
1506937572,22648016,46.10,17.00000000,0
1506937556,22647947,46.09,5.00000000,0
1506937553,22647928,46.29,0.06265706,1
1506937553,22647919,46.29,1.60903332,1
1506937552,22647913,46.29,0.11000000,0
1506937552,22647912,46.09,36.34844870,1
1506937515,22647879,46.20,1.99899148,0
1506937514,22647875,46.19,0.11000000,0
1506937471,22647770,46.10,4.00000000,0
1506937462,22647763,46.11,4.00000000,1
1506937448,22647748,46.09,0.11000000,0
1506937333,22647524,46.04,14.00000000,0
1506937327,22647503,46.03,3.00000000,0
1506937316,22647458,46.03,1.00000000,0
1506937216,22647255,45.99,0.11000000,0
1506936982,22647050,45.98,10.86500000,1
1506936973,22647037,46.01,0.39000000,0
1506936973,22647036,45.99,0.11000000,0
1506936895,22646929,46.01,4.52490200,1
1506936895,22646927,46.01,14.47509800,1
1506936700,22646797,46.04,0.50000000,0
1506936622,22646713,46.01,1.00000000,1
1506936617,22646706,46.04,0.50000000,0
1506936554,22646492,46.04,0.50000000,0
1506936508,22646467,46.04,3.92000000,0
1506936491,22646465,46.04,0.50000000,0
1506936460,22646442,46.04,3.92000000,0
1506936436,22646433,46.04,0.50000000,0
1506936213,22646221,46.07,0.50000000,0
1506936147,22646128,46.08,0.50000000,0
1506936089,22645999,46.07,0.50000000,0
1506935975,22645898,45.99,0.11000000,0
1506935854,22645851,45.87,1.00000000,1
1506935771,22645824,45.92,2.29943380,0
1506935731,22645804,46.08,1.42795139,0
1506935707,22645795,45.99,0.89000000,1
1506935706,22645794,45.99,0.11000000,0
1506935685,22645789,45.98,22.00000000,0
1506934916,22645433,45.86,14.39075447,0
1506934915,22645431,45.86,10.50000000,0
1506934914,22645430,45.86,0.10924553,1
1506934692,22645316,45.99,0.11000000,0
1506934526,22645238,46.02,9.84800000,1
1506934426,22645147,45.98,23.05999958,1
1506934426,22645146,45.98,0.10896042,1
1506934380,22645085,46.06,2.00000000,0
1506934361,22645056,45.99,0.11000000,0
1506934234,22644987,45.91,7.58720700,1
1506934200,22644973,45.87,0.10922171,1
1506934199,22644971,45.88,0.10919791,1
1506934199,22644970,45.89,0.10917411,1
1506934199,22644969,45.90,0.10915033,1
1506934199,22644968,45.91,0.10912655,1
1506934199,22644967,45.92,0.10910279,1
1506934199,22644965,45.93,0.10907903,1
1506934199,22644964,45.94,0.10905529,1
1506934199,22644963,45.95,0.10903156,1
1506934199,22644962,45.96,0.10900783,1
1506934198,22644961,45.97,0.10898412,1
1506934198,22644960,45.98,0.10896042,1
1506934132,22644936,45.99,0.11000000,0
1506934093,22644920,46.08,5.00000000,0
1506934048,22644905,46.05,1.53572204,0
1506934047,22644904,46.03,10.86000000,1
1506934017,22644868,45.99,0.11000000,0
1506933999,22644865,45.98,5.00000000,0
1506933897,22644805,45.98,5.86500000,1
1506933879,22644796,45.98,5.00000000,1
1506933612,22644688,46.14,0.85011670,0
1506933612,22644687,46.09,0.11000000,0
1506933611,22644686,45.99,0.11000000,0
1506933507,22644650,45.94,16.52254400,1
1506933493,22644645,45.89,0.10917411,1
1506933438,22644638,46.00,10.86000000,0
1506933412,22644624,45.90,1.61490450,0
1506933412,22644623,45.90,5.42000000,1
1506933412,22644622,45.90,2.48000000,1
1506933412,22644621,45.90,7.58437950,1
1506933412,22644620,45.92,27.11000000,1
1506933410,22644618,45.91,15.48438000,1
1506932728,22644346,46.05,16.59695982,0
1506932726,22644345,46.04,1.47060260,0
1506932639,22644311,46.06,0.10858257,0
1506932626,22644304,46.14,0.10851202,0
1506932419,22644223,46.17,7.30929174,0
1506932418,22644222,46.07,2.41875440,1
1506932418,22644220,46.07,11.91000000,0
1506932375,22644191,46.12,21.41088464,0
1506932375,22644190,46.09,0.11000000,0
1506932374,22644189,45.99,0.11000000,0
1506932193,22644141,45.93,0.56237311,1
1506931867,22643970,46.06,2.27593900,0
1506931794,22643934,45.90,2.41562050,1
1506931794,22643933,45.90,0.10915033,1
1506931794,22643932,45.91,0.10912655,1
1506931794,22643931,45.92,0.10910279,1
1506931793,22643930,45.94,0.10905529,1
1506931793,22643929,45.97,0.10898412,1
1506931793,22643928,45.98,6.93000000,0
1506931791,22643927,45.98,0.10896042,1
1506931745,22643902,46.00,4.99977000,0
1506931745,22643900,45.99,0.00106327,0
1506931739,22643887,45.99,0.10893673,0
1506931727,22643883,46.00,20.00000000,0
1506931724,22643878,45.99,1.00000000,0
1506931712,22643874,45.99,1.00000000,0
1506931701,22643871,46.00,18.00000000,0
1506931694,22643868,46.00,1.00023000,0
1506931691,22643867,46.00,25.00000000,0
1506931657,22643852,46.00,1.00000000,0
1506931654,22643850,45.98,0.12000000,1
1506931629,22643837,46.00,25.00000000,0
1506931626,22643833,45.98,0.12000000,1
1506931622,22643831,45.99,14.15000000,0
1506931622,22643830,45.99,0.11000000,0
1506931593,22643815,45.98,0.12000000,1
1506931530,22643774,45.94,0.12000000,0
1506931513,22643772,45.93,0.12000000,0
1506931395,22643742,45.93,9.06994746,0
1506931393,22643740,45.93,0.03778254,1
1506931393,22643739,45.98,10.87200000,1
1506931230,22643678,45.94,8.31408500,0
1506931186,22643638,45.93,0.07129649,1
1506931185,22643637,45.95,0.10903156,1
1506931185,22643636,45.96,0.10900783,1
1506931185,22643635,45.97,0.10898412,1
1506930925,22643534,46.01,0.13704219,0
1506930923,22643533,45.99,0.02144550,0
1506930811,22643492,45.98,0.10896042,1
1506930770,22643471,45.99,0.10893673,1
1506930627,22643408,46.07,1.73540265,0
1506930477,22643302,46.09,15.91178550,0
1506930477,22643301,46.09,0.11000000,0
1506930477,22643299,46.08,3.97821450,0
1506930310,22643224,46.06,18.19000000,0
1506930303,22643222,46.07,11.00000000,0
1506930159,22643127,46.09,1.00000000,0
1506930153,22643124,46.10,1.51453362,0
1506930151,22643123,46.09,0.11000000,0
1506930092,22643093,46.01,0.12000000,0
1506930065,22643082,45.95,0.12000000,0
1506930051,22643076,45.97,0.12000000,0
1506930013,22643056,45.95,0.12000000,0
1506930000,22643032,45.94,0.12000000,1
1506929980,22643015,45.95,1.74900325,1
1506929895,22642928,45.93,1.81802783,0
1506929895,22642926,45.94,0.10905529,1
1506929894,22642924,45.95,0.10903156,1
1506929894,22642923,45.96,0.10900783,1
1506929894,22642922,45.97,0.10898412,1
1506929893,22642921,45.98,29.40000000,1
1506929893,22642920,45.98,0.10896042,1
1506929893,22642919,45.99,0.10893673,1
1506929893,22642918,46.00,5.00000000,1
1506929892,22642916,46.01,0.04300000,1
1506929509,22642695,46.01,21.65700000,1
1506929428,22642670,46.11,2.16330514,0
1506929392,22642647,46.00,16.46246600,1
1506929383,22642639,46.00,5.00000000,1
1506929377,22642634,46.01,5.00000000,1
1506929043,22642467,46.09,9.48023000,0
1506929042,22642466,46.10,8.63936000,1
1506929042,22642464,46.10,6.77064000,1
1506929041,22642460,46.10,24.89023000,0
1506929040,22642459,46.09,0.11000000,0
1506928729,22642307,46.00,28.42217300,1
1506928711,22642302,46.00,4.34770900,1
1506928679,22642294,46.10,0.20000000,0
1506928674,22642288,46.10,7.79147569,0
1506928674,22642287,46.09,0.11000000,0
1506928674,22642286,46.08,12.09852431,0
1506928631,22642263,46.13,0.00065307,0
1506928631,22642262,46.13,11.88934693,1
1506928629,22642261,46.09,0.11000000,0
1506928600,22642220,46.00,4.50000000,1
1506928561,22642193,46.17,4.21117608,0
1506928559,22642192,46.09,0.11000000,0
1506928540,22642178,46.03,3.85120800,0
1506928526,22642165,46.07,30.52970000,0
1506928523,22642163,46.09,0.00837430,0
1506928523,22642162,46.08,11.99522570,0
1506928519,22642159,46.01,7.50482200,1
1506928510,22642152,46.09,0.00826683,0
1506928510,22642151,46.07,11.81383317,0
1506928508,22642150,46.07,4.33036683,0
1506928502,22642144,46.07,40.08280000,0
1506928499,22642140,46.09,0.01125381,0
1506928499,22642139,46.08,16.14344619,0
1506928353,22642079,46.10,4.24975200,0
1506928353,22642078,46.10,12.62474600,0
1506928348,22642076,46.10,20.08550200,0
1506928344,22642074,46.09,0.11000000,0
1506928339,22642072,46.08,57.07000000,0
1506928250,22642011,46.08,29.16260799,0
1506928173,22641914,46.01,0.76147323,1
1506928168,22641893,46.01,15.45799366,1
1506927983,22641723,46.01,13.77675300,1
1506927908,22641698,46.13,5.40580966,0
1506927876,22641691,46.14,0.75661032,0
1506927800,22641643,46.09,0.00124834,1
1506927731,22641560,46.09,2.01858717,1
1506927713,22641542,46.09,1.63318700,1
1506927712,22641541,46.10,2.02000000,1
1506927693,22641538,46.10,5.00000000,0
1506927670,22641531,46.09,0.11000000,0
1506927389,22641437,46.15,0.84702058,0
1506927387,22641433,46.14,1.31430010,0
1506927368,22641422,46.15,1.63900325,0
1506927366,22641421,46.09,0.11000000,0
1506927246,22641386,46.13,16.00000000,0
1506927197,22641376,46.10,1.85550610,1
1506927140,22641363,46.10,30.41420700,1
1506927135,22641362,46.10,1.68047600,1
1506927131,22641361,46.10,0.17618000,1
1506927071,22641322,46.11,0.40959000,1
1506927044,22641309,46.12,33.53184200,1
1506927044,22641308,46.12,3.46541500,1
1506927041,22641305,46.12,24.83458500,1
1506927031,22641295,46.37,1.77904403,0
1506927029,22641294,46.12,16.10541500,1
1506927024,22641287,46.40,64.66678992,0
1506927024,22641284,46.40,0.99204192,0
1506927024,22641282,46.40,0.24000000,0
1506927024,22641281,46.40,0.43677160,0
1506927024,22641280,46.40,0.12000000,0
1506927024,22641279,46.39,0.11000000,0
1506927023,22641278,46.39,49.98270646,1
1506927023,22641277,46.36,1.79043695,0
1506927023,22641276,46.34,3.11000000,1
1506927023,22641275,46.34,15.55000000,1
1506927023,22641274,46.34,0.52240521,1
1506927022,22641272,46.29,0.11000000,0
1506927022,22641271,46.27,1.79394153,0
1506927022,22641270,46.26,2.16167780,0
1506927022,22641269,46.19,0.11000000,0
1506927021,22641268,46.18,56.99000000,0
1506927021,22641267,46.16,16.57400000,0
1506927021,22641266,46.15,0.12000000,0
1506927020,22641265,46.14,0.12000000,0
1506927020,22641264,46.12,0.12000000,0
1506927020,22641263,46.12,0.18568044,0
1506927018,22641262,46.11,0.12000000,0
1506926999,22641240,46.10,2.49750000,1
1506926987,22641235,46.10,4.83739900,1
1506926964,22641225,46.10,4.83739900,1
1506926964,22641224,46.10,16.59199800,1
1506926963,22641223,46.10,0.12000000,0
1506926962,22641222,46.09,0.12000000,0
1506926962,22641221,46.09,0.11000000,0
1506926962,22641220,46.08,0.12000000,0
1506926961,22641219,46.07,17.01878408,0
1506926948,22641205,46.07,18.48000000,0
1506926948,22641204,46.07,0.12000000,0
1506926948,22641203,46.06,0.12000000,0
1506926940,22641188,46.05,0.12000000,0
1506926916,22641181,46.03,0.12000000,0
1506926908,22641180,46.02,0.01178618,0
1506926812,22641136,46.00,7.03149200,1
1506926812,22641135,46.01,41.99000000,1
1506926578,22641005,46.02,0.10821382,0
1506926541,22640973,46.00,78.23616000,1
1506926258,22640787,46.00,100.00000000,1
1506925991,22640685,46.00,15.00000000,1
1506925904,22640657,45.99,0.11000000,0
1506925761,22640606,46.06,1.08271819,0
1506925546,22640515,46.05,6.36026058,0
1506925546,22640514,46.04,56.95000000,0
1506925544,22640513,45.99,0.11000000,0
1506925268,22640405,45.91,2.00000000,1
1506925213,22640388,45.99,0.11000000,0
1506925205,22640384,45.99,0.11000000,0
1506924962,22640278,45.82,8.99491582,0
1506924961,22640276,45.83,0.10931704,1
1506924961,22640275,45.83,38.45736100,0
1506924961,22640273,45.85,0.10926936,1
1506924960,22640272,45.86,0.10924553,1
1506924960,22640271,45.87,0.10922171,1
1506924960,22640270,45.88,0.10919791,1
1506924960,22640269,45.88,2.33000000,1
1506924959,22640268,45.89,5.61000000,1
1506924959,22640267,45.90,0.10915033,1
1506924959,22640266,45.90,20.00000000,1
1506924959,22640265,45.90,22.65742503,1
1506924959,22640264,45.91,0.10912655,1
1506924958,22640263,45.92,0.10910279,1
1506924958,22640262,45.93,0.10907903,1
1506924958,22640261,45.94,28.02000000,1
1506924958,22640260,45.94,0.10905529,1
1506924958,22640259,45.95,17.51264351,1
1506924957,22640258,45.96,0.10900783,1
1506924957,22640257,45.97,0.10898412,1
1506924957,22640256,45.98,0.10896042,1
1506924955,22640255,45.99,0.10893673,1
1506924955,22640254,46.00,54.89000000,1
1506923873,22639927,46.11,2.05378442,0
1506923873,22639926,46.10,2.05462500,1
1506923871,22639924,46.09,0.11000000,0
1506923871,22639923,46.09,0.00027000,0
1506923359,22639731,46.09,0.10973000,0
1506923325,22639718,45.94,23.02127300,1
1506923300,22639706,46.00,4.84500000,1
1506923211,22639690,46.12,3.84902470,0
1506923211,22639689,46.12,30.94097530,0
1506923211,22639688,46.09,0.11000000,0
1506923113,22639650,46.02,8.09887200,1
1506923050,22639605,46.02,0.15000000,1
1506922692,22639436,45.99,0.11000000,0
1506922635,22639426,45.98,23.18000000,0
1506922530,22639408,45.98,1.27577207,0
1506922516,22639400,45.92,0.80383212,0
1506922490,22639388,45.90,10.07501286,1
1506922348,22639311,45.90,0.11066014,1
1506922311,22639271,45.90,12.00000000,1
1506922246,22639253,45.91,2.51281351,1
1506922124,22639211,45.92,3.81662980,1
1506921557,22639072,45.94,1.00000000,0
1506921301,22639051,45.94,3.81655793,1
1506921300,22639043,45.93,23.87983084,1
1506921286,22639034,46.11,1.00000000,0
1506920803,22638937,46.11,0.25000000,0
1506920783,22638935,46.12,0.09146540,0
1506920783,22638934,46.12,8.70564090,0
1506920782,22638933,46.10,18.13094547,0
1506920781,22638931,46.09,1.26092370,0
1506919914,22638729,46.09,1.47522662,1
1506919882,22638725,46.09,1.00363900,1
1506919869,22638719,46.09,1.47636100,1
1506919850,22638712,46.09,2.48000000,1
1506919848,22638710,46.09,2.29896117,1
1506919845,22638709,46.09,7.79732900,1
1506919829,22638697,46.11,1.79043695,0
1506919828,22638696,46.09,2.80414700,1
1506919824,22638692,46.09,2.62078300,1
1506919823,22638691,46.09,8.37684000,1
1506919823,22638690,46.09,2.08385300,1
1506919822,22638689,46.09,0.11000000,0
1506918365,22638250,45.92,16.18337020,1
1506917447,22637990,45.92,0.14985000,1
1506916885,22637816,46.05,1.43849790,0
1506916881,22637815,46.05,4.79414910,0
1506916881,22637814,46.04,4.20585090,0
1506916872,22637813,46.05,3.00000000,0
1506916818,22637778,45.99,0.89000000,0
1506916818,22637777,45.99,0.11000000,0
1506916650,22637761,45.89,0.11000000,0
1506915846,22637604,45.91,1.85000000,1
1506913671,22637175,45.93,6.91751800,0
1506913663,22637174,45.94,30.61000000,0
1506913643,22637166,45.92,2.37749670,0
1506913637,22637165,45.92,9.00000000,0
1506913617,22637164,45.89,0.11000000,0
1506913617,22637163,45.88,3.00000000,0
1506913522,22637112,45.84,0.22038958,0
1506913514,22637109,45.84,3.35035101,0
1506912973,22637001,45.91,11.00000000,0
1506911518,22636537,45.90,0.22863598,1
1506911516,22636518,45.90,30.77136402,1
1506911387,22636477,45.95,9.00000000,1
1506911296,22636148,45.90,19.78624600,1
1506911296,22636146,45.90,1.32812100,1
1506911284,22636043,45.78,9.26813100,1
1506911283,22636031,45.78,2.74000000,1
1506911283,22636028,45.78,1.80411900,1
1506911283,22636016,45.86,4.03470514,1
1506911282,22636011,45.86,31.03244070,1
1506911282,22636009,45.88,3.18397830,1
1506910994,22635890,45.97,3.13772300,1
1506910991,22635888,45.98,9.50000000,1
1506910386,22635646,46.05,2.18762215,0
1506910261,22635634,45.96,8.68146214,0
1506910043,22635587,45.94,57.06000000,0
1506909919,22635576,45.86,8.70564090,1
1506909919,22635575,45.87,3.36015010,1
1506909701,22635554,45.96,34.21640000,1
1506909661,22635542,45.97,2.17010000,0
1506909661,22635541,45.97,2.17010000,0
1506909660,22635540,45.97,2.17010000,0
1506909660,22635539,45.97,1.34020000,0
1506909658,22635538,45.97,0.82990000,0
1506909657,22635537,45.97,2.17010000,0
1506909655,22635536,45.98,2.17007395,1
1506909636,22635532,45.98,10.54632805,0
1506909570,22635518,45.95,15.26720400,0
1506909561,22635517,45.95,15.72879500,0
1506909557,22635514,45.96,0.00003860,1
1506909557,22635513,45.96,3.28380000,1
1506909453,22635510,45.96,34.34000000,0
1506909453,22635509,45.96,34.34000000,0
1506909453,22635508,45.96,30.69897400,0
1506909451,22635507,45.96,3.64102600,0
1506909450,22635506,45.96,34.34000000,1
1506909390,22635491,45.90,0.56607900,1
1506909390,22635490,45.90,23.41000000,1
1506909374,22635484,45.91,3.32497860,1
1506909210,22635435,45.91,1.13165300,1
1506909061,22635400,45.88,1.77274890,1
1506909060,22635399,45.88,3.22725110,1
1506909059,22635398,45.90,21.68999900,1
1506909029,22635388,45.91,3.67446830,1
1506908842,22635360,45.95,4.14032385,0
1506908838,22635359,46.00,1.79394153,1
1506908838,22635358,46.00,0.25000000,1
1506907670,22635037,46.22,0.40000000,0
1506907636,22635023,46.23,10.25975221,0
1506907636,22635022,46.23,1.15024779,0
1506907636,22635021,46.20,17.59000000,0
1506907557,22634997,46.21,17.00000000,0
1506907136,22634802,46.11,6.05827000,1
1506907127,22634801,46.11,6.05827000,1
1506906668,22634656,46.17,1.00000000,0
1506906239,22634468,46.11,3.73355000,1
1506905926,22634253,46.21,0.43166980,0
1506905838,22634116,46.23,0.64525200,0
1506905836,22634107,46.19,0.11000000,0
1506905173,22633568,46.07,7.68181400,1
1506905048,22633415,46.02,2.39285300,1
1506904953,22633256,46.11,34.17200000,1
1506904952,22633255,46.11,2.66779000,1
1506904945,22633244,46.09,0.11000000,0
1506904941,22633234,46.04,13.15520000,1
1506904931,22633223,46.04,80.01220000,1
1506904895,22633138,46.04,86.22700000,0
1506904766,22632946,46.00,2.00000000,1
1506904766,22632945,46.02,0.43363960,1
1506904399,22632674,46.08,3.81641500,0
1506903815,22632467,46.03,16.44654552,0
1506903773,22632455,46.07,55.00000000,0
1506903773,22632454,46.06,15.00000000,0
1506902693,22631706,46.02,11.35630000,1
1506902481,22631599,46.01,1.89905000,1
