date,tid,price,amount,type
1506988779,22678063,0.00004639,1586.79370553,1
1506988777,22678051,0.00004622,2966.62958575,0
1506988556,22677968,0.00004628,757.50102685,0
1506988493,22677959,0.00004620,287.39397850,0
1506988295,22677919,0.00004620,950.26071185,0
1506988189,22677881,0.00004635,83.35866091,0
1506987874,22677743,0.00004639,959.32020400,0
1506987739,22677717,0.00004616,8543.43039597,1
1506987737,22677715,0.00004618,1872.50000000,1
1506987534,22677657,0.00004637,928.07654966,0
1506987499,22677648,0.00004626,437.27275777,1
1506987494,22677647,0.00004624,555.98048709,1
1506987488,22677646,0.00004621,508.02726952,1
1506987309,22677541,0.00004628,335.15906002,0
1506987280,22677537,0.00004628,542.37750717,0
1506987165,22677532,0.00004628,322.51983432,0
1506987116,22677527,0.00004624,1128.06769031,0
1506987069,22677523,0.00004613,65.82502338,0
1506986971,22677505,0.00004592,413.30915674,0
1506986970,22677504,0.00004595,2165.40000000,1
1506986970,22677503,0.00004595,105.29084326,1
1506986882,22677486,0.00004613,213.24765389,1
1506986816,22677480,0.00004614,1135.56393584,0
1506986802,22677479,0.00004612,77.54043814,1
1506986801,22677478,0.00004613,115.39211628,1
1506986800,22677477,0.00004613,2261.78690656,0
1506986735,22677466,0.00004612,74.80170301,0
1506986706,22677463,0.00004612,366.18839890,0
1506986118,22677351,0.00004593,332.97076000,0
1506986117,22677344,0.00004592,988.53006326,0
1506986056,22677327,0.00004581,596.36844100,0
1506986031,22677309,0.00004583,94.04485685,0
1506985875,22677215,0.00004586,1110.53000000,1
1506985853,22677186,0.00004600,765.00000000,0
1506985808,22677175,0.00004599,319.54156875,0
1506985647,22677109,0.00004600,8338.56680974,1
1506985633,22677104,0.00004600,27369.43319026,1
1506985633,22677103,0.00004600,11.34154374,1
1506985621,22677098,0.00004600,2718.65845626,1
1506985621,22677097,0.00004600,5775.00000000,1
1506985620,22677096,0.00004601,4712.27986574,1
1506985596,22677080,0.00004623,9525.72209285,1
1506985596,22677079,0.00004632,0.53000000,1
1506985578,22677051,0.00004632,1110.00000000,1
1506985571,22677039,0.00004639,133.21846734,0
1506985544,22677026,0.00004641,303.00000000,1
1506985542,22677023,0.00004658,4532.17573939,0
1506985523,22677003,0.00004650,539.17674207,1
1506985523,22677002,0.00004651,2695.80693011,1
1506985519,22676994,0.00004659,2973.90096608,1
1506985519,22676992,0.00004661,128.85166151,1
1506985130,22676801,0.00004664,152.13390180,1
1506985128,22676800,0.00004675,63.10540320,1
1506985007,22676728,0.00004693,13451.82956966,0
1506984996,22676718,0.00004677,3004.00000000,1
1506984970,22676698,0.00004687,333.83451762,0
1506984649,22676529,0.00004678,5242.41845208,1
1506984647,22676528,0.00004679,455.27356792,1
1506984614,22676491,0.00004683,761.03363717,1
1506984614,22676490,0.00004684,212.34551783,1
1506984579,22676487,0.00004684,0.63484084,1
1506984579,22676486,0.00004689,906.49515916,1
1506984450,22676462,0.00004688,955.87700000,1
1506984162,22676384,0.00004691,15881.53492900,1
1506984025,22676301,0.00004696,1159.00000000,1
1506983999,22676288,0.00004721,26527.76339758,0
1506983999,22676285,0.00004717,1509.00000000,0
1506983999,22676283,0.00004716,12953.68800000,0
1506983998,22676282,0.00004713,132.39703162,0
1506983998,22676281,0.00004710,20474.82611465,0
1506983998,22676280,0.00004709,1036.44635800,1
1506983996,22676278,0.00004709,1981.51809643,0
1506983606,22676016,0.00004682,1973.13000000,1
1506983605,22676011,0.00004688,2460.99999973,1
1506983605,22676010,0.00004691,176.34205027,1
1506983172,22675851,0.00004710,148.24925690,0
1506983085,22675818,0.00004709,603.03610108,0
1506983037,22675804,0.00004710,4376.92462845,0
1506983035,22675803,0.00004709,109.49755982,0
1506983027,22675802,0.00004709,205.69505202,1
1506983025,22675800,0.00004709,315.19261184,0
1506982914,22675764,0.00004709,533.11828413,0
1506982914,22675763,0.00004709,374.48627150,0
1506982874,22675747,0.00004709,423.65937566,0
1506982532,22675583,0.00004709,168.13421108,0
1506982532,22675582,0.00004709,3669.39111978,0
1506982532,22675580,0.00004709,2594.59588022,0
1506982530,22675578,0.00004699,7350.00000000,0
1506982243,22675442,0.00004696,2874.24185298,0
1506982232,22675431,0.00004696,1745.71126829,0
1506982232,22675430,0.00004696,2235.03304787,0
1506982232,22675429,0.00004696,1218.64017756,0
1506982232,22675428,0.00004694,8683.60714192,0
1506981906,22675237,0.00004680,101.00000000,1
1506981882,22675204,0.00004694,51.00000000,0
1506981847,22675184,0.00004694,1306.35556028,0
1506980915,22674633,0.00004694,3264.70685982,0
1506979799,22674105,0.00004666,72.70215067,1
1506979562,22674046,0.00004670,1662.78836600,1
1506979422,22673907,0.00004694,1500.35151256,1
1506979422,22673906,0.00004691,1834.74181826,0
1506979420,22673900,0.00004690,1574.82353088,1
1506979354,22673607,0.00004680,2046.74080164,0
1506978310,22673098,0.00004676,1090.09459459,1
1506978284,22673083,0.00004676,1089.25030489,1
1506978187,22673046,0.00004693,560.56531003,0
1506977903,22672939,0.00004683,2223.97779201,0
1506977304,22672703,0.00004675,6081.77026737,0
1506976946,22672495,0.00004672,446.56161746,0
1506976821,22672441,0.00004661,521.00000000,1
1506976792,22672415,0.00004676,1933.01903336,0
1506976791,22672414,0.00004670,13541.38608138,0
1506976739,22672384,0.00004670,3458.61391862,0
1506976547,22672304,0.00004660,12682.30000000,1
1506976452,22672262,0.00004660,2401.83500000,1
1506976452,22672261,0.00004660,6713.77500000,1
1506976379,22672206,0.00004709,9969.96793374,0
1506976379,22672203,0.00004700,10000.00000000,0
1506976379,22672201,0.00004700,646.35686859,0
1506976378,22672200,0.00004696,761.16713475,0
1506976378,22672199,0.00004677,72643.71800000,0
1506976378,22672198,0.00004676,3805.83567374,0
1506976376,22672197,0.00004672,1757.84938787,0
1506976341,22672178,0.00004683,258.91501174,0
1506976272,22672116,0.00004676,445.54255774,0
1506976158,22672081,0.00004670,622.99635974,0
1506976158,22672080,0.00004670,1612.13897217,0
1506976136,22672072,0.00004670,446.96102783,0
1506976108,22672048,0.00004661,1825.24452512,1
1506976097,22672038,0.00004661,320.00000000,0
1506975310,22671569,0.00004691,44.55340012,0
1506975118,22671435,0.00004681,1514.49399957,1
1506975105,22671421,0.00004681,345.50600000,1
1506975103,22671418,0.00004681,212.00000000,1
1506975089,22671404,0.00004681,1658.84168400,1
1506975085,22671399,0.00004681,1319.15831643,1
1506975085,22671398,0.00004682,540.84168357,1
1506975082,22671394,0.00004682,212.00000000,1
1506975078,22671390,0.00004682,2978.00000000,1
1506975073,22671383,0.00004682,2978.00000000,1
1506975067,22671375,0.00004682,2978.00000000,1
1506975062,22671369,0.00004682,3190.00000000,1
1506975057,22671367,0.00004682,212.00000000,1
1506975041,22671356,0.00004682,212.00000000,1
1506975035,22671354,0.00004682,212.00000000,1
1506975031,22671352,0.00004682,212.00000000,0
1506975014,22671343,0.00004681,212.00000000,1
1506975007,22671334,0.00004693,150.00000000,0
1506974993,22671326,0.00004681,5000.00000000,1
1506974928,22671274,0.00004681,212.00000000,1
1506974926,22671273,0.00004681,2978.00000000,1
1506974923,22671272,0.00004681,212.00000000,1
1506974921,22671270,0.00004681,2978.00000000,1
1506974920,22671269,0.00004681,212.00000000,1
1506974915,22671268,0.00004681,2978.00000000,1
1506974911,22671266,0.00004681,2978.00000000,1
1506974908,22671264,0.00004681,3190.00000000,1
1506974904,22671261,0.00004682,2917.73642300,1
1506974792,22671181,0.00004700,2716.49872340,0
1506974792,22671180,0.00004699,1300.92059998,0
1506974791,22671177,0.00004698,450.00000000,0
1506974723,22671136,0.00004700,3168.36914893,0
1506974723,22671135,0.00004700,234.54900000,0
1506974723,22671134,0.00004700,386.16100000,0
1506974723,22671133,0.00004700,159.89021277,0
1506974723,22671132,0.00004699,100.00000000,0
1506974721,22671130,0.00004698,418.17069014,0
1506974571,22671030,0.00004676,90.00000000,1
1506974512,22670980,0.00004689,1446.50031989,0
1506974487,22670967,0.00004688,168.79500853,0
1506974447,22670951,0.00004689,394.96779697,0
1506974446,22670950,0.00004667,1773.43576192,0
1506974405,22670914,0.00004667,0.00000154,1
1506974402,22670906,0.00004667,1773.43577000,1
1506974322,22670869,0.00004700,460.81978723,0
1506974322,22670868,0.00004700,620.71000000,0
1506974322,22670867,0.00004700,1405.13393193,1
1506974322,22670866,0.00004684,4009.28443755,0
1506974320,22670864,0.00004682,3136.43696677,0
1506974017,22670546,0.00004671,2138.59130807,0
1506973975,22670531,0.00004665,50.09303323,0
1506973577,22670362,0.00004652,2340.86264069,1
1506973387,22670239,0.00004645,1193.97596000,0
1506973385,22670238,0.00004647,2422.50000000,1
1506973329,22670186,0.00004670,543.00000000,0
1506973083,22670051,0.00004673,2297.45345602,0
1506972864,22669951,0.00004648,214.50086058,0
1506972861,22669947,0.00004660,3655.60579399,0
1506972860,22669945,0.00004658,8505.55873724,1
1506972859,22669942,0.00004658,9252.17000000,0
1506972631,22669800,0.00004651,500.00000000,0
1506972610,22669737,0.00004636,2110.00000000,1
1506972579,22669707,0.00004634,2417.65390100,1
1506972481,22669652,0.00004633,766.69105500,1
1506972436,22669624,0.00004636,1880.16471000,1
1506972432,22669620,0.00004636,875.00000000,1
1506972425,22669617,0.00004637,4904.56650000,1
1506972366,22669578,0.00004634,2000.00000000,1
1506972270,22669532,0.00004635,3096.03835900,1
1506972140,22669461,0.00004659,2806.99077055,1
1506972139,22669459,0.00004647,1693.40000000,0
1506972029,22669349,0.00004646,429.40421868,0
1506971442,22668990,0.00004633,1098.47014600,1
1506971242,22668876,0.00004641,735.21482439,0
1506971206,22668828,0.00004650,661.06946236,0
1506971204,22668823,0.00004642,4838.90267745,0
1506970736,22668554,0.00004642,4545.16544592,0
1506970733,22668552,0.00004642,466.62688496,0
1506970720,22668550,0.00004642,1850.00000000,0
1506970705,22668544,0.00004628,4899.87726700,1
1506970703,22668543,0.00004629,2428.60000000,1
1506970677,22668534,0.00004641,998.19950528,0
1506970604,22668482,0.00004642,9135.94355881,0
1506970502,22668348,0.00004627,577.20277778,1
1506970426,22668290,0.00004643,529.38768037,0
1506970421,22668287,0.00004643,1460.69351712,0
1506970040,22668138,0.00004656,4426.71327319,1
1506970040,22668137,0.00004656,929.17154992,0
1506969956,22668104,0.00004661,450.24372452,0
1506969895,22668087,0.00004657,1119.48292892,0
1506969889,22668086,0.00004657,2677.26003865,0
1506969831,22668063,0.00004662,4522.36143286,0
1506969365,22667858,0.00004660,1308.35597800,0
1506969357,22667857,0.00004660,333.00000000,0
1506969300,22667841,0.00004660,128.43412017,0
1506969110,22667742,0.00004659,800.00000000,0
1506968519,22667463,0.00004671,462.22693213,0
1506968346,22667342,0.00004670,1055.58103190,0
1506968340,22667337,0.00004672,2353.00000000,1
1506967962,22667122,0.00004684,57.33817250,0
1506967901,22667069,0.00004687,20949.48986558,0
1506967899,22667065,0.00004684,2057.70000000,0
1506967602,22666811,0.00004673,1993.60575720,0
1506967514,22666742,0.00004679,346.79568283,0
1506967514,22666741,0.00004679,100.00000000,0
1506967179,22666614,0.00004657,2648.63932479,0
1506967129,22666604,0.00004657,1070.97509126,0
1506967032,22666518,0.00004657,1090.18681554,0
1506966871,22666389,0.00004657,1458.30000000,0
1506966817,22666363,0.00004657,3631.75026841,0
1506966815,22666362,0.00004650,903.59347475,0
1506966814,22666361,0.00004650,11656.23578200,0
1506966807,22666359,0.00004650,903.59347500,0
1506966788,22666353,0.00004650,3209.05325500,0
1506966549,22666260,0.00004650,1898.99498100,0
1506966543,22666255,0.00004650,50.00000000,0
1506966475,22666214,0.00004647,488.06683670,1
1506966464,22666209,0.00004649,728.18994173,0
1506966464,22666208,0.00004647,1951.96605827,0
1506966350,22666175,0.00004647,459.96707553,0
1506966046,22666021,0.00004650,1153.52903225,0
1506966045,22666019,0.00004647,1100.00000000,0
1506965785,22665832,0.00004632,458.16276403,1
1506965425,22665668,0.00004649,8921.86427188,0
1506965424,22665667,0.00004649,2246.43281250,0
1506965424,22665666,0.00004648,2362.22741476,0
1506965424,22665665,0.00004647,9872.74200000,0
1506965422,22665664,0.00004643,2414.50000000,0
1506965113,22665449,0.00004641,2734.55095884,0
1506965111,22665447,0.00004630,1814.84103674,0
1506964935,22665366,0.00004630,275.71511879,0
1506964877,22665311,0.00004630,4465.12850971,0
1506964875,22665309,0.00004624,90.87802769,0
1506964791,22665203,0.00004624,559.12197231,0
1506964314,22664922,0.00004629,2443.50831713,0
1506963849,22664703,0.00004629,646.35990494,0
1506963528,22664580,0.00004629,43.09807734,0
1506963468,22664550,0.00004630,6463.28293736,0
1506963454,22664541,0.00004630,2199.50000000,0
1506963272,22664434,0.00004629,4554.47461654,0
1506963022,22664372,0.00004630,396.43520518,0
1506963021,22664371,0.00004629,94.51385882,0
1506962997,22664351,0.00004629,952.54072153,0
1506962937,22664325,0.00004622,529.18087408,1
1506962617,22664177,0.00004629,180.00000000,1
1506962549,22664133,0.00004630,385.09719222,0
1506961938,22663810,0.00004637,2389.48716842,0
1506961663,22663628,0.00004643,651.20310144,1
1506961661,22663627,0.00004620,328.89790212,0
1506961660,22663626,0.00004620,1735.90809500,0
1506961641,22663611,0.00004620,10705.43200000,0
1506961604,22663578,0.00004620,117.02207792,0
1506961299,22663436,0.00004620,530.28051948,0
1506961233,22663403,0.00004620,2700.66471861,0
1506961231,22663401,0.00004615,4119.15911896,0
1506961125,22663300,0.00004600,214.95689655,1
1506960963,22663203,0.00004614,2230.90664139,0
1506960962,22663202,0.00004614,195.49335861,1
1506960904,22663181,0.00004616,1095.79711373,0
1506960904,22663180,0.00004615,2940.88463058,0
1506960729,22663119,0.00004616,2109.68437000,0
1506960624,22663083,0.00004618,1230.61931572,0
1506960485,22662994,0.00004615,100.00000000,1
1506960354,22662952,0.00004616,1567.17370370,0
1506960118,22662850,0.00004612,1960.90000000,1
1506960061,22662824,0.00004620,131.88429726,0
1506960034,22662821,0.00004620,215.91038961,0
1506960019,22662807,0.00004610,206.07562304,0
1506959972,22662767,0.00004610,1219.14295948,0
1506959934,22662761,0.00004610,1049.41220528,0
1506959891,22662734,0.00004610,1168.36921220,0
1506959646,22662611,0.00004610,222.00000000,0
1506959494,22662550,0.00004610,17311.82190913,0
1506959448,22662517,0.00004609,1136.01323497,0
1506959132,22662217,0.00004611,450.74864454,0
1506958810,22661987,0.00004611,377.51113967,0
1506958732,22661958,0.00004603,532.05070042,0
1506958685,22661927,0.00004629,591.34217669,0
1506958475,22661828,0.00004604,2254.29430929,0
1506958209,22661631,0.00004606,1100.47763786,0
1506957352,22661279,0.00004587,182.64763444,0
1506957349,22661278,0.00004587,157.23909687,0
1506957347,22661277,0.00004600,6.00760869,1
1506957341,22661269,0.00004600,253.99236222,1
1506957053,22661197,0.00004606,1299.52974381,0
1506956915,22661115,0.00004604,647.69765421,0
1506956901,22661109,0.00004593,7881.72486428,0
1506956860,22661092,0.00004600,57.56175385,0
1506956702,22660978,0.00004599,1229.17612524,0
1506956671,22660936,0.00004592,214.00000000,0
1506956670,22660934,0.00004592,3004.00000000,0
1506956577,22660873,0.00004596,329.77850304,0
1506956247,22660668,0.00004573,911.11886200,1
1506956244,22660665,0.00004572,547.26423659,0
1506956244,22660664,0.00004579,726.56303341,1
1506956241,22660658,0.00004580,5608.78650900,1
1506956235,22660653,0.00004581,1785.41538435,1
1506956233,22660651,0.00004581,1227.50687300,1
1506956232,22660648,0.00004581,1.09669462,1
1506956232,22660646,0.00004583,2511.97841738,1
1506956213,22660633,0.00004600,6792.86695652,1
1506956211,22660632,0.00004598,2607.46329933,0
1506956211,22660631,0.00004598,409.89791749,0
1506956039,22660536,0.00004592,2253.52351916,0
1506955913,22660492,0.00004592,493.03135888,0
1506954740,22659826,0.00004594,10854.44841097,0
1506954694,22659783,0.00004598,938.00195737,0
1506954173,22659383,0.00004595,708.50620239,1
1506954173,22659382,0.00004593,167.81817471,0
1506954171,22659381,0.00004576,0.00000012,0
1506953909,22659267,0.00004576,2860.92417200,0
1506953875,22659249,0.00004576,2230.17159100,0
1506953870,22659244,0.00004576,2860.92417200,0
1506953858,22659228,0.00004576,992.51180069,0
1506953724,22659181,0.00004576,5421.15779673,1
1506953724,22659180,0.00004576,2880.33726559,0
1506953724,22659179,0.00004577,13530.68676297,1
1506953723,22659178,0.00004578,167.81817471,1
1506952826,22658596,0.00004592,1327.95513937,0
1506952367,22658185,0.00004592,193.74716898,0
1506952082,22658130,0.00004594,43.42642577,0
1506951704,22657957,0.00004586,2500.00000000,0
1506951405,22657782,0.00004582,696.81776516,1
1506951320,22657756,0.00004591,0.17804019,1
1506951247,22657705,0.00004591,358.01736340,1
1506951199,22657681,0.00004601,10080.38795913,1
1506951199,22657680,0.00004598,2833.63259069,0
1506951065,22657624,0.00004560,261.07283277,1
1506950879,22657516,0.00004578,2162.43512450,0
1506950528,22657274,0.00004575,534.85311475,0
1506950417,22657213,0.00004575,7142.67467315,0
1506949951,22656947,0.00004582,1155.18027062,0
1506949741,22656866,0.00004583,1391.10123400,0
1506949722,22656855,0.00004538,21858.19588492,1
1506949722,22656854,0.00004554,1731.15650000,1
1506949722,22656853,0.00004568,1485.80000000,1
1506949721,22656852,0.00004569,992.85317020,1
1506949721,22656851,0.00004569,10630.70800000,1
1506949721,22656850,0.00004569,9680.62400357,1
1506949721,22656849,0.00004570,3620.66244131,0
1506949364,22656727,0.00004593,91.38297409,0
1506949362,22656725,0.00004588,1213.01540000,0
1506949329,22656702,0.00004595,160.37801958,0
1506949287,22656643,0.00004582,5991.41146000,1
1506949272,22656639,0.00004580,5076.08526971,1
1506949270,22656637,0.00004584,3182.91254034,1
1506949202,22656557,0.00004595,3641.43233461,0
1506948673,22656234,0.00004594,1137.69177187,0
1506948645,22656222,0.00004575,1317.06015000,1
1506948397,22656046,0.00004574,7163.46982178,1
1506948397,22656045,0.00004574,2627.97245766,1
1506948268,22655994,0.00004586,472.26493676,1
1506948020,22655707,0.00004584,1430.29839038,0
1506947686,22655114,0.00004552,1180.91657560,1
1506947514,22655005,0.00004571,1146.14066943,0
1506947513,22655004,0.00004570,3465.34611281,0
1506947070,22654661,0.00004567,90.29516093,0
1506947013,22654611,0.00004566,1290.49912434,0
1506946744,22654437,0.00004590,1356.42701525,0
1506946707,22654406,0.00004564,1884.53439964,0
1506946705,22654404,0.00004562,50.00000000,0
1506946661,22654373,0.00004567,178.89205167,0
1506946617,22654340,0.00004562,2800.00000000,1
1506946567,22654305,0.00004548,2249.99900000,1
1506946476,22654146,0.00004552,189.14738979,1
1506946476,22654145,0.00004554,0.00000030,1
1506946377,22654043,0.00004557,5472.20601273,0
1506946377,22654042,0.00004557,1882.60000000,0
1506946320,22654005,0.00004554,6028.36687000,1
1506946186,22653941,0.00004556,567.78825669,0
1506945693,22653585,0.00004573,567.02383555,0
1506945531,22653465,0.00004555,201.30000000,1
1506945531,22653464,0.00004556,1930.70000000,1
1506945481,22653421,0.00004556,3000.00000000,1
1506945323,22653274,0.00004576,3819.67001748,0
1506945321,22653271,0.00004572,3962.31918573,0
1506944986,22652945,0.00004575,435.68421161,0
1506944913,22652914,0.00004576,392.37565559,0
1506944889,22652906,0.00004551,519.64406020,1
1506944889,22652905,0.00004554,2520.35593980,1
1506944787,22652875,0.00004547,2433.75329230,0
1506944637,22652674,0.00004604,776.37662901,0
1506944620,22652652,0.00004570,2908.43425600,0
1506944620,22652651,0.00004565,1215.48700000,0
1506944586,22652609,0.00004566,1176.85277985,0
1506944448,22652473,0.00004561,174.23437842,0
1506944349,22652392,0.00004559,10745.85828983,1
1506944305,22652372,0.00004554,1218.59910000,0
1506944239,22652326,0.00004554,454.80456741,0
1506944010,22652203,0.00004553,189.18559192,0
1506943906,22652151,0.00004553,177.08587744,0
1506943752,22652055,0.00004549,621.96435000,0
1506943222,22651798,0.00004528,1218.04890000,0
1506942783,22651495,0.00004515,574.55121850,1
1506942264,22651290,0.00004515,3450.00000000,1
1506942149,22651260,0.00004529,562.90439390,0
1506941914,22651058,0.00004515,0.00000048,0
1506941739,22650974,0.00004515,3500.96153500,0
1506941728,22650971,0.00004515,953.89085157,0
1506941724,22650967,0.00004515,545.14761295,0
1506941511,22650859,0.00004512,71.00000000,1
1506941458,22650847,0.00004517,200.16311650,0
1506941400,22650815,0.00004517,572.11716700,0
1506941389,22650813,0.00004517,313.45506200,0
1506941113,22650531,0.00004518,474.70000000,1
1506941007,22650453,0.00004518,1995.36847488,0
1506940987,22650439,0.00004517,500.00000000,0
1506940587,22650252,0.00004511,10549.79384553,1
1506940587,22650251,0.00004512,5499.05442474,1
1506940585,22650250,0.00004514,2725.14500573,1
1506940539,22650230,0.00004580,33481.36462882,1
1506940539,22650229,0.00004579,19977.62231842,1
1506940538,22650228,0.00004532,4068.47367717,0
1506940538,22650227,0.00004532,49712.46800000,0
1506940538,22650226,0.00004528,1251.80990000,0
1506940536,22650225,0.00004526,1000.00000000,0
1506940016,22649922,0.00004526,370.26292532,0
1506939886,22649799,0.00004535,536.69570011,0
1506939800,22649761,0.00004524,556.98121131,0
1506939799,22649760,0.00004520,1340.43590000,0
1506939766,22649748,0.00004516,600.43641000,1
1506939605,22649619,0.00004528,257.51170494,0
1506939603,22649616,0.00004529,1101.24332082,0
1506939549,22649592,0.00004529,352.39765953,0
1506939407,22649492,0.00004563,3325.58141573,0
1506939016,22649241,0.00004511,9801.25554400,1
1506938836,22649109,0.00004512,269.99999982,1
1506938836,22649108,0.00004512,0.00000018,1
1506938785,22649077,0.00004528,3296.81316254,1
1506938783,22649076,0.00004522,1242.67500000,0
1506938783,22649075,0.00004522,1437.12579485,0
1506938670,22648996,0.00004524,640.21061300,0
1506938637,22648982,0.00004512,1511.62943382,1
1506938637,22648980,0.00004513,167.78361718,1
1506938558,22648940,0.00004512,20488.37056600,1
1506938558,22648939,0.00004513,9827.20317000,1
1506938468,22648893,0.00004525,535.09745856,0
1506938364,22648705,0.00004523,1138.86115410,0
1506938252,22648642,0.00004529,9807.00441598,0
1506938246,22648641,0.00004514,1078.88563924,0
1506938246,22648640,0.00004520,0.88920122,1
1506938094,22648552,0.00004528,1533.86900000,0
1506937993,22648443,0.00004525,217.34123400,0
1506937695,22648235,0.00004534,196.93944000,0
1506937683,22648209,0.00004530,4408.92992164,0
1506937617,22648145,0.00004520,4999.11079878,1
1506937616,22648143,0.00004521,4020.96948822,1
1506937613,22648137,0.00004521,3493.00000000,1
1506937394,22647691,0.00004540,137.85767100,0
1506937386,22647686,0.00004540,216.63348300,0
1506937180,22647155,0.00004543,1403.38870000,0
1506937121,22647126,0.00004534,1100.00000000,1
1506936985,22647052,0.00004546,177.24517200,0
1506936976,22647040,0.00004545,748.36850400,0
1506936948,22646989,0.00004549,137.85748200,0
1506936910,22646953,0.00004548,295.40902500,0
1506936908,22646948,0.00004555,600.00000000,1
1506936906,22646947,0.00004556,234.54900000,1
1506936904,22646946,0.00004557,140.79033933,1
1506936883,22646918,0.00004556,386.16100000,1
1506936835,22646899,0.00004568,1772.45580000,1
1506936826,22646895,0.00004567,1243.98977370,1
1506936461,22646443,0.00004579,200.00000000,1
1506936440,22646438,0.00004592,2104.27439024,1
1506936438,22646436,0.00004591,1366.51540000,0
1506936033,22645967,0.00004596,539.68733681,0
1506935921,22645874,0.00004578,730.20300903,1
1506935524,22645730,0.00004580,1509.00000000,1
1506935524,22645729,0.00004581,1278.23570199,1
1506935481,22645697,0.00004596,184.61009573,0
1506934721,22645324,0.00004613,1146.06178192,0
1506934403,22645117,0.00004603,1227.47710000,0
1506934304,22645013,0.00004596,172.07814130,1
1506934176,22644949,0.00004602,531.55823554,1
1506934106,22644923,0.00004598,1439.57325000,1
1506934037,22644901,0.00004605,453.59305103,0
1506934037,22644898,0.00004605,100.00000000,0
1506933918,22644813,0.00004601,530.00000000,0
1506933706,22644715,0.00004619,294.23263500,1
1506933705,22644713,0.00004641,2889.88709329,1
1506933705,22644712,0.00004621,1562.41698825,0
1506933703,22644711,0.00004618,2422.50000000,0
1506933603,22644679,0.00004619,1856.33701000,0
1506933262,22644558,0.00004619,1223.66386000,0
1506932704,22644340,0.00004605,8032.32304700,1
1506932540,22644272,0.00004596,2888.29537622,0
1506932540,22644271,0.00004599,2193.40000000,1
1506932538,22644269,0.00004620,19.30078028,1
1506932183,22644138,0.00004620,173.70702250,1
1506932069,22644104,0.00004620,1970.65000000,1
1506932067,22644101,0.00004620,882.68778000,1
1506932066,22644100,0.00004620,2372.65000000,1
1506932064,22644099,0.00004618,1224.51060000,0
1506932064,22644098,0.00004617,2156.49381722,0
1506931263,22643682,0.00004600,2011.77338643,0
1506931263,22643681,0.00004599,1205.65450000,0
1506931263,22643680,0.00004598,16701.36011357,0
1506931209,22643668,0.00004599,1228.93980000,0
1506931209,22643667,0.00004598,60.00000000,0
1506930977,22643568,0.00004593,1148.47490400,0
1506930976,22643567,0.00004592,1213.82730000,0
1506930966,22643556,0.00004591,1121.19528429,0
1506930620,22643405,0.00004587,1111.74964800,0
1506930477,22643300,0.00004595,1171.45767138,0
1506930251,22643208,0.00004592,71.10000000,0
1506930215,22643179,0.00004573,239.86239776,1
1506930206,22643165,0.00004579,100.00000000,1
1506930197,22643158,0.00004580,1377.58954987,1
1506930193,22643156,0.00004581,1075.39238853,1
1506930189,22643152,0.00004581,1025.62948133,1
1506930125,22643109,0.00004597,1039.95779856,0
1506930124,22643108,0.00004587,1223.49040000,0
1506929968,22643002,0.00004584,121.07395287,0
1506929706,22642847,0.00004579,18987.11738000,1
1506929569,22642783,0.00004579,38486.40897593,1
1506929569,22642781,0.00004580,3059.39402490,1
1506929569,22642779,0.00004580,14945.50499917,1
1506929559,22642769,0.00004579,709.59523500,1
1506929558,22642766,0.00004579,1148.54497535,1
1506929558,22642765,0.00004580,3380.80678423,1
1506929557,22642764,0.00004581,200.54600542,1
1506929481,22642688,0.00004582,50.00000000,1
1506929073,22642499,0.00004606,1204.44810000,0
1506929031,22642456,0.00004610,1348.03290000,0
1506929002,22642441,0.00004581,512.19578100,1
1506929001,22642440,0.00004607,1830.51334300,0
1506928999,22642439,0.00004579,444.19363044,1
1506928998,22642437,0.00004601,1211.03990000,0
1506928996,22642435,0.00004606,2846.19364988,0
1506928995,22642432,0.00004582,563.53038899,1
1506928990,22642431,0.00004603,0.00000019,1
1506928797,22642343,0.00004608,770.50164700,0
1506928647,22642273,0.00004611,2826.58322800,0
1506928647,22642272,0.00004608,1483.02560000,0
1506928530,22642170,0.00004618,1034.43793000,1
1506928238,22642005,0.00004625,1191.81440000,0
1506928238,22642004,0.00004622,1294.78587851,0
1506928207,22641985,0.00004625,2552.22924934,0
1506928207,22641984,0.00004622,845.67154366,0
1506928207,22641983,0.00004622,902.26407400,0
1506928206,22641982,0.00004616,1217.09180000,0
1506928193,22641965,0.00004603,1231.39439981,1
1506928193,22641963,0.00004612,98.33363817,1
1506928193,22641961,0.00004612,3503.31507902,1
1506928185,22641948,0.00004615,215.85895792,1
1506928184,22641946,0.00004618,2263.47566563,1
1506928177,22641930,0.00004615,1748.07450000,1
1506928171,22641900,0.00004635,2400.66020069,0
1506928163,22641862,0.00004645,2263.47566563,0
1506928162,22641855,0.00004612,1147.26318756,1
1506928162,22641853,0.00004612,489.70544000,1
1506928161,22641849,0.00004649,1635.79948012,0
1506928161,22641848,0.00004649,1317.23165188,1
1506928160,22641843,0.00004671,299.38949963,0
1506928160,22641839,0.00004649,9189.60162812,1
1506928159,22641837,0.00004662,2331.90996592,1
1506928158,22641831,0.00004671,6900.06412610,0
1506928158,22641829,0.00004649,50.00000000,0
1506928158,22641827,0.00004629,50.00000000,0
1506928158,22641826,0.00004619,60.00000000,0
1506928158,22641825,0.00004616,2195.02192470,0
1506928158,22641824,0.00004613,930.11565332,0
1506928157,22641821,0.00004612,4650.57826658,0
1506928157,22641819,0.00004611,2571.11743246,0
1506928153,22641793,0.00004608,1244.77610020,0
1506928073,22641751,0.00004605,489.34093376,0
1506928021,22641731,0.00004586,995.00000000,0
1506927769,22641582,0.00004588,200.00000000,1
1506927448,22641452,0.00004582,547.60000000,1
1506927371,22641423,0.00004581,2405.00560480,1
1506927172,22641374,0.00004605,125.68208469,0
1506927170,22641373,0.00004604,1201.06760000,0
1506926628,22641048,0.00004597,102.90000000,0
1506926628,22641047,0.00004597,61.10000000,0
1506926034,22640694,0.00004598,19899.72705524,0
1506926032,22640693,0.00004592,1211.10830000,0
1506926032,22640692,0.00004592,2429.40000000,0
1506926015,22640688,0.00004580,63.51279492,1
1506925997,22640686,0.00004579,60.00000000,1
1506925885,22640647,0.00004579,1808.00000000,1
1506925375,22640435,0.00004598,1208.25970000,0
1506925037,22640307,0.00004597,3762.59838360,1
1506925034,22640305,0.00004590,1207.01700000,0
1506925034,22640304,0.00004588,16702.80849198,0
1506925034,22640303,0.00004587,3866.82113442,0
1506924922,22640248,0.00004560,81.92030552,1
1506924922,22640246,0.00004561,579.45086710,0
1506924922,22640245,0.00004561,1706.42540000,0
1506924921,22640244,0.00004572,2893.99476597,0
1506924920,22640243,0.00004572,1930.40000000,1
1506924672,22640195,0.00004598,2978.25141365,0
1506924507,22640147,0.00004595,878.40685912,0
1506924507,22640146,0.00004595,2753.14261361,0
1506924507,22640145,0.00004595,1638.89168200,0
1506924501,22640140,0.00004591,1222.65400000,0
1506924321,22640084,0.00004580,30633.00000000,1
1506923639,22639846,0.00004613,320.00000000,0
1506923612,22639813,0.00004600,1226.54070000,0
1506923475,22639762,0.00004601,4037.16844164,0
1506923321,22639717,0.00004594,5426.98966200,1
1506923284,22639703,0.00004594,106.11763757,1
1506923129,22639660,0.00004615,439.20000000,0
1506923098,22639630,0.00004588,3000.00000000,1
1506923045,22639601,0.00004615,450.66413867,0
1506922922,22639532,0.00004586,300.00000000,1
1506922856,22639494,0.00004601,7342.00000000,1
1506922855,22639492,0.00004603,2540.94212734,1
1506922846,22639488,0.00004603,620.71000000,1
1506922845,22639485,0.00004604,147.96315081,1
1506922700,22639438,0.00004632,11433.75367012,1
1506922698,22639437,0.00004629,1272.78460000,0
1506921809,22639146,0.00004618,242.61199900,0
1506920442,22638827,0.00004627,1382.98158820,0
1506920442,22638826,0.00004616,2241.29803884,0
1506920442,22638825,0.00004616,4118.82842765,0
1506920345,22638785,0.00004625,451.55048648,0
1506919904,22638727,0.00004625,1129.82000000,0
1506919880,22638722,0.00004628,3447.29601900,0
1506919879,22638721,0.00004628,1215.49280000,0
1506919844,22638708,0.00004624,1199.36820000,0
1506919792,22638680,0.00004614,3000.00000000,1
1506919702,22638654,0.00004634,319.99892101,0
1506919043,22638480,0.00004633,8095.69004964,0
1506919043,22638479,0.00004633,1223.28720000,0
1506918791,22638411,0.00004634,175.00000000,1
1506918412,22638260,0.00004635,229.57281553,0
1506918292,22638200,0.00004625,13383.67215641,0
1506918291,22638199,0.00004625,4845.03182418,1
1506918291,22638198,0.00004627,3447.29601941,1
1506917282,22637939,0.00004647,373.50000000,0
1506917256,22637933,0.00004654,16211.81822088,1
1506917256,22637932,0.00004651,5750.03752518,0
1506917255,22637931,0.00004640,1196.85670000,0
1506917164,22637926,0.00004646,2963.47266465,0
1506917164,22637925,0.00004646,1210.34710000,1
1506917162,22637924,0.00004639,1195.17850000,0
1506916568,22637707,0.00004638,8111.08128503,0
1506916568,22637706,0.00004637,4221.48146281,0
1506916566,22637705,0.00004630,1216.87250000,0
1506915930,22637624,0.00004614,1594.51800000,1
1506915686,22637573,0.00004630,7947.43049081,0
1506915580,22637547,0.00004648,235.32723752,1
1506915188,22637461,0.00004654,82.79222174,0
1506914526,22637342,0.00004661,1124.35335764,0
1506914264,22637311,0.00004682,7060.76954293,1
1506914264,22637310,0.00004662,8656.31900000,0
1506914264,22637309,0.00004655,4431.01663879,0
1506914262,22637308,0.00004649,1221.34060000,0
1506914256,22637307,0.00004655,450.44124597,0
1506914159,22637273,0.00004663,886.66094788,0
1506913514,22637108,0.00004649,1225.26310000,0
1506913119,22637024,0.00004642,91.62063766,0
1506913019,22637013,0.00004650,6228.21397849,0
1506913018,22637011,0.00004649,944.00740567,0
1506913018,22637010,0.00004645,4720.03702834,0
1506913018,22637009,0.00004642,2427.84302885,0
1506913016,22637007,0.00004641,1201.29200000,0
1506912485,22636897,0.00004629,359.49594400,0
1506912420,22636883,0.00004634,588.53625377,0
1506912014,22636797,0.00004610,499.00000000,1
1506911958,22636769,0.00004629,3946.64398358,0
1506911957,22636768,0.00004625,1204.28050000,0
1506911454,22636507,0.00004630,3345.00000000,1
1506911264,22635952,0.00004638,1605.67593790,0
1506911251,22635949,0.00004641,1053.75888817,0
1506911249,22635948,0.00004634,1204.85980000,0
1506911182,22635937,0.00004635,3336.62144772,0
1506911181,22635936,0.00004631,1216.87370000,0
1506910763,22635739,0.00004638,20000.00000000,1
1506910404,22635651,0.00004637,1761.95350700,1
1506910396,22635650,0.00004636,3741.91234736,1
1506910215,22635628,0.00004653,132.39498226,1
1506910135,22635614,0.00004637,590.00000000,1
1506909623,22635529,0.00004655,3311.17486573,1
1506909621,22635528,0.00004654,1213.33840000,0
1506909319,22635473,0.00004656,2058.66365979,1
1506909318,22635472,0.00004649,1206.42470000,0
1506909085,22635413,0.00004650,620.71000000,1
1506909079,22635412,0.00004654,512.25590890,1
1506908423,22635221,0.00004659,958.00000000,1
1506907908,22635119,0.00004677,420.86123583,0
1506907514,22634904,0.00004680,1801.61165400,1
1506907481,22634892,0.00004680,2399.00015100,1
1506907433,22634859,0.00004680,11965.44378600,1
1506907411,22634855,0.00004680,1672.22573400,1
1506907405,22634854,0.00004680,4490.33532000,1
1506907395,22634852,0.00004680,2203.55227100,1
1506907340,22634845,0.00004680,5467.83108400,1
1506907120,22634796,0.00004681,12068.08797400,1
1506906983,22634746,0.00004695,1185.78440000,0
1506906771,22634680,0.00004705,4106.25170579,1
1506906246,22634474,0.00004720,4106.25170579,1
1506906246,22634473,0.00004720,2266.80000000,1
1506906245,22634472,0.00004720,1180.02400000,0
1506906245,22634471,0.00004718,3361.58658235,0
1506905798,22634052,0.00004735,2147.60759626,0
1506905798,22634051,0.00004734,212.01507319,0
1506905796,22634050,0.00004731,1171.03720000,0
1506904869,22633049,0.00004727,231.31166000,1
1506904775,22632952,0.00004731,413.19408148,0
1506904735,22632925,0.00004730,518.28347164,0
1506904690,22632912,0.00004734,588.30111742,1
1506904684,22632908,0.00004722,3354.11319293,0
1506904458,22632794,0.00004719,1200.24690000,0
1506904217,22632594,0.00004719,1189.67690000,0
1506904085,22632538,0.00004728,1122.42026226,0
1506903720,22632417,0.00004709,3175.97054100,0
1506903718,22632415,0.00004709,396.73776791,0
1506903718,22632414,0.00004708,3195.87584009,0
1506903686,22632364,0.00004704,5043.32905093,0
1506903686,22632362,0.00004702,9332.82473683,0
1506903648,22632347,0.00004682,846.92345300,0
1506903647,22632346,0.00004682,1413.51105500,0
1506903647,22632345,0.00004682,1679.04096000,0
1506903647,22632344,0.00004682,1462.52453200,0
1506903306,22632193,0.00004684,354.63914839,0
1506903270,22632183,0.00004689,96.78448214,0
1506903270,22632182,0.00004688,1191.58660000,0
1506903260,22632181,0.00004690,1069.44930032,1
1506903184,22632167,0.00004691,1105.86647861,0
1506903091,22632098,0.00004703,845.55428800,1
1506903087,22632094,0.00004704,1352.46544509,1
1506903048,22632062,0.00004704,1767.41039500,1
1506902803,22631797,0.00004723,3819.03901600,0
1506902536,22631638,0.00004742,2331.00000000,1
1506902536,22631637,0.00004742,1067.11090600,1
1506902532,22631635,0.00004744,3129.47869200,0
1506902505,22631622,0.00004746,997.87212400,0
1506902485,22631600,0.00004742,1155.58671400,1
