date,tid,price,amount,type
1506988595,22677987,0.17204,942.16454200,1
1506988594,22677981,0.17203,9026.64266800,1
1506988089,22677847,0.17329,1876.92110358,0
1506987848,22677740,0.17330,35463.36647432,0
1506987848,22677739,0.17322,3730.11607000,0
1506987848,22677738,0.17321,14866.50420000,0
1506987846,22677736,0.17270,61.00000000,0
1506987199,22677535,0.17157,1355.61588280,1
1506986762,22677469,0.17116,82.00000000,1
1506986640,22677444,0.17249,517.47336077,1
1506986638,22677443,0.17182,61.00000000,0
1506986371,22677386,0.17111,5815.94012084,1
1506986256,22677376,0.17104,99.05894007,1
1506986255,22677375,0.17104,421.28610327,1
1506986255,22677374,0.17104,583.19691300,1
1506986138,22677355,0.17200,289.97273256,0
1506986118,22677348,0.17399,15.95295301,1
1506986117,22677346,0.17399,988.53006326,1
1506986116,22677343,0.17407,317.87976101,1
1506986116,22677342,0.17143,3605.49738859,0
1506986114,22677341,0.17124,1892.56297124,0
1506986051,22677326,0.17124,221.18009810,0
1506986051,22677325,0.17114,1000.00000000,0
1506986049,22677319,0.17109,61.00000000,0
1506985951,22677251,0.17122,3586.68622500,1
1506985878,22677227,0.17122,11630.91265600,1
1506985877,22677225,0.17124,1351.65138000,0
1506985876,22677222,0.17122,15396.79745100,1
1506985876,22677220,0.17123,1532.87274427,1
1506985875,22677216,0.17123,8889.39890200,1
1506985871,22677203,0.17123,1219.70000000,1
1506985686,22677137,0.17120,581.94186050,1
1506985686,22677135,0.17122,57.04064946,1
1506985686,22677134,0.17139,99.01689959,1
1506985686,22677133,0.17150,581.63265310,1
1506985630,22677101,0.17178,0.00000007,1
1506985611,22677095,0.17178,9673.06847000,1
1506985599,22677085,0.17178,326.93152993,1
1506985599,22677084,0.17179,2356.32766000,1
1506985597,22677083,0.17190,1890.16161000,1
1506985593,22677077,0.17190,240.00000000,1
1506985592,22677076,0.17199,250.00000000,1
1506985592,22677075,0.17200,1000.00000000,1
1506985592,22677074,0.17200,1100.00000000,1
1506985592,22677073,0.17200,500.00000000,1
1506985587,22677064,0.17200,500.00000000,1
1506985587,22677063,0.17200,500.00000000,1
1506985584,22677055,0.17250,1466.21910173,1
1506985575,22677044,0.17295,450.00000000,1
1506985548,22677027,0.17300,2815.00000000,1
1506985531,22677017,0.17300,499.73474868,1
1506985529,22677013,0.17300,0.26525132,1
1506985528,22677012,0.17302,635.99583863,1
1506985528,22677011,0.17350,0.17991005,1
1506985527,22677006,0.17350,359.82008995,1
1506985519,22676995,0.17352,1826.35517900,1
1506985519,22676993,0.17360,100.00000000,1
1506985376,22676972,0.17388,4838.90672800,1
1506985295,22676934,0.17375,1000.00000000,1
1506985094,22676789,0.17375,500.00000000,1
1506985088,22676783,0.17375,1155.00000000,0
1506985053,22676767,0.17400,2866.37925300,1
1506984443,22676460,0.17489,607.82619114,1
1506984433,22676458,0.17489,2248.12300000,1
1506984114,22676358,0.17489,82.00000000,0
1506983900,22676226,0.17578,58.75995449,0
1506983834,22676201,0.17580,40.00000000,0
1506983671,22676070,0.17581,4916.35760195,0
1506983671,22676069,0.17570,298.26180000,0
1506983670,22676067,0.17550,3181.60580323,0
1506983670,22676066,0.17550,205.00000000,0
1506983670,22676065,0.17550,957.98344729,0
1506983670,22676064,0.17548,176.34205027,0
1506983669,22676061,0.17475,0.38985470,0
1506983579,22675998,0.17500,557.42614530,1
1506983413,22675950,0.17485,302.57385470,0
1506982918,22675765,0.17550,1267.48655271,0
1506982834,22675711,0.17547,444.93418000,0
1506982834,22675710,0.17545,3489.49438000,0
1506982807,22675707,0.17540,297.97388826,1
1506982805,22675706,0.17491,82.00000000,0
1506982770,22675695,0.17540,1706.11100342,0
1506982700,22675682,0.17482,5000.00000000,1
1506982453,22675505,0.17540,996.40820980,0
1506982452,22675504,0.17540,3054.49366180,0
1506982450,22675503,0.17534,500.00000000,0
1506982224,22675417,0.17516,2130.16161000,0
1506982224,22675415,0.17510,5518.29968369,0
1506982220,22675410,0.17510,977.81825000,0
1506982217,22675401,0.17510,3603.32918332,0
1506982217,22675399,0.17510,3010.87761653,0
1506982216,22675397,0.17510,240.00000000,0
1506982216,22675395,0.17510,422.07100339,0
1506982212,22675376,0.17510,2373.85953142,0
1506982125,22675339,0.17510,4863.68452312,0
1506982123,22675338,0.17508,151.00000000,0
1506981864,22675193,0.17450,488.77306591,0
1506981650,22675038,0.17450,11.22693409,0
1506981648,22675037,0.17426,46.00000000,0
1506981601,22675004,0.17450,36.00000000,1
1506981199,22674767,0.17510,284.83900628,0
1506981018,22674665,0.17509,1613.70072534,0
1506981016,22674664,0.17463,666.89360826,0
1506980980,22674649,0.17463,158.22550000,0
1506980731,22674539,0.17463,57.12111321,0
1506980722,22674536,0.17463,3315.50018000,0
1506980717,22674532,0.17463,57.12111321,0
1506980712,22674530,0.17463,53.51336764,0
1506980712,22674529,0.17463,828.72685336,0
1506980695,22674515,0.17464,0.48428006,1
1506980691,22674509,0.17464,1424.13701298,1
1506980688,22674502,0.17464,667.89748569,1
1506980685,22674498,0.17464,1118.36103640,1
1506980682,22674492,0.17464,2104.40773359,1
1506980681,22674489,0.17510,56.96778983,0
1506980680,22674486,0.17464,985.20134567,1
1506980676,22674481,0.17464,5292.92931216,1
1506980675,22674476,0.17510,56.96778983,0
1506980643,22674465,0.17464,144.00000000,0
1506980374,22674315,0.17508,626.71738634,0
1506980240,22674297,0.17509,56.97104346,0
1506980236,22674295,0.17404,1000.00000000,1
1506980153,22674271,0.17509,56.97104346,0
1506980151,22674270,0.17441,335.00000007,1
1506980079,22674172,0.17429,532.77500000,1
1506979927,22674142,0.17510,1006.68287509,0
1506979926,22674140,0.17509,1299.73620000,0
1506979867,22674129,0.17510,2419.26150770,0
1506979867,22674128,0.17502,11120.75525489,0
1506979867,22674127,0.17500,1000.00000000,0
1506979866,22674126,0.17494,1943.24203955,0
1506979866,22674125,0.17493,1287.06694893,0
1506979866,22674124,0.17492,1544.24103000,0
1506979866,22674123,0.17487,1194.69270000,1
1506979865,22674121,0.17487,2292.70729000,0
1506979595,22674054,0.17492,256.00000000,1
1506979411,22673891,0.17493,2334.01259800,0
1506979372,22673746,0.17493,3832.83879265,0
1506979370,22673736,0.17492,1213.78070000,0
1506979360,22673658,0.17492,30.00000000,0
1506979274,22673524,0.17421,1105.56206088,0
1506979273,22673523,0.17413,144.00000000,0
1506979103,22673480,0.17421,122.00000000,1
1506978985,22673410,0.17426,2580.00000000,0
1506978922,22673372,0.17493,2137.99805600,0
1506978905,22673365,0.17493,34.03331249,0
1506978805,22673322,0.17492,114.09626157,0
1506978758,22673303,0.17494,6038.42563164,0
1506978758,22673302,0.17493,3591.99188247,1
1506978756,22673301,0.17493,1203.63870000,0
1506978518,22673222,0.17494,570.19549559,0
1506978464,22673195,0.17494,28.50994627,0
1506978126,22673015,0.17494,726.81936663,0
1506978126,22673014,0.17450,272.89524356,0
1506978123,22673011,0.17494,444.95884303,0
1506978123,22673010,0.17493,1259.83303000,0
1506978121,22673009,0.17450,640.40898865,0
1506978112,22673007,0.17400,1087.23350472,0
1506978065,22672995,0.17400,2949.17829600,0
1506978040,22672987,0.17400,943.23350500,0
1506978040,22672986,0.17389,144.00000000,0
1506977998,22672972,0.17400,272.81745482,0
1506977996,22672971,0.17400,1207.23369700,0
1506977967,22672966,0.17400,57.32793103,0
1506977961,22672964,0.17400,325.00000000,0
1506977942,22672958,0.17400,360.55265400,0
1506977928,22672956,0.17400,200.00000000,0
1506977891,22672930,0.17365,75.00000000,1
1506977879,22672929,0.17363,50.00000000,1
1506977852,22672924,0.17361,50.00000000,1
1506977848,22672922,0.17361,50.00000000,1
1506977843,22672920,0.17400,8053.71161700,0
1506977829,22672918,0.17360,50.00000000,1
1506977796,22672907,0.17400,16934.80621400,0
1506977796,22672906,0.17399,1899.81470000,0
1506977753,22672894,0.17400,1000.00000000,0
1506977668,22672810,0.17399,1302.44942256,0
1506977668,22672809,0.17380,722.45206244,0
1506977592,22672786,0.17380,7097.97418700,0
1506977578,22672782,0.17380,57.39390104,0
1506977468,22672753,0.17380,2800.00000000,0
1506977455,22672751,0.17380,2416.79870000,0
1506977416,22672742,0.17380,213.04606700,0
1506977315,22672707,0.17380,1008.95270800,0
1506976827,22672449,0.17400,177.86212643,0
1506976825,22672447,0.17399,1828.92119522,0
1506976823,22672444,0.17399,1138.63325478,1
1506976821,22672442,0.17376,295.00000000,0
1506976735,22672382,0.17399,1129.82758620,0
1506976469,22672272,0.17400,241.03300000,0
1506976383,22672211,0.17399,2246.56420527,0
1506976107,22672047,0.17343,2380.84574761,1
1506976105,22672046,0.17352,819.15425239,1
1506976016,22671994,0.17399,154.62218000,1
1506976016,22671993,0.17376,237.50000000,0
1506975922,22671902,0.17352,180.84574761,1
1506975843,22671869,0.17400,929.00000000,1
1506975816,22671864,0.17400,71.00000000,1
1506975749,22671795,0.17425,57.50000000,0
1506975739,22671790,0.17450,0.32025135,1
1506975738,22671787,0.17450,499.67974865,1
1506975738,22671785,0.17460,140.72924000,1
1506975729,22671779,0.17477,1401.72370320,1
1506975713,22671775,0.17477,350.18629680,1
1506975713,22671774,0.17482,29.09481552,1
1506975710,22671770,0.17482,350.00000000,1
1506975698,22671761,0.17482,250.00000000,1
1506975673,22671747,0.17482,253.19059605,1
1506975652,22671730,0.17482,520.73963018,1
1506975650,22671728,0.17482,520.99994280,1
1506975552,22671693,0.17482,3583.38970530,1
1506975551,22671692,0.17482,4429.46094100,1
1506975549,22671690,0.17482,1480.39596500,1
1506975389,22671622,0.17500,176.98239139,1
1506975377,22671604,0.17500,1382.28201500,1
1506975320,22671573,0.17502,8260.21477545,1
1506975320,22671572,0.17502,8482.39699966,1
1506975281,22671559,0.17502,2922.01392481,1
1506975205,22671529,0.17503,2279.62343598,0
1506975144,22671459,0.17503,11403.75935554,1
1506975079,22671392,0.17510,318.32352941,0
1506975070,22671379,0.17510,766.07652769,0
1506974936,22671277,0.17510,56.93889206,0
1506974902,22671260,0.17510,5420.00000000,0
1506974758,22671162,0.17510,2598.51513421,0
1506974725,22671138,0.17503,450.00000000,0
1506974695,22671117,0.17500,9846.44987932,0
1506974663,22671111,0.17500,5153.55012068,0
1506974663,22671110,0.17500,500.00000000,0
1506974663,22671109,0.17500,48.65534155,0
1506974625,22671097,0.17500,151.34465845,0
1506974625,22671096,0.17500,1000.00000000,0
1506974624,22671095,0.17500,74.47142857,0
1506974624,22671094,0.17500,199.00000000,0
1506974624,22671093,0.17500,1000.00000000,0
1506974624,22671092,0.17500,1158.57361827,0
1506974622,22671087,0.17500,290.70177143,0
1506974592,22671052,0.17500,0.00000030,0
1506974592,22671051,0.17499,1484.84114000,0
1506974592,22671050,0.17488,422.22301070,0
1506974563,22671021,0.17488,237.77698930,0
1506974517,22670991,0.17477,457.95404124,0
1506974444,22670947,0.17477,50.56000000,0
1506974388,22670893,0.17477,104.80082394,0
1506974243,22670761,0.17460,1035.21108936,0
1506974242,22670760,0.17459,194.09905000,0
1506974242,22670759,0.17450,8484.20925564,0
1506974233,22670746,0.17450,22275.82243300,0
1506974167,22670688,0.17450,8129.89281863,0
1506974163,22670686,0.17450,5719.29656948,0
1506974107,22670637,0.17450,1390.77892325,0
1506974104,22670635,0.17450,35000.00000000,0
1506974086,22670585,0.17460,50000.00000000,0
1506974082,22670584,0.17460,49598.09999000,0
1506974082,22670583,0.17459,401.90001000,0
1506974057,22670564,0.17460,20000.00000000,0
1506974052,22670563,0.17460,19432.66738000,0
1506974052,22670562,0.17459,567.33262000,0
1506973988,22670542,0.17460,2297.29203894,0
1506973988,22670541,0.17459,690.54138000,0
1506973986,22670540,0.17428,1585.58738099,0
1506973853,22670466,0.17428,555.28482901,0
1506973851,22670465,0.17414,40.00000000,0
1506973782,22670435,0.17401,36.53000000,1
1506973610,22670379,0.17352,170.50789419,1
1506973605,22670372,0.17400,223.47319802,1
1506973589,22670369,0.17400,250.00000000,0
1506973588,22670368,0.17400,1000.00000000,0
1506973588,22670367,0.17400,400.00000000,0
1506973588,22670366,0.17400,8126.52680198,0
1506973541,22670331,0.17400,4436.15851450,0
1506973541,22670330,0.17400,421.00000000,0
1506973541,22670329,0.17400,5142.84148550,0
1506973519,22670317,0.17347,3150.00000000,1
1506973064,22670048,0.17400,304.00735632,0
1506973052,22670039,0.17400,304.26126017,0
1506972803,22669908,0.17400,1989.76762486,0
1506972803,22669906,0.17389,1841.48000000,0
1506972803,22669905,0.17364,0.00000014,0
1506972608,22669735,0.17364,3999.99999986,0
1506972608,22669734,0.17362,2931.05088000,0
1506972608,22669733,0.17351,100.00000000,0
1506972608,22669732,0.17351,1289.43531714,0
1506972420,22669613,0.17351,4909.47597000,0
1506972416,22669611,0.17351,46.90610799,0
1506972416,22669610,0.17330,773.65253527,0
1506972416,22669609,0.17321,1901.73630855,0
1506972416,22669608,0.17320,100.00000028,0
1506972416,22669607,0.17300,42.71603791,0
1506972052,22669372,0.17300,576.59317919,0
1506972021,22669343,0.17300,1736.54251700,0
1506971911,22669238,0.17233,2924.89517520,1
1506971909,22669236,0.17250,50.00000000,1
1506971850,22669187,0.17300,144.14826590,0
1506971640,22669077,0.17320,200.00000000,0
1506971585,22669062,0.17300,300.66965630,1
1506971492,22669009,0.17311,50.00000000,1
1506971433,22668981,0.17329,168.37855617,1
1506971433,22668980,0.17328,1733.53031000,0
1506971431,22668976,0.17321,1230.48940000,0
1506971222,22668830,0.17328,590.05297784,0
1506971158,22668793,0.17330,0.00000041,1
1506971158,22668792,0.17330,2950.98310000,1
1506971157,22668791,0.17315,99.01689959,0
1506971092,22668757,0.17336,57.53957084,0
1506970677,22668537,0.17340,1.80049472,1
1506970677,22668535,0.17340,998.19950528,1
1506970581,22668437,0.17309,150.54737000,0
1506970581,22668436,0.17307,7849.45263000,0
1506970550,22668392,0.17310,1000.00000000,1
1506970465,22668310,0.17280,3149.05908896,0
1506970426,22668289,0.17280,577.20277778,0
1506970278,22668218,0.17280,2000.00000000,1
1506970153,22668166,0.17342,1139.00317149,0
1506969865,22668080,0.17348,293.24884713,0
1506969851,22668073,0.17350,782.94927954,0
1506969851,22668072,0.17305,367.00000000,0
1506969596,22667911,0.17298,60.00000000,1
1506969540,22667904,0.17300,10.60160259,0
1506969474,22667883,0.17300,646.18640629,1
1506969331,22667854,0.17300,4331.64741228,1
1506969331,22667853,0.17301,1718.31750000,1
1506969330,22667852,0.17320,3950.03508772,1
1506969064,22667731,0.17320,1049.96491228,1
1506968992,22667721,0.17350,488.77361786,1
1506968803,22667640,0.17350,4144.22638214,1
1506968802,22667639,0.17325,367.00000000,0
1506968667,22667525,0.17300,16788.35386177,1
1506968540,22667468,0.17300,29.00000000,1
1506968481,22667425,0.17300,3642.44623370,1
1506968306,22667326,0.17300,2562.36608596,1
1506968305,22667325,0.17305,2237.82650000,1
1506968305,22667324,0.17306,5199.80741404,1
1506968178,22667227,0.17351,3500.00000000,0
1506968089,22667195,0.17351,4000.00000000,0
1506968087,22667192,0.17351,99.42855051,0
1506968010,22667174,0.17396,114.68222580,0
1506967856,22667027,0.17350,100.00000000,1
1506967693,22666892,0.17301,8487.79000000,1
1506967584,22666805,0.17398,314.39242901,0
1506967584,22666804,0.17390,307.60757099,0
1506967556,22666771,0.17397,307.57294999,1
1506967554,22666769,0.17390,839.45677911,0
1506967539,22666755,0.17304,561.43479065,1
1506967539,22666754,0.17389,21.56520935,1
1506967413,22666711,0.17399,839.37747910,0
1506967411,22666710,0.17390,307.34164699,0
1506967332,22666682,0.17389,1478.43479065,0
1506967290,22666671,0.17389,2.12650744,1
1506967287,22666668,0.17389,4252.97059256,1
1506967284,22666665,0.17389,744.90290000,0
1506967262,22666650,0.17389,5000.00000000,0
1506967247,22666646,0.17389,5000.00000000,0
1506967231,22666642,0.17389,3000.00000000,0
1506967211,22666631,0.17390,0.00007340,1
1506967209,22666624,0.17390,307.49534216,1
1506967207,22666623,0.17389,1325.50458444,0
1506967207,22666622,0.17342,367.00000000,0
1506967166,22666611,0.17390,1326.09108683,0
1506967165,22666610,0.17389,50.00000000,0
1506966978,22666432,0.17400,9058.03917505,0
1506966978,22666431,0.17400,1000.00000000,0
1506966977,22666430,0.17400,400.00000000,0
1506966977,22666429,0.17387,549.37902000,0
1506966977,22666428,0.17387,2746.89511000,0
1506966976,22666426,0.17320,583.77714050,0
1506966757,22666346,0.17300,576.59317919,0
1506966698,22666325,0.17300,287.17002364,0
1506966669,22666300,0.17300,554.90662300,0
1506966623,22666286,0.17372,34.45216440,0
1506966544,22666257,0.17396,1033.33908145,0
1506966543,22666254,0.17397,5764.35150439,0
1506966542,22666253,0.17391,1222.33280000,0
1506966542,22666252,0.17365,496.07040190,0
1506966542,22666251,0.17361,678.24571000,1
1506966541,22666250,0.17350,1172.95508274,0
1506966541,22666248,0.17350,5378.84000000,0
1506966541,22666246,0.17350,144.53000000,0
1506966541,22666245,0.17349,3391.22854000,1
1506966540,22666244,0.17341,2151.69104000,0
1506966540,22666243,0.17300,10000.00000000,0
1506966540,22666242,0.17299,639.35672514,0
1506966538,22666240,0.17295,450.00000000,0
1506966475,22666216,0.17251,488.06686620,0
1506966453,22666205,0.17238,143.00000000,0
1506966272,22666099,0.17251,511.93313380,1
1506966122,22666055,0.17251,1900.00000000,1
1506965788,22665846,0.17166,500.00000000,1
1506965788,22665844,0.17166,500.00000000,1
1506965786,22665842,0.17051,500.00000000,1
1506965786,22665840,0.17051,31066.19150995,1
1506965786,22665838,0.17080,1105.56206088,1
1506965786,22665837,0.17081,50.00000000,1
1506965785,22665836,0.17090,450.00000000,1
1506965785,22665835,0.17090,5620.20000000,0
1506965785,22665834,0.17090,458.16276403,0
1506965785,22665831,0.17100,1000.00000000,1
1506965784,22665830,0.17100,7850.00000000,1
1506965784,22665829,0.17100,639.35672514,1
1506965784,22665828,0.17101,15568.03713000,0
1506965784,22665826,0.17147,60.00000000,1
1506965783,22665825,0.17182,1602.19462000,1
1506965783,22665824,0.17218,1688.09000000,1
1506965783,22665823,0.17248,7987.17719000,1
1506965781,22665822,0.17249,70855.02800000,1
1506965489,22665685,0.17340,575.25951557,0
1506965169,22665484,0.17328,800.00000000,0
1506965130,22665466,0.17329,1373.38930000,0
1506965130,22665464,0.17327,1226.61070000,0
1506965106,22665445,0.17329,2935.03281000,0
1506965106,22665444,0.17328,3064.96719000,0
1506965096,22665434,0.17328,28.78306787,0
1506965078,22665429,0.17330,81602.42065781,0
1506965078,22665428,0.17325,1000.00000000,0
1506965078,22665427,0.17325,26904.61825103,0
1506965077,22665426,0.17324,3646.95981000,0
1506965077,22665425,0.17324,60.00000000,0
1506965077,22665424,0.17324,2000.00000000,0
1506965077,22665423,0.17324,2000.00000000,0
1506965077,22665422,0.17324,551.26114264,0
1506965077,22665421,0.17320,100.00000000,0
1506965075,22665420,0.17293,143.00000000,0
1506964865,22665308,0.17246,3089.21715200,0
1506964865,22665307,0.17246,1796.89600000,1
1506964674,22665139,0.17323,272.36644923,0
1506964447,22665007,0.17324,287.89719464,0
1506964408,22665000,0.17247,8214.81992181,1
1506964406,22664996,0.17270,505.18007819,1
1506964259,22664900,0.17324,1160.84166272,0
1506964257,22664899,0.17298,143.00000000,0
1506963951,22664748,0.17270,250.00000000,1
1506963511,22664576,0.17325,5000.00000000,0
1506963500,22664570,0.17325,2000.00000000,0
1506963482,22664558,0.17325,2000.00000000,0
1506963446,22664538,0.17325,12477.80658008,0
1506963444,22664530,0.17324,79.54916000,0
1506963357,22664505,0.17323,1000.00000000,0
1506963112,22664395,0.17325,12580.78105496,1
1506962970,22664347,0.17315,444.84304640,0
1506962941,22664330,0.17280,89.00000000,0
1506962765,22664258,0.17280,1911.00000000,0
1506962765,22664256,0.17275,89.00000000,0
1506962521,22664115,0.17280,1271.85284000,1
1506962519,22664113,0.17300,119.14716000,1
1506962248,22663997,0.17300,250.00000000,0
1506962248,22663996,0.17300,1737.20776186,0
1506962235,22663988,0.17300,119.14716000,0
1506962222,22663976,0.17300,119.14716000,0
1506962209,22663964,0.17300,119.14716000,0
1506962196,22663954,0.17300,119.14716000,0
1506962182,22663947,0.17300,119.14716000,0
1506962173,22663937,0.17300,5056.22902000,0
1506962169,22663935,0.17300,119.14716000,0
1506962156,22663930,0.17300,119.14716000,0
1506962147,22663929,0.17300,1200.00000000,0
1506962142,22663926,0.17300,119.14716000,0
1506962129,22663920,0.17300,119.14716000,0
1506962127,22663919,0.17300,576.59317919,0
1506962126,22663918,0.17300,500.00000000,0
1506962116,22663916,0.17300,119.14716000,0
1506962115,22663915,0.17300,748.00000000,0
1506962103,22663910,0.17300,119.14716000,0
1506962103,22663908,0.17300,700.00000000,0
1506962091,22663894,0.17300,1000.00000000,0
1506962090,22663892,0.17300,119.14716000,0
1506962082,22663885,0.17300,500.00000000,0
1506962077,22663884,0.17300,119.14716000,0
1506962068,22663871,0.17300,1000.00000000,0
1506962064,22663868,0.17300,100.00000000,0
1506962063,22663866,0.17300,119.14716000,0
1506962050,22663861,0.17300,119.14716000,0
1506962037,22663858,0.17300,119.14716000,0
1506962031,22663857,0.17300,10000.00000000,0
1506962024,22663855,0.17300,119.14716000,0
1506962019,22663854,0.17300,2000.00000000,0
1506962010,22663852,0.17300,119.14716000,0
1506961997,22663848,0.17300,119.14716000,0
1506961984,22663845,0.17300,119.14716000,0
1506961971,22663832,0.17300,119.14716000,0
1506961958,22663827,0.17300,119.14716000,0
1506961944,22663813,0.17300,119.14716000,0
1506961928,22663802,0.17300,25000.00000000,0
1506961892,22663740,0.17300,154.92167000,0
1506961879,22663733,0.17300,196.65840000,0
1506961813,22663704,0.17300,319.47282000,0
1506961800,22663693,0.17300,405.54052000,0
1506961720,22663655,0.17300,576.01444000,0
1506961631,22663601,0.17299,523.74593887,0
1506961631,22663600,0.17299,635.27336860,0
1506961620,22663595,0.17270,0.00000403,0
1506961619,22663589,0.17270,754.89880000,0
1506961617,22663581,0.17270,2179.57474200,0
1506961409,22663503,0.17270,942.23039954,0
1506961270,22663414,0.17252,2270.21143731,0
1506961214,22663394,0.17252,3911.00000000,0
1506961214,22663393,0.17251,89.00000000,0
1506961154,22663313,0.17250,228.56903055,1
1506961127,22663301,0.17250,607.99309105,0
1506961011,22663239,0.17250,2313.05791304,0
1506960787,22663142,0.17250,5782.64481159,0
1506960750,22663128,0.17198,110.29411700,1
1506960682,22663105,0.17250,2174.67645704,0
1506960680,22663103,0.17248,716.65301000,0
1506960678,22663102,0.17197,332.00000000,1
1506960676,22663100,0.17205,221.00000000,1
1506960457,22662983,0.17197,89.00000000,0
1506960261,22662915,0.17144,500.00000000,1
1506960111,22662848,0.17157,6882.45684900,1
1506960026,22662817,0.17144,7270.08730000,1
1506960026,22662816,0.17145,1630.83970000,1
1506960025,22662815,0.17200,272.07300000,1
1506960012,22662802,0.17200,72.92700000,1
1506959871,22662722,0.17237,5786.96989035,0
1506959727,22662639,0.17248,200.00000000,0
1506959592,22662589,0.17238,1157.26886036,0
1506959462,22662525,0.17228,1518.41397724,0
1506959461,22662522,0.17222,1377.08020000,0
1506959291,22662356,0.17238,51.55242000,1
1506959239,22662270,0.17238,867.96612135,0
1506959204,22662248,0.17236,307.00000000,1
1506958849,22662011,0.17240,2314.38515081,0
1506958827,22661993,0.17245,385.14000000,0
1506958816,22661990,0.17237,578.53000000,0
1506958808,22661986,0.17242,383.53000000,1
1506958807,22661985,0.17195,195.00000000,0
1506958798,22661982,0.17243,578.46000000,0
1506958790,22661981,0.17243,578.43000000,0
1506958782,22661978,0.17243,578.39000000,0
1506958757,22661972,0.17236,578.63000000,0
1506958733,22661959,0.17232,578.80000000,0
1506958724,22661953,0.17233,528.83000000,1
1506958716,22661948,0.17230,50.00000000,0
1506958676,22661925,0.17233,578.80000000,0
1506958665,22661924,0.17233,578.76000000,0
1506958656,22661920,0.17234,578.76000000,0
1506958637,22661912,0.17233,578.80000000,0
1506958627,22661908,0.17231,148.74256949,0
1506958627,22661906,0.17225,430.05743051,0
1506958617,22661901,0.17227,578.83000000,0
1506958608,22661891,0.17233,578.80000000,0
1506958600,22661889,0.17228,578.80000000,0
1506958598,22661888,0.17228,578.80000000,0
1506958595,22661887,0.17228,578.80000000,0
1506958520,22661843,0.17221,579.10000000,0
1506958513,22661841,0.17223,579.10000000,0
1506958496,22661837,0.17226,579.00000000,0
1506958455,22661803,0.17229,1997.56679900,0
1506958410,22661784,0.17153,3263.18173980,1
1506958402,22661778,0.17235,578.76000000,0
1506958397,22661773,0.17149,2919.81730000,0
1506958396,22661771,0.17149,2080.18270000,1
1506958368,22661712,0.17144,900.00000000,1
1506958356,22661708,0.17145,1000.00000000,0
1506958355,22661706,0.17145,1000.00000000,1
1506958336,22661697,0.17143,1000.00000000,1
1506958319,22661684,0.17145,900.00000000,1
1506958305,22661673,0.17225,579.00000000,0
1506958304,22661668,0.17141,1500.00000000,1
1506958273,22661655,0.17143,1249.09977000,0
1506958273,22661653,0.17144,650.90023000,0
1506958264,22661648,0.17232,578.76000000,0
1506958262,22661647,0.17225,578.76000000,0
1506958247,22661641,0.17142,2050.00000000,1
1506958211,22661632,0.17136,1886.00000000,1
1506958187,22661610,0.17129,1985.00000000,1
1506958182,22661605,0.17229,578.90000000,0
1506958174,22661598,0.17229,578.83000000,0
1506958132,22661581,0.17232,478.76000000,0
1506958132,22661580,0.17223,100.00000000,0
1506958041,22661561,0.17265,127.20532869,0
1506958001,22661524,0.17147,10000.00000000,1
1506957922,22661502,0.17181,1759.95560000,1
1506957920,22661499,0.17231,0.04440000,1
1506957880,22661482,0.17231,350.00000000,1
1506957863,22661474,0.17231,165.00000000,0
1506957844,22661470,0.17179,1399.62548210,1
1506957842,22661467,0.17193,0.37451790,1
1506957801,22661454,0.17235,30.00000000,0
1506957591,22661359,0.17296,45.56134366,0
1506957556,22661349,0.17293,131.19804151,0
1506957555,22661348,0.17287,157.23909687,0
1506957524,22661334,0.17193,242.00000000,1
1506957342,22661272,0.17194,92.24821651,0
1506957341,22661268,0.17194,253.99236222,0
1506957099,22661210,0.17200,653.75942127,1
1506956748,22661021,0.17194,1000.00000000,1
1506956695,22660971,0.17179,264.99914510,0
1506956695,22660970,0.17179,5709.43217000,1
1506956684,22660961,0.17287,1297.34574683,0
1506956675,22660943,0.17159,2835.63281500,0
1506956673,22660941,0.17174,91.50000000,1
1506956550,22660860,0.17293,576.82657723,0
1506956460,22660799,0.17237,706.02158262,0
1506956460,22660798,0.17236,2511.97841738,0
1506956450,22660788,0.17240,214.00000000,0
1506956444,22660786,0.17177,195.00000000,0
1506956362,22660756,0.17236,1026.23967600,0
1506956337,22660744,0.17248,2891.65764147,0
1506956233,22660650,0.17200,3001.54197192,1
1506956232,22660649,0.17200,6500.00000000,1
1506956232,22660647,0.17201,12238.09872000,1
1506956098,22660561,0.17201,3709.24800000,1
1506955921,22660501,0.17203,9407.57363200,1
1506955921,22660500,0.17230,1000.00000000,1
1506955919,22660498,0.17250,1208.52920000,1
1506955912,22660482,0.17315,247.28524400,0
1506955910,22660470,0.17310,1654.30161756,0
1506955893,22660467,0.17310,345.69838244,0
1506955809,22660433,0.17331,1151.12365126,0
1506955568,22660313,0.17331,5219.72344354,0
1506955566,22660312,0.17326,276.97209316,0
1506955523,22660291,0.17320,397.38989607,0
1506955367,22660235,0.17326,115.14556158,0
1506955363,22660234,0.17326,54.47137250,0
1506955363,22660233,0.17310,1743.22981366,0
1506955363,22660232,0.17308,570.87845000,0
1506955362,22660230,0.17250,616.60070967,0
1506955362,22660227,0.17250,9355.76488103,0
1506955362,22660226,0.17242,2854.39223000,0
1506955361,22660225,0.17240,12928.89371000,0
1506955207,22660165,0.17240,1006.44501160,0
1506955205,22660164,0.17212,151.00000000,0
1506955025,22660069,0.17246,2000.00000000,0
1506955002,22660049,0.17249,3324.49538947,1
1506955001,22660046,0.17249,3978.94249100,1
1506954999,22660035,0.17250,616.90904000,1
1506954996,22660026,0.17250,9951.92612758,1
1506954993,22660020,0.17250,5381.79563408,1
1506954989,22660017,0.17265,2000.00000000,1
1506954881,22659910,0.17329,958.92226902,0
1506954879,22659909,0.17326,710.52268000,0
1506954840,22659887,0.17329,43.17208148,0
1506954812,22659873,0.17329,288.44397634,0
1506954805,22659865,0.17250,1039.31317600,1
1506954793,22659858,0.17329,1037.39396387,0
1506954787,22659857,0.17329,1151.36476426,0
1506954758,22659843,0.17295,1170.69528766,1
1506954756,22659840,0.17295,450.00000000,0
1506954669,22659765,0.17249,491.00000000,0
1506954628,22659738,0.17249,2859.22099832,0
1506954546,22659604,0.17284,946.74543485,0
1506954546,22659603,0.17253,2162.61978000,0
1506954545,22659602,0.17250,199.00000000,0
1506954545,22659601,0.17250,3350.00000000,0
1506954545,22659600,0.17250,440.00000000,0
1506954545,22659599,0.17250,199.98352084,0
1506954545,22659598,0.17250,0.01647916,0
1506954545,22659597,0.17207,90.00000000,0
1506954543,22659595,0.17200,2000.00000000,0
1506954543,22659594,0.17200,2186.73795582,0
1506954270,22659458,0.17200,6443.67505697,0
1506954270,22659457,0.17199,1083.96411786,0
1506954268,22659456,0.17198,2968.14903000,0
1506954268,22659455,0.17198,1103.52733686,0
1506954124,22659363,0.17193,1518.83454122,1
1506954121,22659358,0.17196,5800.76762037,0
1506954106,22659356,0.17143,151.00000000,0
1506953999,22659295,0.17189,435.22019896,0
1506953979,22659289,0.17113,10000.00000000,1
1506953945,22659276,0.17105,147.20658296,1
1506953727,22659182,0.17130,131.80621037,1
1506953156,22658786,0.17150,50.00000000,1
1506953155,22658785,0.17150,2379.94897743,1
1506953075,22658753,0.17150,6000.00000000,1
1506952998,22658712,0.17181,7808.85862289,1
1506952998,22658711,0.17181,2662.46629406,1
1506952852,22658603,0.17181,6747.03658702,0
1506952852,22658602,0.17166,151.00000000,0
1506952739,22658310,0.17181,1614.67602083,0
1506952735,22658305,0.17181,2322.33280949,0
1506952647,22658275,0.17181,2411.58278719,0
1506952529,22658222,0.17150,2228.44276100,1
1506952375,22658186,0.17180,348.32675630,0
1506952210,22658167,0.17180,344.34377182,0
1506952208,22658166,0.17151,2301.36474600,0
1506951847,22658012,0.17151,199.78036266,0
1506951718,22657967,0.17151,58.13072124,0
1506951711,22657961,0.17151,280.00000000,0
1506951711,22657960,0.17051,30.00000000,1
1506951665,22657946,0.17152,25390.17829000,0
1506951664,22657945,0.17151,4755.24224000,0
1506951664,22657944,0.17150,817.57947000,0
1506951664,22657942,0.17100,37.00000000,0
1506951634,22657927,0.17100,80.00000000,0
1506951573,22657899,0.17050,30.00000000,1
1506951543,22657879,0.17142,50.00000000,0
1506951540,22657876,0.17140,5857.72012759,0
1506951473,22657852,0.17143,601.07559937,0
1506951220,22657695,0.17053,953.00000000,1
1506951171,22657669,0.17149,973.11796606,0
1506951164,22657667,0.17051,6473.60000000,1
1506951080,22657633,0.17150,2482.42053000,0
1506951078,22657632,0.17149,3317.57947000,0
1506950937,22657580,0.17111,1225.76549971,0
1506950937,22657579,0.17080,1631.57742329,0
1506950853,22657502,0.17080,780.75000000,0
1506950852,22657501,0.17065,117.00000000,0
1506950340,22657178,0.17080,1202.49690000,1
1506950224,22657122,0.17109,7000.00000000,0
1506950104,22657050,0.17124,1000.00000000,0
1506949841,22656902,0.17136,291.02474323,0
1506949717,22656845,0.17109,2258.35197849,0
1506949716,22656843,0.17108,1239.90120000,0
1506949416,22656744,0.17160,34227.53403263,0
1506949416,22656743,0.17156,994.76769000,0
1506949416,22656741,0.17100,2925.00000000,0
1506949416,22656740,0.17100,350.00000000,0
1506949415,22656739,0.17091,1237.87040000,0
1506949415,22656738,0.17086,4973.83843000,0
1506949413,22656736,0.17085,14195.76311000,0
1506949367,22656728,0.17077,1963.59761328,0
1506949358,22656724,0.17050,546.68847737,0
1506949264,22656630,0.17050,584.39000000,0
1506949262,22656620,0.17050,381.38999962,0
1506949261,22656619,0.17033,203.00000038,0
1506949202,22656559,0.17033,641.87839000,0
1506949202,22656558,0.17012,203.00000000,0
1506949188,22656554,0.17033,585.42000000,0
1506948810,22656320,0.16993,293.50503148,0
1506948762,22656295,0.17031,1240.65915096,0
1506948760,22656294,0.16990,2866.14304052,0
1506948645,22656224,0.16935,3341.78302100,1
1506948645,22656223,0.16936,3357.34544000,1
1506948644,22656221,0.16936,2195.03790000,1
1506948626,22656201,0.16990,3597.30464373,0
1506948549,22656125,0.16990,3536.55231575,0
1506948549,22656124,0.16989,2334.58500032,0
1506948520,22656109,0.16998,293.38745734,0
1506948358,22656037,0.16999,300.00000000,0
1506948151,22655925,0.16930,4612.88003500,1
1506948151,22655924,0.16931,4099.94300000,1
1506948150,22655923,0.16932,1675.18830000,1
1506948150,22655922,0.16932,9462.17118000,1
1506948086,22655818,0.16932,505.45331316,1
1506948086,22655817,0.16932,1933.06627184,1
1506948063,22655788,0.16934,1583.62750000,1
1506948063,22655787,0.16937,176.68418256,1
1506948062,22655786,0.16950,301.22681029,1
1506948020,22655708,0.17050,1513.22473020,1
1506948020,22655705,0.17017,203.00000000,0
1506947889,22655520,0.17090,58.36781744,0
1506947871,22655459,0.16964,1000.00000000,1
1506947719,22655160,0.17109,2332.12046291,0
1506947709,22655151,0.17050,2072.31806452,1
1506947645,22655094,0.17074,2879.81882107,0
1506947420,22654957,0.17059,584.73896477,0
1506947417,22654955,0.17050,27.68193548,0
1506947294,22654834,0.17050,222.31806452,0
1506947142,22654721,0.17049,1778.09354601,0
1506947141,22654720,0.17047,4073.16731000,0
1506947098,22654668,0.17049,1117.09155962,0
1506947097,22654667,0.17029,2981.98024833,1
1506947058,22654659,0.16952,667.00000000,1
1506947043,22654650,0.16948,987.00000000,1
1506947017,22654616,0.16942,674.00000000,1
1506946982,22654568,0.17028,1464.47028423,0
1506946974,22654566,0.17028,29.29016913,0
1506946865,22654497,0.17045,600.21080968,0
1506946865,22654496,0.17045,5049.55264000,0
1506946864,22654495,0.16994,203.00000000,0
1506946800,22654470,0.16941,69.81003000,1
1506946799,22654469,0.16941,1000.80000000,1
1506946439,22654104,0.17046,2824.16410577,0
1506946437,22654103,0.17000,818.28212800,0
1506946354,22654022,0.17004,1173.00000000,0
1506946333,22654011,0.17013,205.21195556,0
1506946283,22653980,0.16965,1174.60401000,1
1506946124,22653922,0.16965,1.00000000,1
1506946124,22653921,0.16981,100.00000000,1
1506946082,22653897,0.16982,146.84754446,0
1506945761,22653692,0.16981,238.54873000,0
1506945748,22653682,0.16985,500.00000000,0
1506945735,22653630,0.16988,2502.45127000,0
1506945705,22653597,0.16990,133.18996314,1
1506945703,22653594,0.16990,2092.27499686,1
1506945702,22653593,0.16992,296.63053624,1
1506945667,22653563,0.16992,3703.36946376,1
1506945666,22653559,0.17000,100.00000000,1
1506945665,22653557,0.17000,4896.63053624,1
1506945651,22653549,0.17000,3418.52002600,1
1506945647,22653543,0.17000,3418.52002600,1
1506945639,22653540,0.17000,2.80000000,1
1506945639,22653539,0.17003,4000.00000000,1
1506945567,22653485,0.17040,1757.06745898,1
1506945549,22653471,0.17040,3.87374102,1
1506945549,22653470,0.17049,5536.76625898,1
1506945540,22653466,0.17050,253.19031400,1
1506945479,22653420,0.17050,5536.76625900,1
1506945478,22653418,0.17049,2077.63927800,1
1506945453,22653396,0.17089,350.22745626,0
1506945287,22653248,0.17103,408.26422265,0
1506945198,22653182,0.17050,1729.06680520,1
1506945198,22653181,0.17050,21.71078580,1
1506945194,22653177,0.17050,189.23709687,1
1506945185,22653176,0.17120,2913.27751168,0
1506945165,22653157,0.17050,400.00000000,1
1506945077,22653092,0.17133,385.98052693,1
1506945076,22653091,0.17133,1212.12430000,0
1506945050,22653058,0.17135,50.00000000,1
1506945020,22652993,0.17129,291.17467453,0
1506944874,22652903,0.17050,2314.05211733,1
1506944874,22652902,0.17050,1000.00000000,1
1506944872,22652901,0.17057,459.94929957,1
1506944786,22652873,0.17062,348.81363800,1
1506944731,22652810,0.17064,5285.18035200,1
1506944705,22652735,0.17146,68.71958474,0
1506944705,22652733,0.17146,163.98915199,0
1506944703,22652715,0.17060,3654.80884850,1
1506944616,22652649,0.17057,40.05070043,1
1506944616,22652648,0.17060,70.00000000,1
1506944614,22652644,0.17061,2964.94929957,1
1506944586,22652611,0.17168,7985.13344262,1
1506944586,22652608,0.17168,40009.54800000,1
1506944586,22652607,0.17168,1176.85277985,1
1506944585,22652604,0.17168,8632.28684000,0
1506944575,22652593,0.17062,3644.26867100,1
1506944573,22652592,0.17061,7648.20543100,1
1506944567,22652588,0.17061,993.03811600,0
1506944566,22652586,0.17151,627.53382237,0
1506944566,22652585,0.17151,163.71377763,0
1506944535,22652546,0.17155,174.43998834,0
1506944473,22652490,0.17124,2948.96586600,1
1506944461,22652480,0.17124,124.03413400,1
1506944450,22652474,0.17112,277.00000000,0
1506944250,22652334,0.17154,1358.61619476,1
1506944249,22652332,0.17154,1475.88305000,0
1506944158,22652279,0.17062,1475.91680800,1
1506944156,22652278,0.17085,1160.68319200,1
1506944141,22652270,0.17100,6000.00000000,0
1506944077,22652241,0.17172,3614.94343000,0
1506944077,22652240,0.17172,1223.84940000,0
1506943957,22652185,0.17176,51.80338845,0
1506943943,22652177,0.17085,299.73400510,1
1506943932,22652169,0.17200,3089.73755813,0
1506943932,22652168,0.17198,5000.00000000,0
1506943932,22652167,0.17195,5000.00000000,0
1506943931,22652162,0.17181,4294.98230000,0
1506943931,22652161,0.17181,1210.64960000,0
1506943901,22652150,0.17134,2502.45126600,1
1506943901,22652149,0.17151,285.00000000,1
1506943877,22652129,0.17184,3000.00000000,0
1506943272,22651813,0.17134,593.88222248,0
1506943249,22651803,0.17095,277.00000000,0
1506943152,22651726,0.17149,1459.36064493,1
1506943151,22651725,0.17149,1448.91389000,0
1506943081,22651706,0.17096,583.46981750,0
1506943038,22651677,0.17093,10000.00000000,0
1506943002,22651665,0.17002,12032.85162994,1
1506943001,22651664,0.17003,2422.75490000,1
1506942842,22651514,0.17081,87.59785727,0
1506942806,22651505,0.17081,434.95752000,0
1506942804,22651504,0.17079,1075.04248000,0
1506942631,22651399,0.17095,34.42690845,0
1506942628,22651398,0.17095,291.75378766,0
1506942446,22651368,0.17093,3055.00000000,0
1506942035,22651223,0.17087,3954.68461403,0
1506942035,22651222,0.17061,1024.89085157,0
1506942033,22651221,0.17026,277.00000000,0
1506942000,22651103,0.16990,144.53504000,1
1506942000,22651101,0.16995,40.00000000,1
1506941556,22650873,0.17074,1000.00000000,0
1506941238,22650629,0.17082,291.94473715,0
1506941207,22650599,0.17018,351.62786508,0
1506940919,22650395,0.17054,292.45520113,0
1506940885,22650381,0.16991,92.46495203,0
1506940531,22650224,0.17043,5852.87936396,0
1506940395,22650165,0.16932,229.55350816,1
1506940395,22650164,0.16932,270.44649184,1
1506940391,22650162,0.16946,1982.88018000,0
1506940391,22650161,0.16946,3177.29840000,0
1506940389,22650159,0.16954,13839.82142000,1
1506940372,22650144,0.16954,1600.00000000,1
1506940256,22650104,0.17000,894.10818617,1
1506940253,22650100,0.17002,894.10818600,1
1506940131,22649978,0.17054,300.00000000,0
1506940046,22649931,0.17065,3654.80884852,0
1506939800,22649762,0.17034,585.59351884,0
1506939772,22649751,0.17046,11703.69858031,0
1506939764,22649747,0.16981,2732.11819995,1
1506939764,22649745,0.17000,12000.00000000,1
1506939764,22649744,0.17000,2090.34081305,1
1506939706,22649708,0.17000,1209.65918695,1
1506939706,22649707,0.17000,1747.51467205,1
1506939706,22649706,0.17000,1186.25003384,1
1506939706,22649705,0.17000,18147.89588616,1
1506939706,22649704,0.17001,2395.68860000,1
1506939706,22649703,0.17002,335.00000000,1
1506939705,22649702,0.17003,5000.00000000,1
1506939705,22649701,0.17004,15777.12926000,1
1506939650,22649654,0.17005,100.00000000,1
1506939604,22649618,0.17054,262.11466711,0
1506939491,22649559,0.17124,13630.76950567,1
1506939491,22649557,0.17124,4030.09769914,1
1506939490,22649556,0.17124,13212.66141000,0
1506939407,22649494,0.17001,4589.25275400,1
1506939407,22649493,0.17001,1463.00000000,1
1506939373,22649473,0.17075,2950.16480234,0
1506939345,22649460,0.17001,142.83070000,1
1506939343,22649456,0.17004,2826.16930000,1
1506939320,22649442,0.17074,500.00000000,0
1506939304,22649415,0.17079,1168.10117688,0
1506939131,22649308,0.17001,300.00000000,1
1506939083,22649280,0.17000,4600.21332100,1
1506939075,22649274,0.17000,7907.59776600,1
1506939053,22649249,0.17051,5850.09676851,0
1506938972,22649206,0.17051,98.30626977,0
1506938964,22649205,0.17000,2559.23906000,1
1506938921,22649174,0.17000,1006.26223700,1
1506938921,22649173,0.17001,1704.28276000,1
1506938851,22649113,0.17000,1766.83271500,1
1506938846,22649112,0.17057,800.00000000,0
1506938822,22649103,0.17079,891.40031617,1
1506938821,22649099,0.17043,277.00000000,0
1506938819,22649097,0.17000,5102.73975800,1
1506938789,22649085,0.17000,53815.78582000,1
1506938789,22649084,0.17001,5361.54050000,1
1506938789,22649083,0.17005,2141.69640000,1
1506938789,22649082,0.17005,2969.00000000,1
1506938788,22649081,0.17006,12866.76128000,1
1506938382,22648719,0.17056,2927.12898687,0
1506938357,22648701,0.17001,3030.67735020,1
1506938226,22648629,0.17114,145.67021152,0
1506937965,22648420,0.17071,12837.78716011,0
1506937813,22648328,0.17006,2000.00000000,1
1506937734,22648289,0.17000,5846.99797500,1
1506937734,22648288,0.17001,50.00000000,1
1506937734,22648287,0.17006,2693.58500000,1
1506937734,22648286,0.17007,2214.09945000,1
1506937734,22648285,0.17007,3408.50000000,1
1506937720,22648272,0.17089,291.85622330,0
1506937644,22648172,0.17092,3000.00000000,1
1506937622,22648146,0.17003,1249.28036500,1
1506937336,22647534,0.17092,290.00000000,0
1506937225,22647259,0.17112,813.32164562,0
1506937223,22647258,0.17058,225.00000000,0
1506937202,22647169,0.17004,1465.38159468,1
1506937200,22647167,0.17004,149.24198000,1
1506937160,22647142,0.17002,888.00000000,1
1506937151,22647141,0.17087,583.78076901,0
1506936980,22647042,0.17066,584.49548810,0
1506936958,22647012,0.17001,500.00000000,0
1506936956,22647008,0.17001,500.00000000,1
1506936953,22647006,0.17000,74916.43546184,1
1506936953,22647005,0.17000,200.00000000,1
1506936953,22647004,0.17000,104.00000000,1
1506936953,22647003,0.17000,200.00000000,1
1506936953,22647002,0.17010,635.27336860,1
1506936953,22647001,0.17010,1103.52733686,1
1506936952,22647000,0.17013,1710.62250000,1
1506936952,22646999,0.17018,2151.69104000,1
1506936952,22646998,0.17030,499.02592465,1
1506936952,22646997,0.17030,157.14462205,1
1506936938,22646977,0.17090,450.00000000,1
1506936929,22646970,0.17100,1445.51383300,1
1506936927,22646969,0.17100,4905.84952500,1
1506936927,22646968,0.17100,28639.43764400,1
1506936927,22646967,0.17100,913.60158400,1
1506936899,22646942,0.17100,11599.78346200,1
1506936899,22646941,0.17100,1610.43145600,1
1506936899,22646940,0.17100,3750.00000000,1
1506936899,22646939,0.17100,1646.40498705,1
1506936899,22646938,0.17100,1161.45659995,1
1506936897,22646936,0.17100,39.84340005,1
1506936897,22646935,0.17100,3710.15659995,1
1506936896,22646934,0.17100,2359.84340005,1
1506936896,22646933,0.17100,15928.13203095,1
1506936896,22646932,0.17100,5700.92645900,1
1506936895,22646928,0.17101,2034.51666697,1
1506936895,22646926,0.17101,6071.53854000,1
1506936895,22646925,0.17101,6441.18695900,1
1506936895,22646924,0.17101,1687.38578500,1
1506936893,22646923,0.17102,641.56000000,1
1506936893,22646922,0.17102,699.98352084,1
1506936830,22646896,0.17184,28.98053893,1
1506936799,22646870,0.17103,730.40000000,1
1506936531,22646480,0.17102,300.01647916,1
1506936531,22646478,0.17117,75.75801834,1
1506936530,22646477,0.17125,199.98352084,1
1506936462,22646445,0.17125,0.01647916,1
1506936462,22646444,0.17134,2515.61569184,1
1506936460,22646441,0.17134,4675.70086200,1
1506936459,22646440,0.17134,2201.50121700,1
1506936037,22645969,0.17117,1500.00000000,1
1506935898,22645865,0.17113,19.00000000,1
1506935896,22645864,0.17150,581.00000000,1
1506935420,22645656,0.17245,578.43212525,0
1506935268,22645548,0.17160,1122.00000000,0
1506935222,22645527,0.17160,100.00000000,0
1506935177,22645512,0.17160,78.00000000,0
1506934926,22645438,0.17160,3916.25773376,1
1506934926,22645437,0.17160,5136.33338524,1
1506934904,22645427,0.17224,7275.00000000,1
1506934860,22645404,0.17232,2947.93829453,0
1506934836,22645396,0.17224,225.00000000,0
1506934532,22645241,0.17225,5974.67613100,1
1506934488,22645192,0.17217,2349.43128400,1
1506934475,22645182,0.17215,1467.79800000,1
1506934403,22645115,0.17232,3110.85286000,0
1506934349,22645037,0.17276,5773.94205835,0
1506934338,22645023,0.17172,715.82390988,1
1506934338,22645022,0.17190,200.00000000,1
1506934338,22645021,0.17193,497.35357412,1
1506934271,22645008,0.17232,100.00000000,0
1506934080,22644917,0.17236,233.78117900,0
1506933856,22644783,0.17229,273.00000000,0
1506933742,22644725,0.17276,2108.44730000,1
1506933742,22644724,0.17277,4274.18236000,1
1506933741,22644721,0.17277,2108.44730000,1
1506933741,22644720,0.17278,3593.47550000,1
1506933740,22644719,0.17278,2789.15416000,1
1506933608,22644684,0.17278,1854.48068000,1
1506933570,22644668,0.17278,310.47617000,1
1506933267,22644561,0.17270,222.44019000,1
1506933267,22644560,0.17280,1000.00000000,1
1506933022,22644452,0.17262,15160.69763054,1
1506933022,22644451,0.17262,1729.01015600,1
1506933003,22644440,0.17262,3928.66171100,1
1506932999,22644433,0.17262,16889.70778700,1
1506932977,22644422,0.17262,15912.69282300,1
1506932976,22644421,0.17262,49879.41321300,1
1506932972,22644418,0.17262,302.00000000,0
1506932719,22644343,0.17246,613.31486518,0
1506932510,22644262,0.17144,60.24921532,1
1506932469,22644245,0.17247,774.01200000,0
1506932433,22644233,0.17246,8.35800000,0
1506932433,22644232,0.17245,11910.44200000,0
1506932405,22644215,0.17247,3715.17701629,0
1506932405,22644213,0.17246,1796.78797000,1
1506932403,22644210,0.17207,273.00000000,0
1506932395,22644204,0.17246,1255.54980887,0
1506932395,22644203,0.17234,7.65019113,0
1506932388,22644198,0.17234,732.67100000,0
1506932386,22644197,0.17234,5407.34000000,0
1506932360,22644184,0.17234,5788.59080887,0
1506932284,22644159,0.17234,586.95900000,0
1506932070,22644105,0.17228,1975.76000000,0
1506932067,22644103,0.17228,1.65988000,0
1506932067,22644102,0.17227,2370.99012000,0
1506931915,22644023,0.17226,9218.08203000,0
1506931915,22644022,0.17225,2817.01797000,0
1506931912,22644020,0.17226,2.66315560,0
1506931912,22644019,0.17225,3346.95204000,0
1506931912,22644018,0.17225,461.47480440,0
1506931825,22643942,0.17200,1232.51368396,0
1506931825,22643941,0.17200,767.48631604,0
1506931612,22643829,0.17198,685.00000000,0
1506931597,22643822,0.17200,1693.98848836,1
1506931596,22643819,0.17200,768.71709303,1
1506931594,22643816,0.17200,768.67046512,1
1506931592,22643811,0.17200,768.62395349,1
1506931578,22643808,0.17245,5595.51626558,0
1506931578,22643807,0.17206,3976.57668000,0
1506931576,22643806,0.17172,284.21779641,0
1506931565,22643797,0.17137,273.00000000,0
1506931102,22643614,0.17100,5897.26755696,1
1506931102,22643613,0.17101,2000.00000000,1
1506931102,22643612,0.17121,515.36721688,1
1506931102,22643610,0.17122,2684.11280000,1
1506931102,22643609,0.17122,3903.25242616,1
1506930866,22643508,0.17122,1208.74757384,1
1506930729,22643452,0.17172,1161.78220359,0
1506930614,22643402,0.17122,1405.11152763,1
1506930614,22643401,0.17125,10080.78918237,1
1506930606,22643398,0.17125,21041.14476900,1
1506930482,22643310,0.17160,1683.23000000,0
1506930469,22643291,0.17125,4889.52156700,1
1506930454,22643279,0.17163,5540.17000000,0
1506930422,22643251,0.17164,795.24200000,0
1506930421,22643250,0.17164,1005.25000000,0
1506930246,22643205,0.17172,264.21364000,0
1506930246,22643204,0.17150,300.00000000,0
1506930245,22643202,0.17138,128.43436000,0
1506930211,22643173,0.17138,38.56564000,0
1506929877,22642906,0.17125,4772.02440000,1
1506929877,22642905,0.17126,1227.97560000,1
1506929674,22642837,0.17126,224.72977779,1
1506929612,22642819,0.17122,2343.00000000,1
1506929570,22642789,0.17150,1166.99708339,1
1506929570,22642788,0.17150,1107.76611757,1
1506929570,22642787,0.17151,1600.55695004,1
1506929570,22642786,0.17151,1081.78454996,1
1506929569,22642785,0.17162,5199.80741404,1
1506929569,22642784,0.17199,500.00000000,1
1506929569,22642782,0.17200,261.69000000,1
1506929537,22642744,0.17200,2738.31000000,1
1506929537,22642743,0.17200,52.00000000,1
1506929537,22642742,0.17200,18043.00000000,1
1506929523,22642723,0.17200,157.00000000,1
1506929298,22642576,0.17264,2306.52000000,0
1506929298,22642575,0.17234,167.00000000,0
1506928937,22642413,0.17201,1496.92120900,1
1506928906,22642406,0.17215,7830.33923000,1
1506928906,22642405,0.17217,2190.77180000,1
1506928906,22642404,0.17220,100.00000000,1
1506928800,22642357,0.17202,105.47440976,1
1506928800,22642356,0.17227,31.84681024,1
1506928772,22642330,0.17284,45597.80000000,0
1506928685,22642298,0.17322,575.86087057,0
1506928558,22642191,0.17201,7560.96650000,1
1506928539,22642175,0.17257,1938.59100000,1
1506928511,22642153,0.17367,1035.12408591,1
1506928506,22642149,0.17385,275.16985907,1
1506928504,22642147,0.17300,877.00973473,0
1506928491,22642137,0.17300,1153.53156069,0
1506928375,22642090,0.17300,1103.00000000,0
1506928354,22642080,0.17300,322.92439306,0
1506928302,22642049,0.17300,1153.18635838,0
1506928262,22642019,0.17297,434.39311600,0
1506928259,22642015,0.17297,1483.78000000,0
1506928226,22641997,0.17300,492.62795300,0
1506928226,22641996,0.17298,2438.79491000,0
1506928194,22641967,0.17300,25239.17128000,0
1506928194,22641966,0.17299,3955.03512000,0
1506928185,22641952,0.17261,1078.92692059,1
1506928185,22641951,0.17262,1920.89440000,1
1506928185,22641950,0.17280,4104.29537037,1
1506928185,22641949,0.17280,776.84777933,1
1506928184,22641947,0.17282,2372.80599371,1
1506928175,22641923,0.17282,1853.57421700,1
1506928175,22641920,0.17282,58.51050650,1
1506928175,22641919,0.17282,1748.07450000,1
1506928167,22641887,0.17281,2883.35853000,0
1506928164,22641871,0.17280,1479.97686292,0
1506928162,22641857,0.17280,7403.99000000,0
1506928159,22641835,0.17279,9511.86137255,0
1506928157,22641822,0.17280,435.46805000,0
1506928157,22641813,0.17280,111.89508708,0
1506928086,22641759,0.17151,330.00000000,1
1506928084,22641757,0.17155,150.00000000,1
1506927806,22641666,0.17229,5853.96366591,0
1506927681,22641533,0.17150,628.78558243,1
1506927617,22641512,0.17184,29.67877095,0
1506927534,22641484,0.17152,867.26809000,0
1506927533,22641481,0.17151,5129.26322627,1
1506927528,22641475,0.17151,9131.89904230,1
1506927516,22641471,0.17164,6975.00672388,1
1506927512,22641468,0.17164,325.08670098,1
1506927509,22641466,0.17165,326.51336984,1
1506927432,22641448,0.17225,1718.52710137,0
1506927432,22641447,0.17223,4072.47435000,0
1506927381,22641428,0.17225,532.77544267,0
1506927358,22641419,0.17223,608.12947802,0
1506927249,22641388,0.17152,1905.62520000,1
1506927236,22641384,0.17152,216.00000000,1
1506927213,22641382,0.17248,11265.75227510,0
1506927213,22641381,0.17200,36.05813855,0
1506927201,22641377,0.17157,968.21113300,1
1506927153,22641369,0.17180,199.60471900,0
1506927153,22641368,0.17165,43.00000000,0
1506926697,22641074,0.17151,1983.12721600,1
1506926460,22640926,0.17150,591.54000000,1
1506926435,22640922,0.17151,1188.63926200,1
1506926404,22640877,0.17150,1041.46830000,1
1506926385,22640868,0.17151,38.90000000,1
1506926385,22640867,0.17152,2328.09170000,1
1506926331,22640822,0.17151,81.10000000,1
1506926210,22640766,0.17151,2030.33075610,1
1506925969,22640680,0.17150,1630.44000000,1
1506925957,22640676,0.17180,0.39528100,1
1506925898,22640651,0.17190,5000.00000000,0
1506925891,22640650,0.17180,2265.22973200,1
1506925891,22640649,0.17180,2734.37498700,1
1506925814,22640620,0.17200,289.94186145,0
1506925699,22640569,0.17163,4004.78323000,1
1506925699,22640568,0.17167,2204.40720000,1
1506925560,22640518,0.17163,811.47474900,1
1506925535,22640507,0.17157,43.00000000,0
1506925040,22640311,0.17113,14052.76230000,0
1506925039,22640310,0.17113,2934.52070000,1
1506925039,22640309,0.17116,1420.20073000,1
1506925039,22640308,0.17116,7106.22203000,1
1506925033,22640302,0.17300,23798.93132947,0
1506925033,22640301,0.17299,7845.00000000,0
1506925033,22640300,0.17251,1229.00960000,0
1506925033,22640299,0.17249,773.36423000,0
1506925032,22640298,0.17231,3866.82113000,0
1506925032,22640297,0.17230,20362.18500000,0
1506925032,22640296,0.17210,424.04624278,0
1506925031,22640294,0.17200,48.88093023,0
1506924801,22640225,0.17160,965.00000000,0
1506924776,22640207,0.17156,450.11118044,1
1506924774,22640206,0.17156,43.00000000,0
1506923860,22639921,0.17200,580.11906977,0
1506923648,22639849,0.17210,575.95375722,0
1506923524,22639781,0.17300,1395.63231213,1
1506923524,22639780,0.17299,5000.00000000,1
1506923524,22639778,0.17295,450.00000000,0
1506923523,22639776,0.17283,1208.90580000,0
1506923523,22639775,0.17256,1084.45291000,0
1506923523,22639774,0.17256,5422.26456000,0
1506923522,22639772,0.17250,1459.80400000,1
1506923522,22639771,0.17250,147.96315122,0
1506922998,22639593,0.17158,53.00000000,0
1506922846,22639487,0.17205,2136.74730000,1
1506922845,22639483,0.17236,400.00000000,1
1506921706,22639124,0.17236,1465.38159468,0
1506921653,22639105,0.17237,7454.67784417,0
1506921653,22639104,0.17207,450.00000006,0
1506921653,22639103,0.17207,1873.91698951,0
1506921651,22639102,0.17161,53.00000000,0
1506921515,22639066,0.17207,1038.85107000,0
1506921515,22639065,0.17198,4000.00000000,0
1506921514,22639064,0.17192,3872.54893000,0
1506921347,22639058,0.17187,300.00000000,0
1506920701,22638916,0.17187,860.00000000,0
1506920701,22638915,0.17187,750.00000000,0
1506920471,22638854,0.17145,53.00000000,0
1506919819,22638684,0.17198,4898.40375865,1
1506919599,22638611,0.17198,6462.31790400,1
1506919439,22638584,0.17199,837.59085591,1
1506919439,22638583,0.17250,162.40914409,1
1506919427,22638581,0.17273,107.00000000,1
1506919418,22638580,0.17250,37.59085591,1
1506919126,22638503,0.17273,1040.75725120,1
1506919123,22638501,0.17276,2887.25902987,0
1506918567,22638344,0.17201,10000.00000000,1
1506918024,22638131,0.17209,80.91900000,1
1506917407,22637974,0.17199,4020.65369432,0
1506917406,22637972,0.17199,979.34630568,0
1506917396,22637966,0.17198,7792.22337000,1
1506917396,22637964,0.17198,2978.63696000,0
1506917395,22637962,0.17198,3754.96392000,0
1506916973,22637862,0.17198,493.00883823,1
1506916973,22637861,0.17186,552.67276248,1
1506916969,22637860,0.17187,3020.00000000,1
1506916947,22637856,0.17100,128.00000000,0
1506916709,22637765,0.17103,45.00000000,0
1506914611,22637366,0.17133,45.00000000,0
1506914566,22637345,0.17114,788.00000000,0
1506914564,22637344,0.17143,212.00000000,1
1506914351,22637319,0.17190,875.56003490,0
1506914274,22637312,0.17173,3250.77632000,0
1506913975,22637237,0.17193,30.00000000,0
1506913971,22637235,0.17193,13.64983000,0
1506913971,22637234,0.17143,45.00000000,0
1506912831,22636960,0.17077,127.40044249,1
1506912787,22636942,0.17060,108.00000000,1
1506912012,22636791,0.17021,39.00000000,0
1506912011,22636789,0.17012,460.00000000,0
1506912010,22636788,0.17030,39.00000000,0
1506912009,22636787,0.17011,2000.00000000,0
1506912007,22636784,0.17063,2192.44258636,1
1506912006,22636783,0.17070,1000.00000000,1
1506912006,22636782,0.17077,1164.51986000,1
1506912006,22636781,0.17090,450.00000000,1
1506912005,22636780,0.17104,2140.87221000,1
1506912005,22636779,0.17105,5813.21796000,1
1506912005,22636778,0.17105,297.51073515,1
1506912005,22636777,0.17105,700.75628649,1
1506912005,22636776,0.17105,1860.68036200,1
1506912000,22636773,0.17105,39.00000000,1
1506911935,22636758,0.17170,2047.47082200,1
1506911486,22636514,0.17170,500.00000000,1
1506911439,22636497,0.17171,3927.50854700,1
1506911439,22636496,0.17171,1209.31870000,1
1506911321,22636366,0.17170,181.00279558,1
1506911320,22636352,0.17170,828.99607000,1
1506911319,22636343,0.17170,1169.28292800,1
1506911318,22636339,0.17170,419.81914600,1
1506911318,22636337,0.17171,1501.99295000,1
1506911295,22636143,0.17171,990.04556300,1
1506911294,22636128,0.17170,522.69785500,1
1506911294,22636127,0.17172,1215.73020000,1
1506911283,22636025,0.17171,2011.47100000,1
1506911283,22636022,0.17171,2846.60067638,1
1506911283,22636019,0.17188,51.34670762,1
1506911271,22635962,0.17188,661.40774829,1
1506911271,22635960,0.17190,1222.23520000,1
1506911271,22635959,0.17190,33.82340771,1
1506911271,22635958,0.17190,2096.33820229,1
1506911271,22635956,0.17190,632.13541571,1
1506909608,22635524,0.17247,39.00000000,0
1506909346,22635475,0.17258,519.30979143,0
1506909213,22635436,0.17260,808.75300000,0
1506909190,22635428,0.17197,540.29789000,1
1506908653,22635300,0.17200,803.58550000,0
1506908652,22635298,0.17200,1196.41450000,1
1506908650,22635296,0.17198,2497.98221223,0
1506908650,22635295,0.17225,53.84153715,1
1506908650,22635294,0.17226,229.72875244,1
1506908649,22635293,0.17250,3998.68747981,1
1506908649,22635292,0.17295,450.00000000,1
1506908648,22635291,0.17300,494.51329251,1
1506908647,22635290,0.17300,2000.00000000,1
1506908645,22635287,0.17300,2029.99994220,1
1506908509,22635236,0.17302,957.52123938,0
1506908508,22635235,0.17301,175.00000000,0
1506908420,22635214,0.17302,2408.04096750,1
1506908400,22635195,0.17301,175.00000000,1
1506907834,22635101,0.17397,175.00000000,1
1506907401,22634853,0.17404,1729.00000000,1
1506907358,22634849,0.17403,1122.92495900,1
1506907357,22634848,0.17404,2093.34360000,1
1506907158,22634806,0.17358,3525.15460000,0
1506907157,22634804,0.17405,2039.84540000,0
1506907154,22634803,0.17400,672.01100000,1
1506907047,22634763,0.17468,175.00000000,0
1506907033,22634759,0.17458,150.95353741,1
1506907033,22634758,0.17458,618.31010259,1
1506906891,22634731,0.17462,381.83153298,1
1506906891,22634730,0.17462,618.16846702,1
1506906771,22634682,0.17535,2138.58349990,1
1506906771,22634681,0.17553,1075.67553710,1
1506906506,22634610,0.17554,618.17482194,1
1506906506,22634609,0.17554,957.52123938,1
1506906503,22634605,0.17554,957.52123938,1
1506905739,22633962,0.17558,5501.00000000,0
1506905664,22633869,0.17554,3136.78269930,1
1506905664,22633868,0.17554,322.21630070,1
1506905420,22633738,0.17553,0.00009286,0
1506905418,22633733,0.17553,1074.89741500,0
1506905398,22633701,0.17553,1532.68019012,1
1506905398,22633700,0.17553,334.40244499,1
1506905398,22633699,0.17554,334.17660000,1
1506905398,22633697,0.17561,313.16346289,1
1506905220,22633611,0.17561,286.46360700,1
1506905173,22633569,0.17600,1083.76825916,0
1506905173,22633566,0.17600,388.33227629,0
1506905173,22633564,0.17599,228.35401000,0
1506905172,22633558,0.17600,185.22897727,0
1506905171,22633556,0.17599,66.83532000,0
1506905171,22633553,0.17561,599.49516197,0
1506905168,22633539,0.17554,1520.59080344,0
1506905168,22633538,0.17553,334.17660000,0
1506905165,22633532,0.17533,500.00000000,0
1506905165,22633531,0.17530,229.00000000,0
1506905165,22633530,0.17522,28.53555531,0
1506905164,22633529,0.17522,496.11646392,0
1506905164,22633528,0.17516,1250.70000000,0
1506905164,22633526,0.17516,2130.16161000,0
1506905110,22633499,0.17503,450.00000000,0
1506905078,22633448,0.17500,3000.00000000,0
1506905078,22633447,0.17500,1000.00000000,0
1506905078,22633446,0.17500,199.00000000,0
1506905078,22633445,0.17500,500.00000000,0
1506905078,22633444,0.17500,994.73389887,0
1506905049,22633417,0.17500,1140.11428571,0
1506905043,22633407,0.17500,865.15181542,0
1506905043,22633406,0.17500,1500.00000000,0
1506905043,22633405,0.17500,1350.00000000,0
1506905043,22633404,0.17500,725.00000000,0
1506905043,22633402,0.17500,1859.42000000,0
1506905043,22633400,0.17490,1101.73765558,0
1506904976,22633325,0.17490,1081.26000000,0
1506904969,22633303,0.17490,280.99178987,0
1506904969,22633301,0.17490,552.58721213,0
1506904969,22633299,0.17474,618.00000000,0
1506904774,22632951,0.17444,27458.82387080,0
1506904733,22632924,0.17443,588.30111700,0
1506904644,22632889,0.17449,1047.11065000,1
1506904631,22632880,0.17449,1602.19431000,1
1506904630,22632879,0.17450,5758.14010000,0
1506904630,22632878,0.17450,5758.14010000,0
1506904630,22632877,0.17450,5758.14010000,0
1506904630,22632876,0.17450,5758.14010000,0
1506904629,22632875,0.17450,5758.14006000,0
1506904629,22632874,0.17449,0.00004000,0
1506904629,22632873,0.17449,1903.59716000,0
1506904629,22632872,0.17449,300.00000000,0
1506904629,22632871,0.17449,200.00000000,0
1506904628,22632870,0.17448,3354.54294000,0
1506904296,22632637,0.17448,149.89686423,0
1506904150,22632556,0.17445,15283.71223846,0
1506904148,22632554,0.17442,2785.62582000,0
1506904148,22632553,0.17442,1100.00000000,0
1506904015,22632499,0.17380,500.00000000,0
1506903732,22632424,0.17380,9304.36000000,0
1506903691,22632366,0.17344,618.00000000,0
1506903627,22632332,0.17306,623.12688266,1
1506903604,22632323,0.17310,1639.09827170,1
1506903604,22632322,0.17312,2500.00000000,1
1506903602,22632320,0.17324,51.59172830,1
1506903600,22632319,0.17324,289.00004000,1
1506903507,22632290,0.17325,315.50992843,1
1506903252,22632178,0.17356,660.86233991,1
1506903108,22632108,0.17418,763.84828309,1
1506903055,22632067,0.17418,1428.27000000,1
1506903052,22632065,0.17418,0.53509558,1
1506903052,22632064,0.17419,764.30990442,1
1506903027,22632045,0.17467,288.20093971,0
1506903017,22632022,0.17419,220.16732700,1
1506902962,22631962,0.17428,1204.30983536,1
1506902962,22631961,0.17428,165.83016464,1
1506902954,22631935,0.17428,556.46100000,1
1506902848,22631853,0.17428,1471.11579204,1
1506902848,22631852,0.17429,4243.33394796,1
1506902848,22631851,0.17431,2745.60670000,1
1506902810,22631807,0.17489,578.69854183,0
1506902810,22631806,0.17436,0.00000017,0
1506902804,22631798,0.17436,1992.00356300,0
1506902778,22631763,0.17430,1862.93517200,1
1506902751,22631754,0.17433,1685.75262804,0
1506902651,22631673,0.17433,100.00000000,0
1506902648,22631672,0.17431,500.00000000,1
1506902574,22631645,0.17490,3162.31943287,0
1506902519,22631629,0.17490,71.99200000,0
