date,tid,price,amount,type
1506988781,22678066,0.20251,1382.30236200,1
1506988781,22678065,0.20251,270.00000000,1
1506988775,22678034,0.20331,75.82412177,0
1506988774,22678033,0.20330,270.00000000,0
1506988735,22678025,0.20346,0.00004703,1
1506988734,22678024,0.20346,56.48730000,1
1506988730,22678023,0.20326,270.00000000,0
1506988682,22678018,0.20332,301.25704190,0
1506988595,22677988,0.20253,4067.15182400,1
1506988595,22677986,0.20254,1840.45203000,1
1506988595,22677985,0.20253,1500.34224800,1
1506988594,22677983,0.20254,1840.45203000,1
1506988594,22677982,0.20255,270.00000000,1
1506988389,22677940,0.20321,2833.06933713,0
1506988389,22677939,0.20320,2832.26112000,0
1506988387,22677938,0.20319,270.00000000,0
1506988366,22677933,0.20252,33.11882400,1
1506988091,22677850,0.20391,63.62564004,0
1506988091,22677849,0.20273,16936.37435996,0
1506988080,22677845,0.20273,4907.09000000,0
1506988076,22677843,0.20272,542.00000000,0
1506988072,22677836,0.20290,20000.00000000,1
1506988072,22677835,0.20291,6139.01293000,1
1506987698,22677708,0.20273,659.29824250,0
1506987698,22677707,0.20281,2500.00000000,0
1506987696,22677706,0.20282,2500.00000000,1
1506987133,22677528,0.20321,417.24334432,0
1506986694,22677457,0.20306,1449.14966020,0
1506986656,22677445,0.20210,1200.22900361,0
1506986633,22677442,0.20143,9000.00000000,1
1506986583,22677434,0.20210,10497.43445100,0
1506986583,22677433,0.20209,4603.53521000,0
1506986484,22677415,0.20154,541.56700000,0
1506986484,22677414,0.20145,0.43300000,0
1506986423,22677407,0.20168,50.00000000,1
1506986422,22677406,0.20168,569.00000000,1
1506986275,22677381,0.20168,3875.57188900,1
1506986274,22677380,0.20168,0.76625000,1
1506986274,22677379,0.20169,1093.33375000,1
1506986237,22677372,0.20169,781.90049000,1
1506986204,22677367,0.20168,4022.69220000,0
1506986164,22677358,0.20174,569.00000000,0
1506986118,22677350,0.20190,1004.48301627,0
1506986118,22677347,0.20190,99.05894007,0
1506985958,22677257,0.20112,25902.49909524,0
1506985958,22677256,0.20110,14221.20429000,0
1506985954,22677254,0.20081,74.69749960,1
1506985953,22677253,0.20081,349.06508640,1
1506985953,22677252,0.20081,1537.29208700,1
1506985925,22677249,0.20081,25.00000000,0
1506985881,22677229,0.20032,1.73271541,0
1506985876,22677221,0.20032,3465.39444934,0
1506985873,22677213,0.20035,5000.00000000,1
1506985872,22677212,0.20037,1532.87283525,1
1506985872,22677211,0.20038,5174.95000000,1
1506985872,22677210,0.20040,700.00000000,1
1506985872,22677209,0.20050,450.00000000,1
1506985872,22677208,0.20057,1800.05000000,1
1506985871,22677207,0.20060,700.00000000,1
1506985871,22677206,0.20070,450.00000000,1
1506985871,22677205,0.20080,700.00000000,1
1506985871,22677204,0.20088,25.00000000,1
1506985865,22677198,0.20100,290.82000000,1
1506985865,22677197,0.20100,2500.00000000,1
1506985864,22677196,0.20110,30.00000000,1
1506985864,22677195,0.20110,250.00000000,1
1506985784,22677173,0.20125,1000.00000000,1
1506985754,22677167,0.20125,904.77191900,0
1506985735,22677161,0.20125,74.53420000,0
1506985707,22677154,0.20125,887.88104181,1
1506985707,22677153,0.20130,162.16077993,1
1506985688,22677140,0.20125,1662.11895819,1
1506985687,22677139,0.20130,5631.63190481,1
1506985667,22677119,0.20130,6114.53007215,1
1506985667,22677118,0.20130,4394.58519622,1
1506985666,22677117,0.20130,1091.19842763,1
1506985644,22677108,0.20130,7826.36963000,1
1506985644,22677107,0.20130,50.00000000,1
1506985644,22677106,0.20133,305.30000000,1
1506985631,22677102,0.20208,1131.00000000,0
1506985605,22677093,0.20210,3758.04710539,0
1506985605,22677092,0.20209,1216.14060000,1
1506985605,22677091,0.20208,2500.00000000,0
1506985603,22677089,0.20193,1595.25866967,0
1506985602,22677088,0.20193,729.73100000,0
1506985584,22677061,0.20210,250.00000000,1
1506985584,22677060,0.20214,70.31626000,1
1506985584,22677059,0.20220,3300.00000000,1
1506985584,22677057,0.20229,84.97318000,1
1506985574,22677043,0.20250,3031.23847619,1
1506985574,22677042,0.20251,432.21228581,1
1506985571,22677040,0.20250,10000.00000000,1
1506985570,22677038,0.20301,10001.72371337,0
1506985569,22677036,0.20250,2865.08869600,1
1506985569,22677035,0.20250,1890.36128077,1
1506985569,22677034,0.20251,615.39358000,1
1506985569,22677033,0.20300,3005.00000000,1
1506985569,22677032,0.20300,41.42325123,1
1506985569,22677031,0.20300,17906.88444000,1
1506985558,22677028,0.20300,10000.00000000,1
1506985531,22677016,0.20300,12921.24962700,1
1506985529,22677014,0.20300,1006.88832000,1
1506985527,22677010,0.20300,8164.97761300,1
1506985527,22677008,0.20310,27.00000000,1
1506985527,22677007,0.20311,678.02683000,1
1506985527,22677005,0.20312,359.82008995,0
1506985521,22677001,0.20350,818.16027184,1
1506985521,22677000,0.20350,2737.64324700,1
1506985521,22676999,0.20350,7262.35675300,1
1506985520,22676998,0.20350,10000.00000000,1
1506985519,22676997,0.20350,10000.00000000,1
1506985519,22676996,0.20350,10000.00000000,1
1506985519,22676991,0.20350,9730.00000000,1
1506985519,22676990,0.20351,270.00000000,1
1506985267,22676927,0.20390,1000.00000000,0
1506985203,22676823,0.20394,521.48820043,1
1506985162,22676809,0.20439,5659.29210387,0
1506985022,22676737,0.20470,0.00004529,1
1506985022,22676736,0.20470,94.97140000,1
1506984996,22676717,0.20470,15000.00000000,1
1506984985,22676706,0.20470,14746.44005400,1
1506984979,22676704,0.20470,1117.38569100,1
1506984979,22676703,0.20471,861.56229000,1
1506984938,22676672,0.20470,59188.33960200,1
1506984935,22676669,0.20470,3991.74873100,1
1506984934,22676665,0.20470,24443.07968800,1
1506984779,22676573,0.20470,374.87284000,1
1506984779,22676572,0.20471,477.55716000,1
1506984779,22676571,0.20472,270.00000000,1
1506984669,22676534,0.20470,7683.12447000,1
1506984667,22676533,0.20471,789.15447000,1
1506984667,22676532,0.20471,527.72106000,1
1506984643,22676527,0.20541,35.91777411,1
1506984642,22676524,0.20541,3613.41851000,0
1506984626,22676519,0.20470,6205.95091700,1
1506984626,22676518,0.20471,583.15242000,1
1506984626,22676517,0.20472,237.00000000,1
1506984615,22676494,0.20539,24.31715273,0
1506984614,22676492,0.20472,33.00000000,1
1506984413,22676453,0.20471,3734.49859224,1
1506984413,22676452,0.20473,270.00000000,1
1506984382,22676445,0.20471,9730.00000000,1
1506984382,22676444,0.20472,270.00000000,1
1506984163,22676385,0.20514,2848.51423418,1
1506984161,22676383,0.20484,298.00000000,0
1506983814,22676195,0.20600,2735.50140776,0
1506983814,22676194,0.20597,7861.98720900,0
1506983814,22676193,0.20596,251.03701000,0
1506983814,22676191,0.20596,10859.67900000,0
1506983812,22676190,0.20595,3930.99360400,0
1506983579,22675997,0.20451,173.09261358,1
1506983579,22675996,0.20467,829.21113342,1
1506983577,22675995,0.20503,270.00000000,1
1506983312,22675931,0.20588,24.25927725,0
1506983311,22675930,0.20479,33.00000000,1
1506983303,22675927,0.20477,74.50492907,1
1506983300,22675926,0.20590,24.25692084,0
1506983299,22675922,0.20477,33.00000000,1
1506983298,22675921,0.20468,324.64297454,1
1506983298,22675920,0.20476,51.36577469,1
1506983293,22675919,0.20476,251.20808001,1
1506983293,22675918,0.20479,11.65748279,1
1506983289,22675917,0.20479,258.34251721,1
1506983151,22675849,0.20620,24.21928038,0
1506983119,22675831,0.20476,6462.43712515,0
1506983118,22675829,0.20476,270.00000000,0
1506983117,22675828,0.20479,198.81080000,1
1506983117,22675827,0.20547,1000.07759417,1
1506982938,22675775,0.20608,24.23573370,0
1506982937,22675774,0.20468,33.00000000,1
1506982808,22675708,0.20543,298.00000000,0
1506982530,22675577,0.20611,1103.44680025,0
1506982463,22675509,0.20621,24.22045488,0
1506982462,22675507,0.20468,33.00000000,1
1506982241,22675439,0.20582,233.80600000,0
1506982241,22675438,0.20578,270.00000000,0
1506982238,22675436,0.20580,2962.59396700,0
1506982238,22675435,0.20579,3759.01705900,0
1506982217,22675402,0.20653,501.11649876,1
1506982217,22675400,0.20653,3661.75280735,1
1506982217,22675398,0.20653,3594.25298989,1
1506982216,22675396,0.20653,15107.66942000,1
1506982216,22675394,0.20653,1599.04000000,1
1506982216,22675392,0.20653,4205.02200000,1
1506982216,22675391,0.20653,3029.28000000,1
1506982215,22675390,0.20653,3361.14269400,1
1506982215,22675389,0.20653,10004.88000000,1
1506982215,22675388,0.20653,5401.49395900,1
1506982215,22675387,0.20653,10189.86782100,1
1506982214,22675386,0.20653,10024.40000000,1
1506982214,22675385,0.20653,9985.36000000,1
1506982214,22675384,0.20653,13758.62334000,1
1506982212,22675378,0.20653,2373.85953142,1
1506982212,22675375,0.20630,5000.00000000,0
1506982212,22675374,0.20618,25.00000000,0
1506982212,22675373,0.20600,132537.15317093,0
1506982211,22675372,0.20599,3831.23880700,0
1506982167,22675351,0.20546,3419.92207739,0
1506981963,22675269,0.20546,24.30886791,0
1506981956,22675265,0.20521,293.91482300,1
1506981921,22675258,0.20545,48.62015089,0
1506981920,22675257,0.20545,48.62015089,0
1506981920,22675256,0.20545,48.62015089,0
1506981920,22675255,0.20545,48.61778448,0
1506981918,22675254,0.20546,48.61778448,0
1506981914,22675251,0.20546,48.61778448,0
1506981914,22675250,0.20546,48.61778448,0
1506981914,22675249,0.20546,48.61778448,0
1506981913,22675245,0.20546,48.61778448,0
1506981912,22675244,0.20546,48.61778448,0
1506981912,22675241,0.20546,48.61778448,0
1506981911,22675240,0.20546,48.61778448,0
1506981911,22675239,0.20546,48.61778448,0
1506981910,22675238,0.20546,48.61778448,0
1506981905,22675235,0.20546,48.61778448,0
1506981905,22675233,0.20546,48.61778448,0
1506981904,22675232,0.20546,48.61778448,0
1506981904,22675231,0.20546,48.61778448,0
1506981903,22675229,0.20546,48.61778448,0
1506981903,22675225,0.20546,48.61778448,0
1506981902,22675224,0.20546,48.61778448,0
1506981902,22675223,0.20546,48.61778448,0
1506981901,22675222,0.20546,48.61778448,0
1506981901,22675221,0.20546,48.61778448,0
1506981900,22675220,0.20546,48.61778448,0
1506981900,22675219,0.20546,48.61778448,0
1506981898,22675218,0.20546,48.61778448,0
1506981895,22675216,0.20546,48.61778448,0
1506981891,22675214,0.20546,48.61778448,0
1506981890,22675211,0.20546,48.61778448,0
1506981890,22675209,0.20546,48.61778448,0
1506981889,22675208,0.20546,48.61778448,0
1506981888,22675207,0.20545,48.62015089,0
1506981884,22675206,0.20546,48.61778448,0
1506981883,22675205,0.20546,48.61778448,0
1506981882,22675203,0.20546,48.61778448,0
1506981864,22675194,0.20521,488.77304584,1
1506981857,22675192,0.20520,70608.76440640,0
1506981830,22675178,0.20495,298.00000000,0
1506981600,22675003,0.20520,5929.98789863,0
1506981223,22674796,0.20520,6087.99530700,0
1506981223,22674794,0.20519,3912.00469300,0
1506981191,22674755,0.20520,9.68128654,0
1506981189,22674751,0.20519,39.00000000,0
1506981034,22674676,0.20520,17363.57110143,0
1506980755,22674569,0.20546,24.30886791,0
1506980754,22674566,0.20546,24.30886791,0
1506980702,22674520,0.20468,87482.16047686,0
1506980698,22674517,0.20468,4308.37488232,0
1506980692,22674513,0.20468,594.51125298,0
1506980691,22674508,0.20467,829.62576000,0
1506980687,22674501,0.20468,667.89748569,0
1506980685,22674500,0.20468,357.76612640,0
1506980685,22674499,0.20467,760.59491000,0
1506980683,22674495,0.20467,985.20134567,1
1506980682,22674491,0.20468,2104.40773359,0
1506980676,22674480,0.20468,4484.88204216,0
1506980676,22674479,0.20467,808.04727000,0
1506980676,22674478,0.20467,177.64670000,0
1506980628,22674459,0.20500,1491.38704200,0
1506980500,22674433,0.20500,213.90374400,0
1506980471,22674371,0.20500,133.08712900,0
1506980471,22674370,0.20453,273.00000000,0
1506979898,22674136,0.20543,24.31241786,0
1506979709,22674084,0.20570,24.28050559,0
1506979697,22674082,0.20421,454.00000000,1
1506979695,22674080,0.20422,270.00000000,1
1506979448,22673969,0.20568,333.86081672,0
1506979371,22673739,0.20575,172.54235455,1
1506979369,22673734,0.20525,273.00000000,0
1506979360,22673657,0.20460,1571.53960000,1
1506979360,22673653,0.20465,1124.77842600,1
1506979359,22673648,0.20465,1375.22157400,1
1506979359,22673639,0.20461,1571.53960000,1
1506979359,22673636,0.20462,1524.98325600,1
1506979359,22673634,0.20462,2120.33588400,1
1506979354,22673605,0.20464,2046.74080164,1
1506978989,22673411,0.20615,24.22750424,0
1506978982,22673409,0.20610,23.46676370,1
1506978981,22673408,0.20610,0.76661815,0
1506978979,22673407,0.20610,24.23338185,0
1506978973,22673405,0.20453,68.64986698,0
1506978971,22673402,0.20604,49.35983304,1
1506978969,22673401,0.20520,174.36330410,0
1506978969,22673400,0.20451,400.00000000,1
1506978962,22673392,0.20520,2.61769005,0
1506978960,22673390,0.20519,221.31829036,0
1506978946,22673386,0.20519,24.34085482,0
1506978942,22673384,0.20519,24.34085482,0
1506978930,22673378,0.20520,24.33966862,0
1506978930,22673377,0.20520,24.33966861,0
1506978928,22673376,0.20500,0.00000003,0
1506978922,22673371,0.20500,1355.19372100,0
1506978900,22673362,0.20500,24.36341463,0
1506978880,22673358,0.20500,442.79541463,0
1506978804,22673321,0.20500,24.36341463,0
1506978803,22673320,0.20500,24.36341463,0
1506978802,22673319,0.20500,24.36341463,0
1506978801,22673318,0.20432,130.00000000,0
1506978801,22673317,0.20432,270.00000000,1
1506978759,22673306,0.20500,9625.94970807,0
1506978758,22673305,0.20500,3594.25307317,0
1506978738,22673295,0.20500,24.36341463,0
1506978690,22673268,0.20500,1140.92447300,0
1506978658,22673263,0.20500,1109.42156098,0
1506978635,22673254,0.20436,6974.48000000,1
1506978635,22673253,0.20438,273.00000000,1
1506978633,22673252,0.20456,45.00000000,1
1506978460,22673194,0.20500,5477.52442300,0
1506978438,22673181,0.20500,6946.56917700,0
1506978436,22673180,0.20500,862.90862000,0
1506978412,22673172,0.20500,52723.20034900,0
1506978408,22673171,0.20500,8662.43260210,0
1506978408,22673170,0.20499,20301.24722253,0
1506978407,22673169,0.20498,1106.11592000,0
1506978407,22673168,0.20498,607.56149937,0
1506978365,22673109,0.20498,1392.95475600,0
1506978310,22673099,0.20498,1090.49808601,0
1506978284,22673085,0.20499,1089.54084947,0
1506978280,22673080,0.20499,8885.43380800,0
1506978273,22673076,0.20499,1278.77812000,0
1506978272,22673075,0.20464,273.00000000,0
1506977984,22672970,0.20498,486.63586691,0
1506977924,22672955,0.20500,7937.00980487,0
1506977922,22672954,0.20499,1610.88570000,0
1506977729,22672886,0.20499,24.36460315,0
1506977728,22672885,0.20499,24.36460315,0
1506977596,22672787,0.20499,1175.00000000,0
1506977542,22672778,0.20499,24.36460315,0
1506977468,22672754,0.20497,2800.00000000,1
1506977112,22672613,0.20499,1291.33128445,0
1506977079,22672588,0.20499,2375.35382458,0
1506977079,22672587,0.20499,1203.05000000,0
1506976976,22672507,0.20520,24.33966862,0
1506976945,22672494,0.20507,24.41839372,0
1506976820,22672440,0.20474,521.00000000,1
1506976818,22672439,0.20350,3007.64324700,1
1506976818,22672438,0.20351,7240.00000000,1
1506976817,22672437,0.20352,765.41253000,1
1506976817,22672436,0.20369,1687.64250000,1
1506976817,22672435,0.20417,2500.00000000,0
1506976816,22672433,0.20417,3816.59336000,1
1506976657,22672348,0.20514,3006.00000000,0
1506976446,22672260,0.20519,1733.00000000,0
1506976388,22672213,0.20500,1745.71128100,0
1506976382,22672209,0.20499,1218.64020000,0
1506976337,22672177,0.20376,905.09534840,1
1506976335,22672175,0.20449,560.00000000,1
1506976291,22672154,0.20500,24.36341463,0
1506976224,22672097,0.20498,1161.13343033,0
1506976223,22672096,0.20450,0.25076412,0
1506976152,22672078,0.20450,624.00000000,0
1506976123,22672063,0.20449,24.42417722,1
1506976119,22672053,0.20449,590.29300000,0
1506976105,22672044,0.20449,92.68233165,0
1506976096,22672035,0.20449,24.42417722,0
1506976023,22671999,0.20392,391.73006000,0
1506975977,22671929,0.20384,3034.78000000,1
1506975946,22671914,0.20377,100.00000000,1
1506975906,22671896,0.20450,1156.11120689,0
1506975885,22671885,0.20450,6438.47916870,0
1506975884,22671884,0.20448,9903.05600000,0
1506975742,22671793,0.20449,24.42417722,0
1506975741,22671791,0.20448,640.40898865,0
1506975738,22671786,0.20450,640.72915233,0
1506975738,22671784,0.20450,640.40898865,0
1506975733,22671780,0.20477,500.02071931,1
1506975711,22671771,0.20543,24.31241786,0
1506975710,22671769,0.20477,20.71885367,1
1506975709,22671768,0.20478,379.28114633,1
1506975702,22671763,0.20543,24.31241786,0
1506975695,22671759,0.20544,655.55928738,0
1506975694,22671757,0.20543,60.00000000,1
1506975693,22671756,0.20543,270.00000000,0
1506975670,22671742,0.20478,253.19068223,1
1506975653,22671732,0.20477,0.00005720,0
1506975649,22671725,0.20477,520.99994280,0
1506975634,22671719,0.20534,4857.82716470,0
1506975486,22671650,0.20544,25.00000000,0
1506975185,22671496,0.20558,48.52376100,0
1506974980,22671322,0.20606,265.48047000,0
1506974970,22671315,0.20606,24.23808599,0
1506974963,22671312,0.20540,84.26690000,1
1506974962,22671310,0.20540,69.67484000,1
1506974957,22671303,0.20158,104.65099720,1
1506974957,22671302,0.20190,1000.00000000,1
1506974957,22671301,0.20200,5000.00000000,1
1506974957,22671300,0.20200,500.00000000,1
1506974957,22671299,0.20200,3494.00000000,1
1506974956,22671298,0.20202,500.00000000,1
1506974956,22671296,0.20210,25.00000000,1
1506974956,22671295,0.20210,251.00000000,1
1506974956,22671294,0.20214,69.67484000,1
1506974956,22671293,0.20229,84.26690000,1
1506974956,22671292,0.20231,11394.50047371,1
1506974956,22671291,0.20278,10000.00000000,1
1506974955,22671290,0.20430,1124.28636264,1
1506974955,22671289,0.20432,1906.26114000,1
1506974955,22671288,0.20460,18919.00000000,1
1506974955,22671287,0.20479,1777.36188179,1
1506974955,22671286,0.20489,9516.89672000,1
1506974955,22671285,0.20491,9461.56400000,1
1506974955,22671284,0.20492,1822.93480000,1
1506974955,22671283,0.20539,270.00000000,1
1506974939,22671279,0.20609,300.00000000,0
1506974789,22671175,0.20666,140.42717507,0
1506974789,22671174,0.20666,245.83228491,0
1506974786,22671171,0.20666,24.16771509,0
1506974733,22671149,0.20661,48.29408064,0
1506974729,22671148,0.20664,48.29655439,1
1506974728,22671146,0.20665,48.28473264,0
1506974722,22671131,0.20668,202.76659570,0
1506974717,22671129,0.20577,323.23770373,1
1506974716,22671128,0.20578,203.65341627,0
1506974715,22671127,0.20578,15669.43698000,1
1506974715,22671126,0.20578,270.00000000,1
1506974708,22671125,0.20670,24.13652637,0
1506974705,22671122,0.20670,48.27305273,0
1506974515,22670989,0.20700,7457.75342995,0
1506974514,22670988,0.20670,17620.00000000,0
1506974514,22670986,0.20669,366.62744000,0
1506974514,22670985,0.20640,8122.42000000,0
1506974513,22670982,0.20634,1833.13722000,0
1506974513,22670981,0.20610,5716.77982541,0
1506974512,22670979,0.20608,1211.42380000,0
1506974511,22670978,0.20607,15670.97830000,0
1506974470,22670964,0.20609,24.23455772,0
1506974438,22670939,0.20597,24.24867699,0
1506974405,22670917,0.20487,2179.72757520,1
1506974405,22670916,0.20487,72.55810480,1
1506974404,22670913,0.20480,9927.44189520,0
1506974404,22670912,0.20480,10000.00000000,0
1506974404,22670910,0.20480,10000.00000000,0
1506974400,22670903,0.20493,1693.73720000,1
1506974400,22670901,0.20499,1982.71790000,1
1506974400,22670900,0.20521,9904.48148000,1
1506974399,22670899,0.20522,15671.74141000,1
1506974399,22670898,0.20599,484.53736000,1
1506974314,22670862,0.20599,140.72924000,1
1506974300,22670857,0.20599,163.36670000,1
1506974292,22670846,0.20599,48.00000000,1
1506974287,22670837,0.20599,163.36670000,1
1506974162,22670684,0.20700,31613.09637681,0
1506974162,22670683,0.20690,18636.00000000,0
1506974162,22670682,0.20680,1000.00000000,0
1506974162,22670681,0.20680,700.00000000,0
1506974161,22670680,0.20660,700.00000000,0
1506974161,22670679,0.20650,644.00000000,0
1506974161,22670678,0.20650,4650.57822308,0
1506974161,22670677,0.20640,700.00000000,0
1506974160,22670675,0.20627,482.25728000,0
1506974160,22670674,0.20626,239.62846000,0
1506974160,22670673,0.20620,700.00000000,0
1506974159,22670672,0.20618,10000.00000000,0
1506974159,22670671,0.20610,25.00000000,0
1506974159,22670670,0.20600,700.00000000,0
1506974159,22670669,0.20600,2500.00000000,0
1506974159,22670668,0.20600,74.22070000,0
1506974158,22670667,0.20600,1184.67660000,1
1506974158,22670666,0.20599,47.92569000,1
1506974158,22670665,0.20584,160.43406544,0
1506974157,22670664,0.20580,700.00000000,0
1506974157,22670663,0.20560,433.23990700,0
1506974157,22670662,0.20560,266.76009300,0
1506974157,22670661,0.20540,700.00000000,0
1506974156,22670660,0.20537,83.58072000,0
1506974156,22670659,0.20520,250.00000000,0
1506974156,22670658,0.20510,30.00000000,0
1506974152,22670657,0.20501,69.17239000,0
1506974152,22670656,0.20500,1392.81778000,0
1506974152,22670655,0.20500,4641.41222000,0
1506974152,22670654,0.20500,5000.00000000,0
1506974152,22670653,0.20500,73.88070000,0
1506974151,22670652,0.20499,284.70708000,0
1506974141,22670651,0.20497,3897.60625151,0
1506974141,22670650,0.20497,10000.00000000,0
1506974140,22670649,0.20497,10000.00000000,0
1506974140,22670648,0.20497,10000.00000000,0
1506974139,22670647,0.20497,10000.00000000,0
1506974139,22670646,0.20497,10000.00000000,0
1506974089,22670587,0.20497,3017.59912300,0
1506974089,22670586,0.20496,338.26584000,0
1506974073,22670577,0.20497,1453.95800200,0
1506974070,22670568,0.20497,4765.21383100,0
1506974068,22670567,0.20497,2399.88372500,0
1506974068,22670566,0.20496,477.50496000,0
1506974043,22670556,0.20496,48.67291200,0
1506973986,22670539,0.20450,300.00000000,1
1506973984,22670534,0.20496,38.94628220,0
1506973952,22670519,0.20496,292.09738486,0
1506973938,22670516,0.20496,48.68286495,0
1506973924,22670509,0.20496,48.68286495,0
1506973919,22670504,0.20496,24.34143247,0
1506973915,22670503,0.20496,24.34143247,0
1506973911,22670499,0.20496,243.41451991,0
1506973907,22670496,0.20496,486.82903981,0
1506973900,22670492,0.20497,491.67331805,0
1506973894,22670485,0.20497,973.61057716,0
1506973893,22670482,0.20497,6.44084500,0
1506973891,22670481,0.20496,1040.24125000,0
1506973886,22670480,0.20496,662.08748048,0
1506973880,22670479,0.20496,657.21921351,0
1506973876,22670478,0.20496,598.79971702,0
1506973871,22670477,0.20496,216.82903981,0
1506973871,22670476,0.20496,270.00000000,0
1506973843,22670461,0.20497,4868.05298336,0
1506973814,22670454,0.20497,31973.56783919,0
1506973814,22670452,0.20496,1637.55173000,0
1506973813,22670451,0.20495,15061.24743000,0
1506973689,22670403,0.20496,24.36816940,0
1506973688,22670402,0.20413,400.00000000,1
1506973577,22670365,0.20300,14673.01244455,0
1506973577,22670363,0.20300,2340.86264069,0
1506973577,22670361,0.20304,23528.09769000,1
1506973577,22670360,0.20354,1610.93811000,1
1506973576,22670358,0.20354,8067.69051000,1
1506973576,22670357,0.20355,5000.00000000,1
1506973576,22670356,0.20356,2455.40200000,1
1506973576,22670355,0.20427,270.00000000,1
1506973576,22670354,0.20460,2500.00000000,1
1506973532,22670324,0.20497,48.67053700,0
1506973489,22670303,0.20497,5235.68136100,0
1506973488,22670301,0.20497,3416.53141500,0
1506973467,22670287,0.20497,48.67053700,0
1506973451,22670278,0.20497,97.34161097,0
1506973447,22670277,0.20497,58.40493731,0
1506973443,22670271,0.20497,68.13914231,0
1506973436,22670264,0.20497,73.00619603,0
1506973428,22670259,0.20497,48.67053700,0
1506973424,22670255,0.20497,73.00619603,0
1506973417,22670251,0.20497,24.33536615,0
1506973404,22670249,0.20430,2445.42598327,0
1506973359,22670199,0.20426,400.00000000,1
1506973254,22670140,0.20497,3215.09907093,0
1506973254,22670139,0.20496,129.45800000,0
1506973254,22670138,0.20496,144.81743634,0
1506973252,22670137,0.20494,123.96628281,0
1506973165,22670101,0.20494,68.14911681,0
1506973095,22670063,0.20494,29.20674344,0
1506973087,22670054,0.20494,24.33892847,0
1506973083,22670052,0.20494,24.33892847,0
1506973061,22670047,0.20497,10604.29404303,0
1506973061,22670046,0.20496,153.81149000,0
1506973061,22670045,0.20496,303.98555886,0
1506973061,22670044,0.20496,303.98541179,0
1506973059,22670040,0.20495,1210.82350000,0
1506973050,22670036,0.20497,303.97072742,0
1506973048,22670035,0.20496,182.74632000,0
1506973046,22670034,0.20406,33.37440000,1
1506973046,22670033,0.20406,1596.62560000,1
1506973046,22670032,0.20412,270.00000000,1
1506973022,22670020,0.20496,146.01956479,0
1506973015,22670019,0.20496,121.68296253,0
1506973008,22670017,0.20496,97.34636027,0
1506973002,22670016,0.20496,73.00975800,0
1506972998,22670015,0.20496,48.67315574,0
1506972986,22670009,0.20497,178.03546860,0
1506972984,22670003,0.20496,308.68775000,0
1506972974,22669985,0.20497,119.96833682,0
1506972972,22669984,0.20496,366.75773000,0
1506972963,22669982,0.20497,486.70815241,0
1506972959,22669981,0.20497,50.97765526,0
1506972958,22669980,0.20496,435.75175000,0
1506972935,22669973,0.20496,170.35616706,0
1506972928,22669972,0.20496,146.01956479,0
1506972913,22669970,0.20496,97.34636027,1
1506972908,22669968,0.20496,97.34636027,0
1506972903,22669967,0.20496,97.34636027,0
1506972898,22669966,0.20496,37.34636027,0
1506972898,22669965,0.20495,60.00000000,0
1506972890,22669962,0.20496,97.34636027,0
1506972883,22669957,0.20496,243.36592506,0
1506972863,22669950,0.20497,1556.63048250,0
1506972862,22669949,0.20496,146.15886000,0
1506972861,22669948,0.20496,730.79430000,0
1506972859,22669943,0.20497,2433.54085964,0
1506972857,22669940,0.20497,2433.54085964,0
1506972855,22669939,0.20497,2433.54085964,0
1506972850,22669938,0.20497,2433.54085964,0
1506972850,22669937,0.20497,1350.93545396,0
1506972848,22669936,0.20496,180.44304000,0
1506972848,22669935,0.20496,902.21519000,0
1506972846,22669934,0.20497,2433.54085964,0
1506972839,22669933,0.20497,1097.44743133,0
1506972837,22669932,0.20489,222.76918000,0
1506972837,22669931,0.20489,1113.84591000,0
1506972831,22669930,0.20497,32006.32410932,0
1506972831,22669929,0.20490,17993.67589068,0
1506972824,22669921,0.20490,784.32410932,0
1506972824,22669920,0.20489,1375.11841000,0
1506972822,22669918,0.20488,275.02368000,0
1506972803,22669907,0.20488,344.11670246,0
1506972803,22669904,0.20488,655.88329754,0
1506972803,22669903,0.20488,200.00000000,0
1506972801,22669901,0.20487,1578.80361807,0
1506972798,22669900,0.20487,118.87343193,0
1506972798,22669899,0.20480,1977.12795579,0
1506972796,22669897,0.20479,339.53541000,0
1506972788,22669893,0.20480,2362.87204421,0
1506972788,22669892,0.20480,72.68884446,0
1506972786,22669891,0.20480,418.61733398,0
1506972784,22669890,0.20479,2017.04204000,0
1506972774,22669888,0.20480,39.19233398,0
1506972772,22669887,0.20479,2396.48559000,0
1506972766,22669885,0.20480,2435.56088867,0
1506972670,22669828,0.20480,1318.50528891,0
1506972670,22669827,0.20469,1219.02796109,0
1506972670,22669826,0.20449,270.00000000,0
1506972366,22669580,0.20469,381.47393619,0
1506972366,22669579,0.20468,338.28351000,0
1506972366,22669577,0.20380,1699.39193187,0
1506972364,22669574,0.20379,25.23686148,0
1506972329,22669565,0.20379,244.76313852,0
1506972314,22669558,0.20380,13094.30747400,0
1506972310,22669557,0.20380,438.00520117,0
1506972308,22669556,0.20379,2009.60503000,0
1506972276,22669538,0.20380,145.04965652,0
1506972276,22669537,0.20379,2032.58819795,0
1506972274,22669535,0.20378,270.00000000,0
1506972249,22669526,0.20379,2447.63172874,0
1506972203,22669507,0.20379,4129.80460277,0
1506972201,22669504,0.20378,5661.00015000,0
1506972197,22669500,0.20378,215.19259700,0
1506972147,22669475,0.20377,587.43063257,0
1506972144,22669471,0.20376,1800.72000000,0
1506972100,22669419,0.20379,16640.12335400,0
1506972085,22669403,0.20378,85.86258600,0
1506972083,22669399,0.20378,44.05510845,0
1506972052,22669369,0.20379,489.47750135,0
1506971870,22669214,0.20300,1790.27479654,0
1506971870,22669213,0.20299,1357.44050546,0
1506971870,22669211,0.20299,221.59372000,0
1506971865,22669207,0.20299,220.92006276,0
1506971858,22669197,0.20299,300.00000000,0
1506971847,22669184,0.20299,245.41223200,0
1506971837,22669175,0.20299,400.41223200,0
1506971757,22669124,0.20299,94.49746293,0
1506971585,22669061,0.20299,300.66965630,0
1506971507,22669016,0.20299,50.10877000,0
1506971448,22668992,0.20299,1907.20905000,0
1506971435,22668982,0.20299,1901.73630855,0
1506971173,22668810,0.20300,2959.57732000,0
1506971160,22668794,0.20299,773.65253527,0
1506970950,22668630,0.20244,244.94698459,0
1506970950,22668629,0.20244,270.00000000,1
1506970950,22668628,0.20245,4950.60000000,1
1506970950,22668627,0.20245,2891.35719000,1
1506970919,22668617,0.20263,51.68933524,0
1506970770,22668570,0.20263,842.78000000,0
1506970767,22668565,0.20263,598.89000000,0
1506970760,22668562,0.20263,270.00000000,1
1506970552,22668400,0.20231,181.95752629,1
1506970552,22668399,0.20232,4076.08788000,0
1506970552,22668398,0.20260,2000.00000000,1
1506970552,22668397,0.20261,813.73908000,0
1506970551,22668396,0.20300,5000.00000000,1
1506970551,22668395,0.20300,500.00000000,1
1506970551,22668394,0.20300,500.00000000,1
1506970551,22668393,0.20309,1503.00000000,1
1506970549,22668391,0.20356,479.27341471,1
1506970462,22668309,0.20385,78.00000000,1
1506970322,22668233,0.20385,24.50085847,0
1506970078,22668149,0.20420,465.37558685,1
1506969986,22668111,0.20448,730.00000000,1
1506969979,22668108,0.20427,270.00000000,0
1506969825,22668061,0.20448,1054.05099828,0
1506969823,22668031,0.20401,287.00000000,0
1506969798,22668017,0.20354,230.00000000,0
1506969798,22668016,0.20354,270.00000000,1
1506969378,22667866,0.20479,100.00000000,0
1506969372,22667864,0.20479,6323.04630167,0
1506969371,22667863,0.20478,1188.66551000,0
1506969371,22667862,0.20457,1500.00000000,0
1506969371,22667860,0.20455,1201.66000000,0
1506969369,22667859,0.20398,324.24846339,0
1506969321,22667849,0.20364,1405.88818430,1
1506969203,22667803,0.20398,1000.00000000,0
1506969150,22667793,0.20398,974.78029000,0
1506969007,22667727,0.20398,53.07534000,0
1506969007,22667726,0.20350,437.00000000,0
1506968711,22667556,0.20350,2633.84773150,1
1506968443,22667395,0.20389,683.03835700,0
1506968428,22667391,0.20345,287.00000000,0
1506968387,22667356,0.20390,4814.34351000,1
1506968386,22667355,0.20390,1412.27586000,1
1506968373,22667349,0.20390,1677.95151000,1
1506968337,22667336,0.20391,11155.32875000,1
1506968295,22667322,0.20398,2077.56854400,0
1506968238,22667252,0.20398,602.00000000,0
1506968146,22667210,0.20398,57.94901461,0
1506968137,22667205,0.20390,1524.03000000,1
1506968088,22667194,0.20390,500.00000000,1
1506968088,22667193,0.20391,730.65243184,1
1506967903,22667071,0.20398,4070.92156889,0
1506967709,22666902,0.20395,270.00000000,0
1506967556,22666772,0.20396,307.60757099,0
1506967414,22666712,0.20398,839.45677911,0
1506967355,22666685,0.20321,230.00000000,0
1506967353,22666684,0.20321,270.00000000,1
1506967290,22666670,0.20396,1480.56129809,0
1506967286,22666667,0.20396,4252.97059256,0
1506967259,22666648,0.20318,110.98000000,1
1506967229,22666640,0.20317,79.06381098,1
1506967227,22666639,0.20357,20.93618902,1
1506967211,22666630,0.20396,307.34172039,0
1506967210,22666627,0.20357,287.00000000,0
1506967169,22666612,0.20396,1325.50458444,0
1506966618,22666284,0.20387,250.00000000,0
1506966515,22666232,0.20298,145.45000000,1
1506966206,22666091,0.20382,2300.20572073,0
1506966139,22666074,0.20360,939.18411100,0
1506966139,22666073,0.20345,1228.10390000,0
1506966139,22666072,0.20344,2500.00000000,1
1506966137,22666071,0.20339,270.00000000,0
1506966046,22666022,0.20342,549.21192606,0
1506966045,22666020,0.20342,523.00737390,0
1506966044,22666018,0.20304,421.00000000,0
1506965448,22665673,0.20336,1579.00000000,1
1506965033,22665401,0.20319,421.00000000,0
1506964672,22665138,0.20131,153633.18076195,1
1506964672,22665137,0.20132,2817.57197600,1
1506964672,22665136,0.20132,5635.59903500,1
1506964672,22665135,0.20134,1150.64770000,1
1506964672,22665134,0.20263,1641.02190000,1
1506964671,22665133,0.20300,29851.00000000,1
1506964671,22665132,0.20301,5741.03251000,1
1506964671,22665131,0.20302,9903.38874000,1
1506964671,22665130,0.20302,270.00000000,1
1506964542,22665048,0.20387,1207.18230000,0
1506964542,22665047,0.20386,270.00000000,0
1506964517,22665044,0.20389,977.55544656,0
1506964517,22665043,0.20389,270.00000000,0
1506964471,22665022,0.20200,48.00000000,0
1506964469,22665020,0.20171,18977.54915895,1
1506964468,22665019,0.20172,5738.24541900,1
1506964468,22665018,0.20173,1298.45006000,0
1506964468,22665017,0.20277,1679.38720000,0
1506964468,22665016,0.20300,926.50246305,1
1506964467,22665015,0.20305,7616.00000000,1
1506964467,22665013,0.20306,6477.98005000,0
1506964467,22665011,0.20309,270.00000000,0
1506964465,22665010,0.20309,270.00000000,1
1506963786,22664693,0.20379,2198.44840276,1
1506963784,22664692,0.20343,421.00000000,0
1506963375,22664516,0.20305,2446.00000000,0
1506963373,22664515,0.20325,54.00000000,1
1506963201,22664411,0.20402,7333.88564847,0
1506963010,22664359,0.20334,1250.00000000,0
1506962995,22664350,0.20410,4887.34066634,0
1506962948,22664337,0.20410,225.87610117,0
1506962902,22664313,0.20330,117.21112200,0
1506962902,22664312,0.20350,228.78887800,1
1506962896,22664310,0.20350,771.21112200,1
1506962598,22664144,0.20410,134.78887800,0
1506962597,22664142,0.20383,73.00000000,0
1506962270,22664005,0.20418,950.85454912,1
1506962251,22663999,0.20418,14661.35500000,1
1506962248,22663998,0.20418,119.14716000,1
1506962235,22663989,0.20418,119.14716000,1
1506962222,22663977,0.20418,119.14716000,1
1506962209,22663965,0.20418,119.14716000,1
1506962196,22663957,0.20418,119.14716000,1
1506962182,22663948,0.20418,119.14716000,1
1506962169,22663936,0.20418,119.14716000,1
1506962160,22663932,0.20418,7669.02206566,1
1506962156,22663931,0.20418,119.14716000,1
1506962143,22663927,0.20418,119.14716000,1
1506962134,22663924,0.20478,24.35555230,0
1506962130,22663922,0.20418,119.14716000,1
1506962116,22663917,0.20418,119.14716000,1
1506962103,22663911,0.20418,119.14716000,1
1506962090,22663893,0.20418,119.14716000,1
1506962083,22663886,0.20479,487.08735778,0
1506962077,22663883,0.20418,119.14716000,1
1506962063,22663867,0.20418,119.14716000,1
1506962058,22663864,0.20418,2500.00000000,1
1506962050,22663862,0.20418,119.14716000,1
1506962037,22663859,0.20418,119.14716000,1
1506962024,22663856,0.20418,119.14716000,1
1506962011,22663853,0.20418,119.14716000,1
1506961997,22663849,0.20418,119.14716000,1
1506961985,22663846,0.20418,119.14716000,1
1506961971,22663833,0.20418,119.14716000,1
1506961958,22663828,0.20418,119.14716000,1
1506961945,22663814,0.20418,119.14716000,1
1506961932,22663807,0.20418,148.85952000,1
1506961918,22663794,0.20418,155.99990000,1
1506961905,22663789,0.20418,41.73673000,1
1506961892,22663741,0.20418,196.65840000,1
1506961884,22663738,0.20418,5023.01456270,1
1506961879,22663735,0.20418,196.65840000,1
1506961866,22663729,0.20418,245.70016000,1
1506961852,22663724,0.20418,306.97171000,1
1506961839,22663718,0.20418,321.69630000,1
1506961833,22663715,0.20479,24.35436301,0
1506961826,22663711,0.20418,86.06770000,1
1506961813,22663705,0.20418,405.54052000,1
1506961806,22663699,0.20467,222.95768798,0
1506961800,22663694,0.20418,405.54052000,1
1506961786,22663685,0.20418,506.67232000,1
1506961774,22663680,0.20418,633.02389000,1
1506961760,22663677,0.20418,790.88443000,1
1506961751,22663673,0.20452,37500.00000000,0
1506961751,22663672,0.20451,2500.00000000,0
1506961747,22663670,0.20418,988.11148000,1
1506961734,22663662,0.20418,685.91387000,1
1506961731,22663661,0.20418,500.20082200,1
1506961721,22663656,0.20418,1261.92831000,1
1506961711,22663649,0.20418,3000.00000000,1
1506961707,22663648,0.20418,101.58589000,1
1506961694,22663642,0.20418,1601.95510000,1
1506961681,22663638,0.20418,1389.11292000,1
1506961668,22663632,0.20418,1461.97105000,1
1506961655,22663621,0.20418,2132.71567000,1
1506961653,22663620,0.20418,21683.14000000,1
1506961644,22663614,0.20418,14637.09444200,1
1506961642,22663612,0.20418,3244.27979000,1
1506961641,22663610,0.20444,1735.90809531,0
1506961641,22663609,0.20442,2500.00000000,0
1506961641,22663608,0.20441,4640.06290469,0
1506961641,22663607,0.20441,16124.02900000,0
1506961634,22663602,0.20418,489.22798100,1
1506961626,22663597,0.20418,754.14391000,0
1506961626,22663596,0.20418,754.89879788,0
1506961618,22663587,0.20480,7316.43531000,0
1506961617,22663585,0.20469,655.91645000,0
1506961617,22663584,0.20469,3279.58224000,0
1506961617,22663583,0.20464,13228.06600000,0
1506961617,22663582,0.20420,250.00000000,0
1506961615,22663580,0.20418,270.00000000,0
1506961546,22663554,0.20335,872.90800000,0
1506961437,22663510,0.20335,1964.09200000,0
1506961363,22663484,0.20335,395.00000000,0
1506961240,22663409,0.20311,700.00000040,1
1506961240,22663408,0.20311,2500.00000000,1
1506961214,22663395,0.20300,5507.33295000,0
1506961213,22663391,0.20300,8492.66705000,0
1506961213,22663390,0.20290,1428.00000000,0
1506961213,22663389,0.20290,79.33295000,0
1506961213,22663388,0.20290,10000.00000000,0
1506961213,22663387,0.20290,10000.00000000,0
1506961212,22663386,0.20290,10000.00000000,0
1506961212,22663385,0.20290,10000.00000000,0
1506961212,22663384,0.20290,10000.00000000,0
1506961211,22663383,0.20290,10000.00000000,0
1506961211,22663382,0.20290,10000.00000000,0
1506961210,22663380,0.20290,10000.00000000,0
1506961208,22663376,0.20290,3969.53340000,0
1506961207,22663375,0.20290,3969.53340000,0
1506961207,22663374,0.20290,3969.53340000,0
1506961207,22663373,0.20290,3969.53340000,0
1506961207,22663372,0.20290,3969.53340000,0
1506961207,22663371,0.20290,73.00005000,0
1506961207,22663370,0.20289,3896.53335000,0
1506961204,22663367,0.20275,73.00000000,0
1506961176,22663320,0.20289,31.56385233,0
1506961081,22663271,0.20250,286.97548013,0
1506960996,22663224,0.20250,18913.02451987,0
1506960996,22663223,0.20249,17946.25948013,0
1506960995,22663222,0.20249,2042.61000000,0
1506960907,22663182,0.20249,4121.82007278,0
1506960901,22663175,0.20248,2940.88466705,0
1506960332,22662947,0.20126,1361.96020700,1
1506960330,22662946,0.20149,3368.03979300,0
1506960330,22662945,0.20149,270.00000000,1
1506960281,22662919,0.20248,50.00000000,0
1506960172,22662875,0.20248,2426.21493480,0
1506960121,22662853,0.20249,7788.31016700,0
1506960120,22662852,0.20248,3434.67494000,0
1506960120,22662851,0.20247,270.00000000,0
1506960110,22662847,0.20246,1227.43880000,0
1506960110,22662846,0.20246,270.00000000,0
1506960007,22662799,0.20196,73.00000000,0
1506959818,22662700,0.20248,390.68441327,0
1506959816,22662699,0.20247,28.56828172,0
1506959730,22662640,0.20247,241.43171828,0
1506959436,22662503,0.20124,1098.92873250,0
1506959436,22662502,0.20124,270.00000000,1
1506959353,22662440,0.20140,757.99999976,1
1506959353,22662439,0.20190,372.58902724,1
1506959176,22662225,0.20249,2142.21930000,0
1506959175,22662224,0.20249,1252.78070000,0
1506959115,22662211,0.20190,74.00000000,1
1506959055,22662147,0.20220,355.00000000,0
1506958757,22661971,0.20309,1075.65049978,0
1506958629,22661911,0.20332,1098.92873253,1
1506958629,22661909,0.20332,270.00000000,0
1506958539,22661859,0.20334,629.18417428,1
1506958537,22661856,0.20322,1554.69640000,0
1506958537,22661854,0.20322,270.00000000,0
1506958419,22661786,0.20325,44.00000000,0
1506958390,22661765,0.20253,123.00000000,1
1506958387,22661761,0.20195,297.73305362,0
1506958385,22661760,0.20252,269.96366601,1
1506958274,22661656,0.20233,0.03633399,0
1506958273,22661654,0.20233,616.60070967,1
1506958273,22661652,0.20250,136.35607634,1
1506958272,22661651,0.20251,270.00000000,1
1506958107,22661578,0.20300,1783.07995073,0
1506958105,22661577,0.20299,3130.89805000,0
1506957934,22661510,0.20335,3232.59454143,1
1506957934,22661509,0.20328,1403.40090000,0
1506957932,22661508,0.20324,270.00000000,0
1506957844,22661471,0.20332,4386.42351957,0
1506957844,22661469,0.20320,250.00000000,0
1506957843,22661468,0.20318,270.00000000,0
1506957748,22661440,0.20320,859.36008858,0
1506957748,22661439,0.20317,3695.90670000,1
1506957746,22661437,0.20278,355.00000000,0
1506957476,22661308,0.20423,4173.22626450,1
1506957475,22661307,0.20330,270.00000000,1
1506957474,22661306,0.20330,270.00000000,0
1506957399,22661291,0.20329,719.02481715,0
1506956772,22661040,0.20250,6647.97499689,1
1506956758,22661029,0.20300,2596.99271636,1
1506956749,22661022,0.20300,999.99995074,1
1506956696,22660974,0.20300,1030.63281500,1
1506956695,22660972,0.20300,242.37451790,1
1506956693,22660969,0.20384,13453.50819270,1
1506956691,22660964,0.20342,270.00000000,0
1506956680,22660957,0.20250,949.83394000,1
1506956680,22660956,0.20251,1612.96324000,1
1506956680,22660954,0.20266,270.00000000,1
1506956444,22660785,0.20379,1604.02818268,0
1506956442,22660784,0.20318,355.00000000,0
1506956347,22660748,0.20346,282.94444700,1
1506956344,22660745,0.20345,270.00000000,0
1506956286,22660682,0.20360,2650.00000000,1
1506956247,22660667,0.20250,1295.27278200,1
1506956247,22660666,0.20251,7448.29926000,1
1506956238,22660657,0.20253,2240.86000000,1
1506956236,22660656,0.20253,2124.47138700,1
1506956236,22660655,0.20254,2276.79889000,1
1506956236,22660654,0.20292,270.00000000,1
1506956206,22660630,0.20292,4246.40035100,1
1506956205,22660629,0.20292,270.00000000,1
1506956188,22660620,0.20421,598.42921791,1
1506956188,22660618,0.20376,1406.56443600,1
1506956186,22660617,0.20376,270.00000000,0
1506955765,22660409,0.20435,4844.87399070,0
1506955737,22660404,0.20266,123.00000000,1
1506955733,22660403,0.20267,189.60329104,0
1506955694,22660384,0.20497,37762.07213767,0
1506955694,22660383,0.20495,3437.50642600,0
1506955693,22660382,0.20426,500.00000000,0
1506955693,22660381,0.20410,30.00000000,0
1506955693,22660380,0.20402,500.00000000,0
1506955692,22660379,0.20400,10000.00000000,0
1506955692,22660378,0.20396,404.32715000,0
1506955692,22660377,0.20387,1000.00000000,0
1506955692,22660376,0.20361,4838.79282498,0
1506955691,22660375,0.20361,10181.67200700,1
1506955691,22660374,0.20350,2013.80000000,0
1506955691,22660373,0.20347,2021.63573000,0
1506955689,22660372,0.20346,270.00000000,0
1506955635,22660356,0.20347,470.61426184,0
1506955538,22660296,0.20347,1363.35145230,0
1506955537,22660294,0.20346,270.00000000,0
1506955463,22660260,0.20300,230.72351200,1
1506955371,22660237,0.20353,0.27833734,1
1506955369,22660236,0.20327,220.85846412,0
1506955362,22660231,0.20327,24.57076794,0
1506955361,22660224,0.20327,24.57076794,0
1506955253,22660185,0.20354,1177.37270315,1
1506955251,22660184,0.20297,290.00000000,0
1506955035,22660073,0.20359,24.53214794,0
1506955020,22660065,0.20357,24.31144078,0
1506955018,22660064,0.20338,0.22333971,0
1506955011,22660061,0.20337,24.55868614,0
1506955009,22660059,0.20337,24.55868614,0
1506955005,22660056,0.20234,400.00000000,1
1506955001,22660047,0.20232,891.77925131,1
1506955001,22660045,0.20233,3134.21787869,1
1506954999,22660037,0.20233,6838.45604234,0
1506954999,22660034,0.20233,9664.01967000,0
1506954999,22660033,0.20233,3909.27091100,0
1506954997,22660031,0.20233,8145.22694500,0
1506954995,22660025,0.20233,9951.92612758,0
1506954993,22660019,0.20233,5381.79563408,0
1506954990,22660018,0.20233,5722.01137000,0
1506954989,22660016,0.20232,3973.53532100,0
1506954989,22660015,0.20232,1743.25626000,0
1506954989,22660009,0.20233,2500.00000000,0
1506954988,22660004,0.20233,8492.14187000,0
1506954987,22660003,0.20233,8494.24056000,1
1506954987,22660002,0.20234,13571.31987000,1
1506954987,22660001,0.20239,2500.00000000,1
1506954987,22660000,0.20241,14829.59100000,1
1506954926,22659982,0.20308,3705.13000000,0
1506954921,22659974,0.20308,30.00000000,1
1506954891,22659914,0.20330,30.00000000,1
1506954882,22659912,0.20338,446.58902724,0
1506954661,22659759,0.20337,24.55868614,0
1506954642,22659754,0.20338,753.18763305,0
1506954640,22659753,0.20317,1664.00895405,0
1506954636,22659747,0.20223,1400.70000000,1
1506954636,22659746,0.20308,30.00000000,1
1506954630,22659740,0.20221,181.70341657,1
1506954614,22659729,0.20317,0.53127922,0
1506954613,22659727,0.20308,171.62497536,0
1506954603,22659657,0.20308,24.59375616,0
1506954602,22659651,0.20308,24.59375616,0
1506954592,22659641,0.20308,24.59375616,0
1506954589,22659634,0.20308,24.59375616,0
1506954587,22659632,0.20214,400.00000000,1
1506954566,22659622,0.20211,193.00580000,1
1506954102,22659354,0.20319,36197.88611644,0
1506954102,22659353,0.20318,2205.84478000,0
1506954102,22659352,0.20317,441.16896000,0
1506954101,22659351,0.20260,6608.00000000,0
1506954101,22659350,0.20250,948.00000000,0
1506954101,22659349,0.20200,2400.73301980,0
1506954099,22659348,0.20179,290.00000000,0
1506953965,22659284,0.20200,12599.26698020,0
1506953856,22659226,0.20200,15.00000000,0
1506953856,22659225,0.20200,14940.00000000,0
1506953690,22659156,0.20200,16289.16032387,0
1506953664,22659148,0.20200,2469.07480198,0
1506953602,22659120,0.20200,1211.45826732,0
1506953600,22659117,0.20199,270.00000000,0
1506953582,22659106,0.20215,0.00000003,1
1506953562,22659094,0.20247,554.20556131,0
1506953440,22659003,0.20249,98.52397649,0
1506953349,22658950,0.20241,2266.94758164,0
1506953273,22658899,0.20245,2711.29305112,0
1506953212,22658849,0.20215,875.40791500,1
1506953182,22658814,0.20246,2666.60199545,0
1506953180,22658812,0.20215,290.00000000,0
1506952801,22658420,0.20115,58.29647000,1
1506952801,22658419,0.20140,270.00000000,1
1506952647,22658276,0.20250,2411.58278719,1
1506952631,22658261,0.20250,1005.44012900,1
1506952614,22658252,0.20250,2553.72999600,1
1506952586,22658243,0.20250,1005.87955100,1
1506952565,22658239,0.20250,1005.44012900,1
1506952536,22658228,0.20250,4450.37215800,1
1506952534,22658227,0.20250,1944.02419000,1
1506952534,22658226,0.20250,1006.31935600,1
1506952532,22658225,0.20250,3231.25823000,1
1506952530,22658223,0.20250,270.00000000,1
1506952529,22658221,0.20250,104144.15417411,0
1506952528,22658220,0.20249,3839.11869000,0
1506952528,22658219,0.20243,1000.00000000,0
1506952528,22658218,0.20242,948.23379000,0
1506952528,22658217,0.20236,270.00000000,0
1506952063,22658123,0.20225,50.00000000,0
1506951942,22658037,0.20115,545.00000000,0
1506951889,22658020,0.20226,1331.58647286,0
1506951863,22658016,0.20170,126.70352008,0
1506951576,22657902,0.20121,1730.00000000,0
1506951576,22657901,0.20121,270.00000000,1
1506951503,22657863,0.20189,5320.64606983,0
1506951503,22657861,0.20182,4799.61744000,0
1506951482,22657857,0.20187,2965.53901025,0
1506951261,22657732,0.20119,1106.44200000,0
1506951261,22657731,0.20119,1106.44200000,0
1506951261,22657730,0.20118,1106.71380000,0
1506951261,22657729,0.20118,431.04305000,0
1506951253,22657727,0.20118,675.67075000,0
1506951253,22657726,0.20118,1106.71380000,0
1506951253,22657725,0.20118,1106.71380000,0
1506951252,22657724,0.20118,1106.71800000,0
1506951252,22657723,0.20118,956.99064000,0
1506951252,22657722,0.20116,1095.59620000,0
1506951252,22657721,0.20116,1094.08750000,0
1506951250,22657719,0.20128,149.72736000,1
1506951250,22657718,0.20128,1106.71800000,1
1506951250,22657717,0.20130,1106.71800000,1
1506951250,22657716,0.20130,1106.71800000,1
1506951250,22657715,0.20130,1106.71800000,1
1506951248,22657714,0.20128,1101.29830000,1
1506951248,22657713,0.20128,1101.29830000,1
1506951248,22657712,0.20128,1104.69000000,1
1506951248,22657711,0.20128,1104.69000000,1
1506951248,22657710,0.20128,1104.69000000,1
1506951248,22657709,0.20128,1104.69000000,1
1506951247,22657707,0.20129,1104.69000000,1
1506951247,22657706,0.20129,1104.68570000,1
1506951247,22657703,0.20129,1104.68570000,1
1506951225,22657696,0.20125,1136.31839971,1
1506950999,22657611,0.20240,32666.06749011,0
1506950999,22657610,0.20239,4095.77713000,0
1506950999,22657609,0.20216,819.15543000,0
1506950998,22657608,0.20215,1231.70010000,0
1506950998,22657607,0.20139,100.00000000,0
1506950998,22657606,0.20139,270.00000000,1
1506950997,22657605,0.20138,270.00000000,0
1506950931,22657576,0.20126,3281.61989481,0
1506950931,22657575,0.20126,1226.88746905,0
1506950929,22657574,0.20126,246.93953095,0
1506950927,22657568,0.20064,0.87847805,0
1506950698,22657329,0.20064,470.00000000,0
1506950672,22657325,0.20137,18.01859308,1
1506950672,22657324,0.20137,953.84920000,1
1506950671,22657322,0.20135,503.12145000,0
1506950671,22657321,0.20106,502.05330252,0
1506950671,22657320,0.20091,1236.98360000,0
1506950669,22657318,0.20064,0.30000000,0
1506950585,22657303,0.20064,4714.00000000,0
1506950488,22657258,0.20054,455.00000000,0
1506950461,22657229,0.20040,500.97009303,1
1506950461,22657228,0.20041,8325.89671000,1
1506950376,22657200,0.20027,1104.91750000,1
1506950311,22657165,0.20105,133.62596369,0
1506950267,22657142,0.20106,3093.24614543,0
1506949350,22656722,0.19966,6197.92405334,1
1506949350,22656721,0.19983,9195.90206000,1
1506949349,22656720,0.19985,1777.87120000,1
1506949349,22656719,0.19985,270.00000000,0
1506949349,22656718,0.20001,26.94730000,1
1506949349,22656717,0.20002,26.94590000,1
1506949348,22656716,0.20002,26.94590000,1
1506949348,22656715,0.20003,26.94460000,1
1506949348,22656714,0.20003,26.94460000,1
1506949348,22656713,0.20003,26.94460000,1
1506949348,22656712,0.20003,10.45379966,1
1506949346,22656711,0.20004,270.00000000,1
1506949324,22656660,0.20103,263.54096403,0
1506949322,22656652,0.20041,196.00000000,0
1506949208,22656589,0.20000,16.49080034,0
1506949208,22656588,0.20000,26.94320000,0
1506949208,22656587,0.20000,26.94320000,0
1506949207,22656586,0.20000,26.94460000,0
1506949206,22656585,0.20000,26.94590000,0
1506949206,22656584,0.20000,26.94860000,0
1506949206,22656583,0.20000,26.94590000,0
1506949206,22656582,0.20000,26.94460000,0
1506949205,22656580,0.20000,26.94730000,0
1506949205,22656579,0.20000,26.94590000,0
1506949203,22656562,0.20000,3499.12620800,0
1506949202,22656561,0.20000,13255.31583200,0
1506949202,22656560,0.19976,259.00000000,0
1506949200,22656556,0.20010,350.00000000,1
1506949200,22656555,0.20035,2500.00000000,1
1506949079,22656492,0.20027,109.58892073,1
1506949079,22656491,0.20044,398.56316105,1
1506949078,22656489,0.20055,517.84791822,1
1506948642,22656220,0.20105,45.33698085,0
1506948623,22656197,0.20107,3595.12070423,0
1506948621,22656193,0.20106,1365.93710000,0
1506948598,22656176,0.20111,862.29650469,1
1506948596,22656171,0.20073,270.00000000,0
1506948168,22655939,0.20095,25000.00000000,0
1506948140,22655914,0.20105,20000.00000000,0
1506948097,22655845,0.19999,1248.65510000,0
1506948097,22655844,0.19995,270.00000000,0
1506948096,22655843,0.19993,2222.05785000,0
1506948027,22655718,0.19998,1514.50662533,0
1506948023,22655712,0.19999,1253.46847699,0
1506948022,22655711,0.19962,259.00000000,0
1506947945,22655604,0.19940,700.00000000,1
1506947945,22655602,0.19960,433.23990700,1
1506947850,22655408,0.19998,398.61500000,0
1506947846,22655394,0.19960,266.76009300,1
1506947846,22655392,0.19970,100.00000000,1
1506947845,22655390,0.19980,700.00000000,1
1506947845,22655389,0.19991,510.00000000,1
1506947820,22655355,0.20000,4149.91253404,1
1506947817,22655351,0.20000,850.08746596,1
1506947817,22655349,0.20000,125.15000000,1
1506947817,22655346,0.20000,52400.52375304,1
1506947806,22655315,0.20000,2984.83989000,1
1506947804,22655307,0.20000,2375.07264400,1
1506947803,22655302,0.20063,5000.00000000,0
1506947724,22655172,0.20072,8756.99030000,0
1506947724,22655171,0.20072,1243.00970000,0
1506947633,22655089,0.20075,10000.00000000,0
1506947598,22655055,0.20075,25.00000000,0
1506947389,22654922,0.20001,234.29661200,1
1506947387,22654921,0.20002,270.00000000,1
1506947350,22654881,0.20076,109.06800000,0
1506947344,22654875,0.20000,1459.55126600,1
1506947344,22654874,0.20005,772.90000000,1
1506947344,22654873,0.20012,270.00000000,1
1506947330,22654865,0.20078,4730.00000000,0
1506947330,22654864,0.20077,270.00000000,0
1506947309,22654842,0.20079,5000.00000000,0
1506947300,22654836,0.20087,10000.00000000,0
1506947219,22654793,0.20157,98.84180000,1
1506947217,22654792,0.20048,259.00000000,0
1506946973,22654565,0.20000,4761.05903600,1
1506946747,22654441,0.20000,88.77133700,1
1506946666,22654377,0.20059,1064.96050336,0
1506946540,22654278,0.20069,248.51915890,0
1506946536,22654273,0.20000,2550.00000000,1
1506946532,22654272,0.20000,2403.11425100,1
1506946532,22654271,0.20002,270.00000000,1
1506946531,22654270,0.20000,1138.12148100,1
1506946529,22654269,0.20000,4239.29052700,1
1506946529,22654268,0.20001,270.00000000,1
1506946500,22654169,0.20000,25599.65581496,1
1506946500,22654168,0.20000,2513.05377124,1
1506946500,22654167,0.20000,1248.57837305,1
1506946500,22654166,0.20000,1266.37527975,1
1506946499,22654165,0.20000,20000.00000000,1
1506946499,22654164,0.20000,6000.00000000,1
1506946499,22654163,0.20000,488.00000000,1
1506946499,22654162,0.20001,270.00000000,1
1506946478,22654148,0.20001,2179.40000000,1
1506946478,22654147,0.20021,270.00000000,1
1506946474,22654144,0.20000,500.00000000,1
1506946474,22654143,0.20000,100.00000000,1
1506946474,22654142,0.20000,4000.00000000,1
1506946474,22654140,0.20000,700.00000000,1
1506946474,22654139,0.20010,30.00000000,1
1506946474,22654138,0.20020,5000.00000000,1
1506946473,22654137,0.20020,500.00000000,1
1506946473,22654136,0.20020,2134.20876112,1
1506946466,22654128,0.20020,813.28082400,1
1506946411,22654061,0.20086,1474.95444588,0
1506946400,22654054,0.20020,23570.56907100,1
1506946400,22654053,0.20021,270.00000000,1
1506946381,22654045,0.20020,3206.87755100,1
1506946381,22654044,0.20026,270.00000000,1
1506946320,22654006,0.20022,270.00000000,1
1506946214,22653951,0.20020,74277.03500000,1
1506946160,22653932,0.20020,10526.09495692,1
1506946080,22653895,0.20084,993.33419638,0
1506946074,22653892,0.20084,2935.00000000,0
1506946054,22653882,0.20084,1777.00000000,0
1506946044,22653881,0.20083,248.34591446,0
1506945964,22653857,0.20092,961.49883500,0
1506945946,22653845,0.20021,3574.20774900,1
1506945946,22653844,0.20022,270.00000000,1
1506945902,22653823,0.20020,21390.14181200,1
1506945900,22653820,0.20021,449.50000000,1
1506945876,22653810,0.20023,1045.00000000,1
1506945852,22653790,0.20021,6028.36687000,1
1506945761,22653693,0.20048,238.54873000,1
1506945748,22653684,0.20050,500.00000000,1
1506945735,22653631,0.20048,2502.45127000,1
1506945724,22653626,0.20048,259.00000000,0
1506945707,22653601,0.20020,4000.00000000,1
1506945700,22653592,0.20020,2225.46496000,1
1506945675,22653569,0.20020,1578.11051000,1
1506945567,22653484,0.20020,5385.39052900,1
1506945566,22653483,0.20020,30217.76740200,1
1506945566,22653482,0.20021,7378.09291000,1
1506945485,22653428,0.20098,3000.00000000,0
1506945479,22653419,0.20021,1761.29052100,1
1506945139,22653142,0.20020,33888.99373805,1
1506945139,22653141,0.20050,500.00000000,1
1506945139,22653140,0.20050,19881.96057395,1
1506945097,22653112,0.20051,532.53788300,1
1506945058,22653062,0.20150,371.28019851,0
1506944791,22652877,0.20062,359.00000000,0
1506944790,22652876,0.20062,164.00000000,1
1506944770,22652865,0.20146,853.00000000,0
1506944742,22652822,0.20155,7111.95247000,1
1506944728,22652807,0.20220,12469.85712166,0
1506944728,22652806,0.20219,732.68383000,0
1506944728,22652804,0.20159,7999.07100000,0
1506944727,22652803,0.20155,8522.19600000,0
1506944727,22652801,0.20154,3663.41917000,0
1506944727,22652800,0.20148,519.37193437,1
1506944726,22652798,0.20146,1223.85410000,1
1506944725,22652797,0.20146,4421.70106000,0
1506944710,22652781,0.20104,164.00000000,1
1506944632,22652669,0.20064,640.94657500,1
1506944435,22652466,0.20050,3744.60726983,1
1506944435,22652465,0.20051,8219.85012000,1
1506944265,22652342,0.20183,854.33285400,1
1506944138,22652269,0.20183,3641.28566500,1
1506944110,22652258,0.20177,2416.89032100,1
1506944107,22652257,0.20177,1104.37078200,1
1506944073,22652237,0.20432,17089.58901394,0
1506944072,22652236,0.20400,74.88770000,0
1506944072,22652235,0.20400,74.88770000,0
1506944072,22652234,0.20400,74.88770000,0
1506944072,22652233,0.20400,722.98869000,1
1506944072,22652232,0.20361,1555.24787585,0
1506944071,22652231,0.20360,91.40000000,0
1506944071,22652230,0.20360,3614.94343000,1
1506944071,22652229,0.20240,19152.00000000,0
1506944071,22652228,0.20239,1724.00240000,1
1506944070,22652227,0.20213,722.98869000,0
1506944070,22652226,0.20213,3614.94343000,0
1506944070,22652225,0.20213,270.00000000,1
1506944068,22652224,0.20171,270.00000000,0
1506943934,22652173,0.20174,12825.62820453,0
1506943934,22652171,0.20172,270.00000000,0
1506943534,22651929,0.20196,730.00000000,0
1506943534,22651928,0.20192,270.00000000,0
1506943357,22651872,0.20124,1035.94464321,0
1506943355,22651855,0.20075,164.00000000,0
1506943200,22651786,0.20021,164.00000000,1
1506943156,22651732,0.20020,726.29658343,1
1506943156,22651731,0.20020,5000.00000000,1
1506943155,22651730,0.20020,500.00000000,0
1506943155,22651729,0.20023,500.00000000,1
1506943155,22651728,0.20050,181.70341657,1
1506943154,22651727,0.20100,500.00000000,1
1506942511,22651379,0.20182,1356.70399365,0
1506942244,22651287,0.20148,388.52552000,0
1506942065,22651232,0.20032,436.84268600,0
1506941916,22651060,0.20022,169.52573030,0
1506941915,22651059,0.20024,270.00000000,1
1506941826,22651025,0.20050,107.00000000,1
1506941826,22651024,0.20051,270.00000000,1
1506941767,22650988,0.20118,56.52975700,1
1506941767,22650987,0.20118,1193.47024300,1
1506941765,22650986,0.20114,270.00000000,0
1506941613,22650928,0.20120,5547.45410100,1
1506941588,22650917,0.20120,6582.54589900,1
1506941573,22650878,0.20121,6582.54589900,1
1506941573,22650877,0.20121,2896.63082600,1
1506941573,22650876,0.20121,2650.82327500,1
1506941516,22650863,0.20128,713.63717210,0
1506940804,22650311,0.20120,707.18714100,0
1506940804,22650310,0.20120,270.00000000,0
1506940132,22649979,0.20099,300.00000000,1
1506940075,22649942,0.20099,1000.00000000,1
1506940010,22649915,0.20025,759.31839971,1
1506940009,22649914,0.20112,8.47210855,0
1506940009,22649913,0.20112,5908.89493600,1
1506940009,22649912,0.20109,1229.29070000,1
1506940007,22649909,0.20089,270.00000000,0
1506939764,22649746,0.20011,2325.35583800,0
1506939758,22649739,0.20098,65199.28727656,1
1506939750,22649725,0.20098,270.00000000,1
1506939749,22649723,0.20098,1355.69100000,0
1506939749,22649722,0.20098,270.00000000,0
1506939491,22649562,0.20100,4034.69611940,0
1506939466,22649528,0.20100,2280.00000000,0
1506939464,22649526,0.20099,270.00000000,0
1506939459,22649525,0.20012,250.00000000,1
1506939301,22649404,0.20100,4314.30000026,0
1506939300,22649403,0.20081,399.99999974,0
1506939197,22649332,0.20081,0.00000026,1
1506939195,22649331,0.20100,1713.37227139,0
1506939193,22649330,0.20099,6523.93296000,0
1506938885,22649145,0.20081,7951.29502500,1
1506938883,22649141,0.20081,270.00000000,0
1506938811,22649092,0.20020,35.00000000,1
1506938811,22649091,0.20020,700.00000000,1
1506938753,22649048,0.20093,9129.53486289,0
1506938637,22648981,0.20030,9007.18921600,1
1506938637,22648979,0.20031,300.00000000,1
1506938637,22648978,0.20037,200.00000000,1
1506938501,22648909,0.20100,500.00000000,0
1506938118,22648562,0.20100,2068.00000000,0
1506938044,22648496,0.20035,1460.00000000,0
1506938042,22648491,0.20035,270.00000000,0
1506938039,22648490,0.20036,270.00000000,1
1506937806,22648326,0.20174,189.60329104,0
1506937776,22648309,0.20035,564.30005456,1
1506937776,22648308,0.20035,270.00000000,1
1506937623,22648156,0.20030,1823.33000000,1
1506937623,22648155,0.20030,74.88770000,1
1506937623,22648154,0.20030,74.88770000,1
1506937622,22648153,0.20030,74.88770000,1
1506937622,22648151,0.20030,4705.90496280,1
1506937622,22648149,0.20033,4929.60000000,1
1506937622,22648147,0.20034,270.00000000,1
1506937506,22647850,0.20030,121.00306200,1
1506937506,22647848,0.20031,4929.60000000,1
1506937506,22647846,0.20032,270.00000000,1
1506937214,22647253,0.20030,317.00000000,1
1506937213,22647243,0.20031,270.00000000,1
1506936991,22647056,0.20030,4492.92342100,1
1506936952,22646996,0.20030,40951.16855420,1
1506936952,22646995,0.20040,700.00000000,1
1506936952,22646994,0.20060,700.00000000,1
1506936952,22646992,0.20080,700.00000000,1
1506936951,22646991,0.20100,5504.56226380,1
1506936951,22646990,0.20100,700.00000000,1
1506936947,22646988,0.20110,30.00000000,1
1506936947,22646987,0.20120,30.00000000,1
1506936947,22646986,0.20120,700.00000000,1
1506936947,22646985,0.20140,700.00000000,1
1506936947,22646984,0.20147,110.20929654,1
1506936947,22646982,0.20150,639.00000000,1
1506936947,22646981,0.20150,4340.00000000,1
1506936947,22646980,0.20150,16850.14746143,1
1506936904,22646945,0.20150,1707.14493400,1
1506936902,22646944,0.20150,1588.75666700,1
1506936896,22646931,0.20150,810.20929700,1
1506936896,22646930,0.20150,19430.38693800,1
1506936837,22646902,0.20150,23418.99743000,1
1506936837,22646901,0.20184,6897.95645000,1
1506936837,22646900,0.20185,9731.04612000,1
1506936800,22646873,0.20181,3570.90000000,1
1506936800,22646872,0.20200,200.00000000,1
1506936800,22646871,0.20201,270.00000000,1
1506936275,22646300,0.20326,64.34616734,0
1506936237,22646234,0.20336,1691.25288882,0
1506936237,22646232,0.20314,270.00000000,0
1506935974,22645897,0.20337,4262.27201652,1
1506935972,22645896,0.20325,270.00000000,0
1506935572,22645752,0.20229,730.00000000,1
1506935572,22645751,0.20240,270.00000000,1
1506935557,22645747,0.20312,270.00000000,0
1506935531,22645733,0.20358,1157.44452446,1
1506935531,22645732,0.20322,1228.60960000,0
1506935529,22645731,0.20313,270.00000000,0
1506935400,22645646,0.20323,4909.46512694,0
1506935258,22645540,0.20335,62.00000000,0
1506935215,22645522,0.20238,61.37193437,1
1506934961,22645453,0.20330,294.70995628,0
1506934442,22645162,0.20359,200.00000000,0
1506934403,22645116,0.20313,3357.47954000,0
1506934354,22645046,0.20210,1015.00000000,1
1506934200,22644972,0.20174,3482.97551000,0
1506934199,22644966,0.20174,6517.02449000,1
1506934162,22644947,0.20161,244.12276718,1
1506934162,22644946,0.20210,74.22070000,1
1506934160,22644945,0.20230,270.00000000,1
1506933950,22644825,0.20340,92.00000000,1
1506933856,22644784,0.20340,273.00000000,1
1506933530,22644655,0.20361,1444.75212415,0
1506933528,22644653,0.20356,270.00000000,0
1506932899,22644390,0.20323,3000.00000000,1
1506932872,22644381,0.20319,483.00000000,1
1506932862,22644379,0.20459,15338.52583215,0
1506932862,22644378,0.20378,458.35482000,0
1506932862,22644377,0.20378,2291.77409000,0
1506932862,22644376,0.20377,1221.90180000,1
1506932860,22644375,0.20317,209.22247379,0
1506932833,22644373,0.20317,60.77752621,0
1506932442,22644239,0.20259,4000.00000000,1
1506932437,22644237,0.20259,1544.68899000,1
1506932437,22644236,0.20260,8455.31101000,1
1506932413,22644218,0.20270,4000.00000000,1
1506932257,22644156,0.20246,3000.00000000,1
1506931889,22643985,0.20210,0.00000046,0
1506931831,22643944,0.20210,6156.18430700,0
1506931775,22643923,0.20175,228.60000000,1
1506931775,22643922,0.20175,771.40000000,1
1506931598,22643826,0.20210,1693.98848836,0
1506931597,22643823,0.20210,2461.47480440,0
1506931596,22643820,0.20210,768.76378030,0
1506931595,22643817,0.20210,768.71707075,0
1506931593,22643813,0.20210,261.87154873,0
1506931593,22643812,0.20210,506.79891143,0
1506931102,22643611,0.20210,468.20108857,0
1506931066,22643595,0.20210,25.00000000,1
1506931024,22643584,0.20300,347.01423645,0
1506931013,22643582,0.20300,73.88070000,0
1506930967,22643563,0.20303,348.53819632,0
1506930967,22643562,0.20300,1233.59520000,0
1506930966,22643560,0.20299,25363.18900000,1
1506930966,22643557,0.20299,1121.19528429,1
1506930965,22643555,0.20299,5285.11803000,0
1506930800,22643488,0.20446,244.22909126,0
1506930581,22643387,0.20155,730.00000000,1
1506930580,22643386,0.20155,270.00000000,1
1506930231,22643194,0.20154,350.00000000,0
1506930231,22643193,0.20154,270.00000000,1
1506930219,22643185,0.20320,4669.57391614,1
1506930219,22643184,0.20320,1202.96570000,1
1506930217,22643182,0.20270,38.56564000,0
1506930212,22643177,0.20326,10961.99999887,0
1506930212,22643176,0.20270,0.00000113,0
1506930212,22643175,0.20270,38.56563887,1
1506930204,22643161,0.20270,122.36714356,0
1506930180,22643141,0.20270,147.63285644,0
1506930159,22643128,0.20157,1230.00000000,0
1506930156,22643126,0.20157,270.00000000,1
1506929625,22642825,0.20150,24.07739020,1
1506929624,22642824,0.20160,700.00000000,1
1506929624,22642823,0.20180,1923.16950000,1
1506929624,22642822,0.20180,700.00000000,1
1506929624,22642821,0.20214,69.17239000,1
1506929622,22642820,0.20229,83.58072000,1
1506929591,22642804,0.20245,1079.27113200,0
1506929591,22642803,0.20246,7206.92665000,1
1506929591,22642802,0.20247,270.00000000,1
1506929542,22642748,0.20244,3907.60754500,1
1506929542,22642747,0.20245,10893.39422000,1
1506929164,22642545,0.20280,1953.90080000,1
1506928996,22642436,0.20302,1645.84006000,0
1506928830,22642378,0.20302,983.53800000,0
1506928829,22642377,0.20302,16618.38378000,0
1506928829,22642376,0.20301,3381.61622000,0
1506928827,22642372,0.20299,779.88500000,0
1506928824,22642369,0.20299,2461.14000000,0
1506928800,22642355,0.20302,20982.23816000,0
1506928800,22642354,0.20298,4017.76184000,0
1506928795,22642342,0.20301,7357.39004400,0
1506928786,22642337,0.20301,270.00000000,0
1506928781,22642333,0.20302,270.00000000,1
1506928741,22642315,0.20300,12946.33061923,1
1506928741,22642314,0.20301,270.00000000,1
1506928633,22642266,0.20301,2500.00000000,1
1506928611,22642230,0.20300,2700.19712200,1
1506928611,22642229,0.20302,270.00000000,1
1506928551,22642188,0.20430,2053.76106971,1
1506928531,22642172,0.20430,6912.08792200,1
1506928529,22642169,0.20430,2053.76107000,1
1506928294,22642045,0.20430,5313.92445800,1
1506928294,22642044,0.20431,7119.99217000,1
1506928290,22642043,0.20572,130.90876252,0
1506928278,22642033,0.20431,115.24458300,1
1506928260,22642016,0.20431,1454.64000000,1
1506928237,22642002,0.20431,3399.19364800,1
1506928234,22642000,0.20431,203.74941600,1
1506928234,22641999,0.20432,1551.01502000,1
1506928220,22641993,0.20431,3887.99999900,1
1506928214,22641992,0.20430,721.97311100,1
1506928213,22641991,0.20431,15390.12918000,1
1506928207,22641988,0.20430,10000.00000000,0
1506928207,22641987,0.20430,46.91424929,0
1506928207,22641986,0.20429,2897.57812000,0
1506928196,22641972,0.20430,9953.08575071,0
1506928196,22641971,0.20430,10000.00000000,0
1506928195,22641970,0.20430,3811.99596929,0
1506928195,22641969,0.20429,3955.03512000,0
1506928195,22641968,0.20428,2279.88316000,0
1506928193,22641960,0.20307,2263.47566563,1
1506928172,22641910,0.20300,3369.47225877,1
1506928172,22641909,0.20300,2517.78325123,1
1506928172,22641907,0.20301,1612.74449000,1
1506928171,22641905,0.20302,2500.00000000,1
1506928167,22641891,0.20430,1961.62382000,0
1506928167,22641888,0.20351,6077.47400000,0
1506928166,22641883,0.20650,4226.38021071,1
1506928164,22641876,0.20650,51958.61317200,1
1506928164,22641875,0.20650,827.06954100,1
1506928164,22641874,0.20650,2020.39500000,1
1506928164,22641873,0.20650,2027.95735200,1
1506928164,22641872,0.20650,3019.64014900,1
1506928163,22641870,0.20650,2101.45300000,1
1506928163,22641868,0.20650,1973.35148600,1
1506928163,22641867,0.20650,6335.51200000,1
1506928163,22641866,0.20650,9431.32998075,1
1506928163,22641865,0.20650,973.92914100,1
1506928163,22641864,0.20650,4103.21513300,1
1506928163,22641863,0.20650,40649.29688000,1
1506928163,22641860,0.20650,9768.00425000,1
1506928163,22641859,0.20650,2195.02192500,1
1506928162,22641858,0.20650,5195.02192500,1
1506928162,22641856,0.20650,51958.61317200,1
1506928162,22641854,0.20650,1092.64540000,1
1506928162,22641852,0.20650,2000.00000000,1
1506928162,22641851,0.20650,1481.33000000,1
1506928162,22641850,0.20650,4913.60000000,1
1506928160,22641847,0.20650,9836.33171000,1
1506928160,22641846,0.20650,8740.47287200,1
1506928160,22641845,0.20650,7124.74207300,1
1506928160,22641844,0.20650,33715.22752500,1
1506928160,22641842,0.20650,2722.84100000,1
1506928160,22641840,0.20650,4071.31757870,1
1506928159,22641838,0.20650,12228.31330400,1
1506928159,22641836,0.20650,2144.37127100,1
1506928158,22641833,0.20650,299.38949963,1
1506928158,22641832,0.20650,98.33363817,1
1506928158,22641830,0.20650,738.70100000,1
1506928158,22641828,0.20650,2331.90996592,1
1506928157,22641818,0.20650,4650.57826658,1
1506928157,22641816,0.20650,489.70544000,1
1506928157,22641814,0.20650,435.46805000,1
1506928157,22641811,0.20650,6252.54556400,1
1506928155,22641808,0.20650,19051.79721881,1
1506928155,22641807,0.20650,111.69473121,1
1506928155,22641806,0.20650,2500.00000000,1
1506928155,22641805,0.20650,76610.34500000,1
1506928155,22641804,0.20650,22284.77600000,1
1506928154,22641803,0.20650,930.11565000,1
1506928154,22641802,0.20650,3172.70100000,1
1506928154,22641801,0.20650,4650.57827000,1
1506928154,22641800,0.20650,1244.77610020,1
1506928153,22641799,0.20610,25.00000000,0
1506928153,22641798,0.20609,126088.30017000,0
1506928153,22641797,0.20537,82.90211000,0
1506928153,22641796,0.20501,68.67497000,0
1506928153,22641795,0.20500,15030.00000000,0
1506928153,22641794,0.20465,10286.02332846,0
1506928153,22641792,0.20461,5098.77814586,0
1506928153,22641791,0.20436,1813.20320000,0
1506928152,22641789,0.20435,2500.00000000,0
1506928152,22641788,0.20434,71088.17800000,0
1506928152,22641787,0.20434,17840.04700000,0
1506928152,22641786,0.20432,15389.48063000,0
1506928134,22641775,0.20350,2786.02190000,1
1506928121,22641773,0.20350,3175.41063600,1
1506928110,22641770,0.20300,268.12236100,1
1506928096,22641765,0.20400,20000.00000000,0
1506928088,22641760,0.20300,330.00000000,1
1506928082,22641755,0.20414,8801.45820000,0
1506928082,22641754,0.20412,1198.54180000,0
1506928072,22641750,0.20300,626.00000000,1
1506928047,22641742,0.20300,115.21810700,1
1506928042,22641738,0.20300,2045.26017700,1
1506928028,22641735,0.20300,995.00000000,1
1506927982,22641722,0.20300,2915.34300000,1
1506927976,22641720,0.20300,2980.25157300,1
1506927973,22641717,0.20300,19749.48000000,1
1506927967,22641708,0.20300,4619.07370000,1
1506927962,22641707,0.20300,4622.96500000,1
1506927955,22641706,0.20300,4622.96500000,1
1506927917,22641699,0.20300,10312.29419200,1
1506927866,22641687,0.20300,1218.55233500,1
1506927865,22641686,0.20300,19036.18467800,1
1506927864,22641685,0.20301,270.00000000,1
1506927838,22641675,0.20300,1083.70443400,1
1506927790,22641600,0.20300,4651.65282400,1
1506927787,22641599,0.20300,30958.46392300,1
1506927787,22641598,0.20301,270.00000000,1
1506927750,22641576,0.20300,1416.75048100,1
1506927736,22641568,0.20300,7236.39889700,1
1506927725,22641552,0.20296,1161.19216000,0
1506927725,22641550,0.20296,5805.96082000,0
1506927725,22641549,0.20225,2274.89252487,0
1506927724,22641548,0.20225,3786.50000000,0
1506927724,22641547,0.20185,0.31441757,0
1506927681,22641534,0.20185,628.78558243,0
1506927677,22641532,0.20185,770.90000000,1
1506927571,22641497,0.20181,16451.51441673,0
1506927533,22641480,0.20181,5129.26322627,0
1506927528,22641474,0.20181,9131.89904230,0
1506927516,22641470,0.20181,6975.00672388,0
1506927512,22641467,0.20181,325.08670098,0
1506927509,22641465,0.20181,326.51336984,0
1506927506,22641462,0.20181,7720.71652000,0
1506927505,22641461,0.20202,3940.00000000,1
1506927336,22641411,0.20225,764.50000000,1
1506927009,22641249,0.20225,6502.65942699,0
1506926944,22641199,0.20225,557.53321100,0
1506926925,22641185,0.20225,28193.80736201,0
1506926925,22641184,0.20225,67420.03604799,0
1506926925,22641183,0.20224,4386.15659000,0
1506926898,22641178,0.20224,4000.00000000,1
1506926898,22641177,0.20224,0.47543000,1
1506926853,22641154,0.20225,4095.96395201,1
1506926713,22641093,0.20225,1002.81419385,0
1506926320,22640809,0.20225,15972.31322615,1
1506926320,22640808,0.20226,7261.07258000,1
1506926320,22640807,0.20245,763.80000000,1
1506925977,22640682,0.20225,100.00000000,1
1506925955,22640675,0.20225,24.83552631,1
1506925953,22640674,0.20225,566.89231200,1
1506925333,22640421,0.20224,3999.52457000,1
1506925333,22640420,0.20225,9616.19708000,1
1506925333,22640419,0.20248,4588.00000000,1
1506924493,22640138,0.20202,7000.00293753,0
1506924404,22640116,0.20202,0.00000047,1
1506924385,22640112,0.20202,7815.35946800,1
1506924385,22640111,0.20203,270.00000000,1
1506924340,22640090,0.20203,1731.93009414,1
1506924340,22640089,0.20203,270.00000000,1
1506924304,22640083,0.20210,2000.00000000,1
1506924304,22640082,0.20211,270.00000000,1
1506924265,22640077,0.20225,4000.00000000,1
1506924265,22640076,0.20250,501.39749000,1
1506924212,22640058,0.20250,258.20251000,1
1506924211,22640057,0.20251,270.00000000,1
1506923986,22639975,0.20326,952.15738463,0
1506923975,22639971,0.20300,1925.67745000,1
1506923843,22639912,0.20300,74.32255000,1
1506923843,22639911,0.20300,25.67745000,1
1506923803,22639897,0.20340,245.20801377,0
1506923692,22639877,0.20342,451.38354144,0
1506923463,22639754,0.20300,270.00000000,0
1506923295,22639704,0.20290,10125.48253448,0
1506923064,22639613,0.20210,515.00000000,1
1506922944,22639547,0.20300,200.00000000,0
1506922858,22639505,0.20202,1477.68915846,1
1506922858,22639504,0.20215,1753.82130000,1
1506922858,22639503,0.20222,7028.94508254,1
1506922856,22639500,0.20222,22971.05491746,1
1506922856,22639499,0.20223,1436.74844000,1
1506922856,22639498,0.20231,268.63100454,1
1506922856,22639497,0.20232,7181.07212000,1
1506922856,22639496,0.20233,4566.56754000,1
1506922856,22639495,0.20234,1733.32700000,1
1506922855,22639493,0.20284,270.00000000,1
1506922846,22639489,0.20266,1311.58510000,1
1506922846,22639486,0.20283,270.00000000,1
1506922839,22639481,0.20283,4730.00000000,1
1506922839,22639480,0.20285,270.00000000,1
1506922783,22639467,0.20300,7651.62307557,1
1506922783,22639466,0.20301,3397.18735600,1
1506922734,22639442,0.20301,2602.81264400,1
1506922538,22639410,0.20367,19402.00000000,0
1506922494,22639390,0.20300,2521.68686000,1
1506922494,22639389,0.20301,270.00000000,1
1506922454,22639378,0.20300,6727.63125900,1
1506922454,22639376,0.20306,270.00000000,1
1506922372,22639343,0.20303,8286.61135800,0
1506922372,22639342,0.20303,270.00000000,1
1506922367,22639334,0.20302,2291.63759361,1
1506922367,22639333,0.20302,270.00000000,1
1506922224,22639241,0.20379,1546.42947293,0
1506922224,22639240,0.20378,270.00000000,0
1506922189,22639230,0.20300,3674.79911400,1
1506921663,22639112,0.20386,1862.15824585,1
1506921662,22639111,0.20385,4618.78720000,0
1506921662,22639110,0.20385,2500.00000000,0
1506921661,22639109,0.20384,1785.46060000,0
1506921626,22639093,0.20231,213.62627546,1
1506921626,22639092,0.20231,2000.00000000,1
1506921625,22639091,0.20232,1431.46731000,1
1506921625,22639090,0.20245,7154.16543000,1
1506921625,22639089,0.20247,270.00000000,1
1506921308,22639053,0.20231,2000.00000026,1
1506921091,22639008,0.20337,2000.00000000,0
1506920906,22638956,0.20352,833.21565448,0
1506920639,22638902,0.20247,1721.93272900,1
1506920477,22638860,0.20308,1825.50193000,1
1506920476,22638858,0.20308,2578.95832400,1
1506920475,22638857,0.20308,450.50894600,1
1506920474,22638856,0.20308,825.50193000,1
1506920472,22638855,0.20309,53.00000000,1
1506920470,22638852,0.20308,1825.50193000,1
1506920440,22638819,0.20465,59.28782882,0
1506920440,22638818,0.20465,8498.86843973,1
1506920440,22638816,0.20460,5000.00000000,1
1506920439,22638815,0.20403,979.07163449,0
1506920439,22638814,0.20364,823.76569000,0
1506920439,22638813,0.20319,1222.86930000,0
1506920439,22638812,0.20319,13759.81988800,1
1506920439,22638810,0.20319,8978.12077200,1
1506920438,22638806,0.20303,4118.82843000,0
1506920438,22638805,0.20303,2561.85905700,1
1506920438,22638804,0.20303,1904.69879100,1
1506920438,22638803,0.20303,6330.27624600,1
1506920438,22638802,0.20303,2159.88572600,1
1506920436,22638801,0.20302,20838.88400000,0
1506920256,22638777,0.20227,36.26638500,0
1506920256,22638776,0.20227,1909.59670000,0
1506920208,22638773,0.20236,622.29900000,1
1506920207,22638772,0.20236,270.00000000,1
1506919820,22638688,0.20236,1433.49650400,1
1506919570,22638605,0.20349,500.00000000,1
1506919531,22638596,0.20373,291.86764000,0
1506918776,22638401,0.20289,5433.79890668,0
1506918625,22638353,0.20311,270.00000000,1
1506918501,22638327,0.20310,270.00000000,1
1506918380,22638252,0.20309,270.00000000,1
1506918152,22638185,0.20202,706.95137307,1
1506918152,22638184,0.20210,25.00000000,1
1506918152,22638183,0.20210,270.00000000,0
1506918151,22638182,0.20211,1486.72271000,1
1506918151,22638181,0.20296,7422.45602000,1
1506918151,22638180,0.20310,1299.99999993,1
1506918150,22638179,0.20311,270.00000000,1
1506918150,22638178,0.20311,2374.97860000,1
1506918130,22638171,0.20309,0.00000007,0
1506918112,22638161,0.20309,1302.05874100,0
1506918018,22638130,0.20317,81.00000000,0
1506917403,22637969,0.20465,976.10549719,0
1506917402,22637968,0.20403,3754.96392000,0
1506917394,22637961,0.20499,510.48544611,1
1506917394,22637960,0.20499,8771.16000000,1
1506917393,22637959,0.20465,595.72739000,0
1506917393,22637958,0.20465,2978.63696000,0
1506917392,22637957,0.20404,1210.68390000,0
1506917391,22637956,0.20403,1000.09890702,0
1506917248,22637930,0.20403,2999.90109298,0
1506916947,22637857,0.20274,128.00000000,1
1506916895,22637827,0.20375,171.58123742,0
1506916895,22637826,0.20375,1216.38210000,0
1506916893,22637825,0.20314,81.00000000,0
1506916709,22637766,0.20245,45.00000000,1
1506916381,22637690,0.20361,499.63240699,0
1506916051,22637634,0.20403,5231.90932705,0
1506916051,22637633,0.20401,15273.59945000,0
1506916049,22637632,0.20309,30.00000000,0
1506914960,22637425,0.20298,2639.25596500,1
1506914960,22637424,0.20299,6333.41290000,1
1506914865,22637414,0.20256,25.00000000,1
1506914835,22637404,0.20392,4.16369164,0
1506914833,22637403,0.20280,20.40665680,0
1506914736,22637375,0.20280,24.59334320,0
1506914719,22637372,0.20279,25.00000000,1
1506914423,22637333,0.20279,25.00000000,0
1506914034,22637249,0.20180,281.50462000,1
1506914034,22637248,0.20235,1198.16190000,1
1506914033,22637247,0.20236,1405.93165000,1
1506914033,22637246,0.20300,777.00000000,1
1506914033,22637245,0.20300,1431.02400000,1
1506914033,22637244,0.20308,7020.59684000,1
1506914032,22637243,0.20309,11885.78099000,1
1506913976,22637238,0.20380,0.00000023,1
1506913961,22637232,0.20380,2862.30761000,1
1506913959,22637230,0.20380,2224.09238977,1
1506913959,22637229,0.20379,4913.60000000,0
1506913945,22637228,0.20383,52.36903302,0
1506913811,22637204,0.20249,55.89140000,1
1506913795,22637196,0.20417,2360.25546907,1
1506913795,22637195,0.20417,764.64600000,0
1506913795,22637194,0.20417,3823.22999000,0
1506913793,22637193,0.20343,270.00000000,1
1506913791,22637192,0.20343,270.00000000,0
1506913572,22637141,0.20290,4371.82000000,0
1506913571,22637140,0.20288,270.00000000,0
1506913200,22637029,0.20290,160.00000000,1
1506912832,22636961,0.20285,133.00000000,0
1506912829,22636958,0.20285,357.41726596,0
1506912827,22636953,0.20303,8826.86680303,0
1506912807,22636951,0.20287,144.00000000,0
1506912442,22636890,0.20274,474.93665269,0
1506912320,22636863,0.20275,238.12950000,0
1506912320,22636861,0.20272,31.87050000,0
1506912138,22636825,0.20200,200.00000000,1
1506912138,22636824,0.20200,612.07892160,1
1506912086,22636810,0.20241,355.12950000,0
1506912013,22636793,0.20200,87.92107840,1
1506912013,22636792,0.20214,68.67497000,1
1506911674,22636575,0.20384,165.62083006,1
1506911672,22636574,0.20377,270.00000000,0
1506911547,22636540,0.20338,3724.00520231,1
1506911546,22636539,0.20338,1076.72981000,1
1506911529,22636538,0.20318,99.49466100,0
1506911347,22636435,0.20338,1965.31600400,0
1506911316,22636318,0.20220,204.24287365,1
1506911316,22636316,0.20220,495.75712635,1
1506911316,22636313,0.20221,270.00000000,1
1506911316,22636311,0.20222,181.00285365,1
1506911305,22636219,0.20229,82.90211000,1
1506911305,22636217,0.20240,353.55726670,1
1506911305,22636216,0.20240,346.44273330,1
1506911305,22636214,0.20240,864.43941970,1
1506911304,22636208,0.20240,686.06266400,1
1506911304,22636205,0.20250,1130.58155000,1
1506911304,22636203,0.20263,270.00000000,1
1506911049,22635911,0.20317,925.91610000,1
1506911049,22635910,0.20320,797.90260000,1
1506911049,22635909,0.20321,270.00000000,1
1506910959,22635877,0.20396,1.95142243,0
1506910957,22635872,0.20359,387.00000000,0
1506910800,22635744,0.20320,202.09740000,1
1506910749,22635736,0.20376,144.90260000,0
1506909967,22635584,0.20379,40.00000000,0
1506909608,22635525,0.20440,2445.42598327,1
1506909485,22635512,0.20413,170.57937721,0
1506909190,22635430,0.20240,2449.49791630,1
1506909190,22635429,0.20260,700.00000000,1
1506909190,22635427,0.20300,3000.00000000,1
1506909188,22635426,0.20301,270.00000000,1
1506909012,22635387,0.20310,45.17030000,1
1506908994,22635377,0.20310,170.00000000,1
1506908877,22635367,0.20470,230.00000000,1
1506908875,22635366,0.20457,270.00000000,0
1506908671,22635304,0.20483,2647.59019674,0
1506908671,22635303,0.20483,270.00000000,0
1506908642,22635286,0.20306,2030.00000000,0
1506908640,22635285,0.20394,270.00000000,1
1506908619,22635282,0.20301,27778.10146213,1
1506908619,22635281,0.20351,957.52123938,1
1506908618,22635280,0.20351,960.18596849,1
1506908618,22635279,0.20387,1213.00180000,1
1506908618,22635278,0.20388,8174.25300000,1
1506908617,22635277,0.20393,11446.93653000,0
1506908616,22635276,0.20393,270.00000000,1
1506908421,22635220,0.20398,2408.04096750,0
1506908420,22635216,0.20403,5638.24083200,1
1506908420,22635213,0.20401,3403.75916800,0
1506908420,22635212,0.20351,958.00000000,0
1506908418,22635208,0.20401,6596.24083200,0
1506908418,22635207,0.20400,3403.75916800,0
1506908415,22635206,0.20301,2276.81378588,1
1506908415,22635205,0.20340,19540.00000000,1
1506908415,22635204,0.20350,150.00000000,1
1506908415,22635203,0.20398,2195.00030000,1
1506908415,22635201,0.20400,100.00000000,1
1506908415,22635200,0.20400,100000.00000000,1
1506908415,22635198,0.20401,337.29799446,1
1506908415,22635197,0.20401,5000.00000000,1
1506908414,22635196,0.20402,8403.04000000,1
1506908281,22635183,0.20445,730.00000000,0
1506908276,22635182,0.20447,270.00000000,1
1506908239,22635179,0.20427,11186.94121900,1
1506908239,22635178,0.20428,2500.00000000,1
1506908238,22635177,0.20446,270.00000000,1
1506908007,22635131,0.20427,2885.87213987,1
1506908007,22635130,0.20428,10446.87634000,1
1506907968,22635128,0.20424,3000.00000000,1
1506907898,22635117,0.20499,4848.32390000,0
1506907892,22635114,0.20500,500.00000000,1
1506907892,22635113,0.20501,2500.00000000,1
1506907891,22635112,0.20501,68.69758000,1
1506907865,22635108,0.20537,82.32801000,1
1506907659,22635034,0.20550,391.43238500,1
1506907655,22635033,0.20550,8155.03111500,1
1506907655,22635032,0.20550,2100.00000000,1
1506907641,22635025,0.20551,391.43238500,1
1506907641,22635024,0.20552,2500.00000000,1
1506907586,22635005,0.20552,2500.00000000,1
1506907545,22634982,0.20552,879.06434800,1
1506907529,22634924,0.20551,1799.86000000,1
1506907525,22634916,0.20572,1119.93565200,1
1506907524,22634914,0.20572,1380.06434800,1
1506907487,22634897,0.20574,1911.05612400,1
1506907484,22634896,0.20571,476.29857900,1
1506907484,22634895,0.20573,2500.00000000,1
1506907482,22634893,0.20654,4879.22791677,1
1506907480,22634891,0.20620,156.19544278,0
1506907472,22634889,0.20567,958.00000000,0
1506907471,22634887,0.20566,1000.00000000,0
1506907232,22634819,0.20621,843.80455722,1
1506907207,22634816,0.20620,175.00000000,0
1506907186,22634814,0.20601,571.23606408,0
1506907184,22634813,0.20602,270.00000000,1
1506907158,22634805,0.20601,7048.00000000,1
1506907122,22634799,0.20654,270.00000000,0
1506907118,22634795,0.20654,270.00000000,1
1506907092,22634790,0.20653,398.36318922,1
1506907068,22634777,0.20688,270.00000000,0
1506907066,22634776,0.20688,1414.65461502,1
1506907066,22634775,0.20688,165.58719576,1
1506907050,22634765,0.20689,270.00000000,0
1506907047,22634764,0.20689,95.00000000,1
1506907047,22634762,0.20689,175.00000000,1
1506906964,22634736,0.20688,599.22900000,1
1506906964,22634735,0.20689,270.00000000,1
1506906888,22634729,0.20688,192.70504362,1
1506906888,22634728,0.20688,957.52123938,1
1506906888,22634727,0.20689,270.00000000,1
1506906725,22634667,0.20834,587.89017951,0
1506906725,22634666,0.20817,100.00000000,0
1506906723,22634665,0.20816,270.00000000,0
1506906629,22634649,0.20710,1808.92614600,0
1506906629,22634648,0.20710,6444.01255400,0
1506906627,22634647,0.20719,270.00000000,1
1506906501,22634604,0.20688,958.00000000,0
1506906097,22634406,0.20850,15408.10955971,1
1506906096,22634404,0.20850,5000.00000000,1
1506906052,22634359,0.20850,20000.00000000,1
1506906006,22634324,0.20850,280.00000000,1
1506905995,22634321,0.20850,500.00000000,1
1506905933,22634259,0.20850,2500.00000000,1
1506905901,22634181,0.20850,100.00000000,1
1506905793,22634031,0.20850,5630.00000000,1
1506905765,22634001,0.20872,34.83517172,0
1506905739,22633960,0.20850,5501.00000000,1
1506905732,22633958,0.20850,409.23573400,1
1506905725,22633944,0.20850,20000.00000000,1
1506905724,22633939,0.20850,1000.00000000,1
1506905687,22633893,0.20850,816.38568000,1
1506905661,22633866,0.20850,801.89959600,1
1506905639,22633859,0.20850,2500.00000000,1
1506905634,22633857,0.20850,817.75724700,1
1506905618,22633849,0.20850,52454.37334700,1
1506905613,22633847,0.20850,4988.27836500,1
1506905611,22633844,0.20850,12245.54028800,1
1506905609,22633841,0.20850,795.38589300,1
1506905596,22633830,0.20850,578.14087800,1
1506905582,22633828,0.20850,811.06532400,1
1506905562,22633820,0.20850,5012.96515218,1
1506905555,22633812,0.20850,1140.44636900,1
1506905542,22633804,0.20850,2388.10885200,1
1506905513,22633787,0.20850,82094.97129300,1
1506905509,22633783,0.20850,72099.27900000,1
1506905450,22633758,0.20872,2927.09246000,0
1506905450,22633757,0.20870,128.34142000,0
1506905450,22633756,0.20850,1065.55361800,1
1506905442,22633755,0.20850,151.69891900,1
1506905442,22633754,0.20851,5804.20839000,1
1506905434,22633749,0.20851,834.00000000,1
1506905428,22633746,0.20872,13256.94121310,0
1506905426,22633739,0.20860,700.00000000,0
1506905419,22633737,0.20851,1074.89750719,1
1506905419,22633735,0.20851,1074.89741500,1
1506905398,22633698,0.20851,1007.08502900,1
1506905317,22633660,0.20851,4155.45844400,1
1506905303,22633656,0.20850,24818.06835000,1
1506905301,22633654,0.20851,7181.93165000,1
1506905279,22633646,0.20851,511.85000000,1
1506905279,22633645,0.20852,187.30000000,1
1506905256,22633635,0.20851,2500.00000000,1
1506905232,22633617,0.20851,1154.00000000,1
1506905213,22633604,0.20851,33.00000000,1
1506905205,22633591,0.20851,1934.00000000,1
1506905178,22633576,0.20851,1057.00000000,1
1506905172,22633560,0.20851,599.49515819,1
1506905170,22633547,0.20850,1854.76738610,1
1506905169,22633545,0.20850,4629.87912000,1
1506905167,22633536,0.20850,334.17655800,1
1506905167,22633535,0.20850,2188.78714630,1
1506905162,22633519,0.20850,81.65858000,0
1506905162,22633518,0.20850,47088.29114471,0
1506905162,22633517,0.20849,334.17660000,0
1506905162,22633516,0.20849,1130.00000000,0
1506905162,22633515,0.20799,450.00000000,0
1506905150,22633508,0.20763,1060.00000000,1
1506905123,22633504,0.20738,480.00000000,0
1506905108,22633496,0.20850,2911.70885529,0
1506905108,22633494,0.20850,280.00000000,0
1506905108,22633491,0.20844,397.04151000,0
1506905108,22633490,0.20800,4810.00000000,0
1506905106,22633488,0.20799,8890.75317743,0
1506905096,22633461,0.20739,409.00000000,0
1506905026,22633383,0.20731,720.52531200,1
1506904993,22633351,0.20799,2793.65917976,0
1506904988,22633347,0.20799,12035.13819200,0
1506904988,22633346,0.20798,471.73248000,0
1506904988,22633345,0.20797,60.00000000,0
1506904970,22633310,0.20799,3135.86381500,0
1506904969,22633297,0.20799,13478.10365300,0
1506904968,22633292,0.20792,68.20248000,0
1506904968,22633291,0.20730,10725.76353400,0
1506904967,22633288,0.20729,287.00000000,1
1506904964,22633284,0.20729,618.00000000,1
1506904960,22633279,0.20729,618.00000000,1
1506904960,22633274,0.20729,560.47423000,1
1506904959,22633272,0.20730,5000.00000000,0
1506904954,22633261,0.20729,665.90998000,0
1506904899,22633155,0.20730,1280.23646600,0
1506904899,22633154,0.20729,791.18018000,0
1506904893,22633123,0.20700,2000.00000000,0
1506904893,22633121,0.20700,1103.50000000,0
1506904892,22633119,0.20698,755.45679000,0
1506904864,22633042,0.20698,231.54321000,0
1506904692,22632914,0.20699,212.30288138,0
1506904682,22632907,0.20655,5553.60378177,0
1506904682,22632904,0.20655,3354.15277923,0
1506904681,22632903,0.20655,1092.24340900,0
1506904645,22632891,0.20655,0.00003000,0
1506904645,22632890,0.20654,2630.50607000,0
1506904636,22632883,0.20654,11095.66380000,0
1506904636,22632882,0.20654,1903.59720000,0
1506904617,22632864,0.20653,0.00005000,1
1506904604,22632862,0.20650,2261.69965000,0
1506904604,22632861,0.20651,270.00000000,1
1506904603,22632860,0.20651,270.00000000,1
1506904602,22632859,0.20651,270.00000000,1
1506904602,22632858,0.20651,270.00000000,1
1506904601,22632857,0.20651,270.00000000,0
1506904601,22632856,0.20639,270.00000000,0
1506904587,22632854,0.20638,523.38158400,0
1506904344,22632644,0.20518,270.00000000,1
1506904102,22632542,0.20468,5650.93769800,1
1506904097,22632541,0.20466,1000.00000000,1
1506903954,22632488,0.20705,1312.41807200,0
1506903954,22632487,0.20704,4338.51962600,0
1506903944,22632486,0.20705,85.92086650,0
1506903940,22632485,0.20550,218.00000000,1
1506903719,22632416,0.20550,3452.00000000,0
1506903706,22632379,0.20547,0.00005000,1
1506903703,22632369,0.20536,4244.80195000,0
1506903687,22632365,0.20537,109.86071812,0
1506903686,22632363,0.20515,2407.42949388,0
1506903670,22632356,0.20515,614.66191800,0
1506903643,22632342,0.20525,270.00000000,1
1506903642,22632341,0.20525,270.00000000,1
1506903642,22632340,0.20525,270.00000000,1
1506903642,22632339,0.20525,270.00000000,1
1506903642,22632338,0.20525,270.00000000,1
1506903642,22632337,0.20525,270.00000000,1
1506903635,22632335,0.20522,270.00000000,0
1506903604,22632321,0.20466,987.00000000,0
1506903512,22632295,0.20517,270.00000000,0
1506903503,22632288,0.20427,3833.94545469,1
1506903503,22632287,0.20430,315.50998531,1
1506903503,22632286,0.20431,270.00000000,1
1506903503,22632285,0.20433,2560.67006000,1
1506903503,22632284,0.20433,3019.87450000,1
1506903415,22632255,0.20501,4780.09916122,1
1506903415,22632253,0.20501,660.86233991,1
1506903270,22632184,0.20522,311.91339479,0
1506903249,22632176,0.20447,931.79752000,1
1506903247,22632175,0.20501,68.20248000,1
1506903224,22632174,0.20532,363.59360579,0
1506903189,22632168,0.20537,294.93498250,0
1506903066,22632073,0.20537,81.65858000,1
1506902843,22631842,0.20540,2181.20229784,1
1506902843,22631840,0.20540,6287.32266216,0
1506902843,22631839,0.20540,2181.20230000,0
1506902842,22631837,0.20540,17918.93763784,1
1506902841,22631836,0.20541,5000.00000000,1
1506902841,22631835,0.20590,3500.00000000,1
1506902841,22631834,0.20598,2342.53740000,1
1506902841,22631833,0.20599,2500.00000000,1
1506902841,22631832,0.20599,270.00000000,1
1506902801,22631793,0.20541,13167.38110000,0
1506902800,22631791,0.20541,12848.39600000,0
1506902800,22631790,0.20541,2500.00000000,0
1506902799,22631789,0.20591,1484.22290000,1
1506902798,22631788,0.20540,3478.06236216,1
1506902798,22631787,0.20541,5000.00000000,1
1506902798,22631786,0.20542,2203.55998000,1
1506902798,22631785,0.20589,2500.00000000,1
1506902798,22631784,0.20590,11012.21599000,1
1506902798,22631783,0.20594,270.00000000,1
1506902776,22631762,0.20590,8986.89120000,1
1506902776,22631761,0.20591,5000.00000000,1
1506902776,22631760,0.20591,11012.87880000,1
1506902776,22631759,0.20753,0.23000000,1
1506902675,22631697,0.20753,255.00000000,1
1506902656,22631675,0.20753,99.90000000,1
1506902584,22631649,0.20752,1684.00000000,1
1506902578,22631648,0.20752,3315.41034700,1
1506902575,22631646,0.20800,3162.31943287,1
1506902560,22631641,0.20759,5500.00000000,1
1506902556,22631640,0.20759,4000.00000000,1
1506902529,22631632,0.20755,2500.00000000,1
1506902509,22631627,0.20845,71.68745704,0
1506902508,22631624,0.20819,138.00000000,0
1506902471,22631597,0.20751,990.51287223,1
