date,tid,price,amount,type
1506470439,22339696,3268.00,0.42821220,1
1506470439,22339695,3268.01,0.00000384,1
1506470439,22339693,3268.01,0.01679616,1
1506470433,22339688,3275.75,0.09873101,0
1506470431,22339687,3268.00,0.51182976,1
1506470431,22339686,3269.11,0.00304975,1
1506470431,22339685,3270.00,0.00232202,1
1506470391,22339651,3275.75,0.02997026,0
1506470331,22339631,3270.00,0.01767798,1
1506470331,22339630,3270.00,0.06281219,1
1506470331,22339629,3270.00,0.10000000,1
1506470331,22339628,3270.00,0.26915216,1
1506470320,22339619,3270.00,0.01492137,1
1506470319,22339617,3270.00,0.52551325,1
1506470282,22339586,3270.00,0.01502447,1
1506470261,22339573,3275.75,0.01000000,0
1506470179,22339521,3275.75,0.20923796,0
1506470112,22339499,3270.01,0.07429802,1
1506470111,22339498,3270.21,0.29754987,1
1506470078,22339488,3275.75,0.20935902,0
1506470066,22339487,3275.75,0.00250000,0
1506470016,22339484,3270.21,0.08477768,1
1506470010,22339483,3270.21,0.36744347,1
1506469975,22339476,3270.21,0.18392053,1
1506469975,22339475,3270.22,0.18798483,1
1506469957,22339470,3270.22,0.63807597,1
1506469951,22339469,3270.23,0.04537073,1
1506469939,22339463,3270.22,0.61548301,1
1506469857,22339441,3270.30,0.03986741,1
1506469851,22339440,3270.30,0.36148631,1
1506469851,22339439,3270.77,0.01000000,1
1506469713,22339402,3270.22,0.45705407,1
1506469713,22339401,3270.23,0.17000000,1
1506469713,22339400,3273.00,0.06907432,1
1506469695,22339396,3273.00,0.18092568,1
1506469581,22339335,3275.75,0.00854132,0
1506469566,22339332,3270.30,0.56563043,1
1506469512,22339311,3275.75,0.03017878,0
1506469486,22339306,3275.75,0.48811848,0
1506469216,22339246,3270.02,0.03820400,1
1506469206,22339240,3270.20,0.05191580,1
1506469205,22339238,3270.20,0.45965600,1
1506469198,22339232,3275.75,0.01000000,0
1506469112,22339180,3275.75,0.03500000,0
1506469088,22339175,3270.21,0.03033960,1
1506469086,22339174,3275.75,0.01872108,0
1506469084,22339169,3275.75,0.01355102,0
1506469082,22339167,3270.21,0.03033960,1
1506469006,22339155,3270.20,0.03398550,1
1506469003,22339154,3270.20,0.00009100,1
1506469003,22339153,3270.21,0.13000000,1
1506468803,22339100,3275.75,0.02500000,0
1506468744,22339093,3275.75,0.02105142,0
1506468744,22339092,3275.74,0.01591328,0
1506468677,22339081,3275.75,0.07325578,0
1506468676,22339080,3275.74,0.03182657,0
1506468596,22339051,3275.75,0.43634686,0
1506468596,22339050,3275.74,0.06365314,0
1506468529,22338999,3275.75,0.33163180,0
1506468523,22338991,3275.75,0.54993193,0
1506468523,22338990,3273.20,0.11258193,0
1506468453,22338965,3273.20,0.01822126,0
1506468415,22338961,3273.20,0.04083771,0
1506468324,22338949,3273.20,0.02951935,0
1506468304,22338946,3273.20,0.02361450,0
1506468224,22338904,3273.20,0.02298584,0
1506468140,22338828,3273.20,0.01000000,0
1506468106,22338811,3273.20,0.18284859,0
1506468073,22338801,3273.20,0.00304289,0
1506468043,22338792,3273.20,0.01719851,0
1506468021,22338791,3273.20,0.03681519,0
1506468015,22338790,3270.00,0.04729089,1
1506468015,22338789,3270.00,0.10000000,1
1506468015,22338788,3270.00,0.04530094,1
1506467976,22338774,3273.20,0.01265300,0
1506467949,22338768,3270.00,0.05469906,1
1506467948,22338767,3270.00,0.10000000,1
1506467948,22338766,3270.00,0.00238838,1
1506467948,22338765,3270.00,0.10000000,1
1506467948,22338764,3271.97,0.00200000,1
1506467948,22338763,3272.44,0.22531256,1
1506467948,22338762,3272.91,0.00560000,1
1506467943,22338758,3273.20,0.02803678,0
1506467903,22338751,3273.20,0.00164445,1
1506467903,22338750,3273.46,0.01000000,1
1506467843,22338735,3273.20,0.00042080,1
1506467843,22338734,3275.00,0.09000000,1
1506467843,22338733,3275.00,0.14587541,1
1506467819,22338721,3275.00,0.02366942,1
1506467819,22338720,3275.15,0.01000000,1
1506467802,22338717,3275.75,0.79173014,0
1506467801,22338716,3275.75,0.02822610,0
1506467726,22338710,3275.00,0.04381912,1
1506467709,22338699,3275.00,0.11500000,1
1506467702,22338696,3275.00,0.67163605,1
1506467702,22338694,3275.00,0.01522900,1
1506467702,22338693,3275.11,0.09723338,1
1506467702,22338692,3275.69,0.54838869,1
1506467650,22338677,3275.72,0.86366884,1
1506467638,22338668,3275.72,0.01609418,1
1506467624,22338666,3275.75,0.03293299,0
1506467624,22338665,3275.74,0.01488263,0
1506467596,22338658,3275.75,0.01000000,0
1506467591,22338657,3275.75,0.73706954,0
1506467575,22338655,3275.75,0.00269400,0
1506467574,22338654,3275.75,0.01000000,0
1506467542,22338590,3275.75,0.01000000,0
1506467542,22338589,3275.75,0.05000000,0
1506467541,22338587,3275.75,0.10322741,0
1506467540,22338586,3275.75,0.47581751,1
1506467522,22338581,3277.14,0.02800753,1
1506467506,22338573,3289.35,0.08788854,0
1506467506,22338572,3279.66,0.05940308,0
1506467491,22338566,3275.82,0.05282530,1
1506467477,22338563,3282.99,0.01000000,1
1506467439,22338551,3275.92,0.02535787,0
1506467430,22338549,3275.81,0.03899748,1
1506467404,22338530,3275.82,0.01000000,1
1506467390,22338528,3287.10,0.10000000,0
1506467369,22338527,3275.73,0.03300080,1
1506467333,22338522,3275.73,0.03575280,1
1506467333,22338521,3283.53,0.01000000,1
1506467309,22338497,3275.73,0.05844950,1
1506467272,22338486,3275.75,0.07500573,1
1506467238,22338473,3289.13,0.17319879,0
1506467103,22338427,3275.72,0.11348928,1
1506467069,22338415,3275.72,0.04818970,1
1506467059,22338408,3275.72,0.02337300,1
1506467055,22338406,3275.73,0.08538320,1
1506467039,22338398,3275.73,0.06319471,1
1506467039,22338397,3278.18,0.00992499,1
1506467031,22338395,3278.18,0.00007501,1
1506467031,22338394,3278.21,0.10781999,1
1506467012,22338389,3289.51,0.02122505,0
1506466986,22338383,3287.89,0.04754203,0
1506466986,22338381,3287.85,0.15541415,0
1506466985,22338380,3287.78,0.00840108,0
1506466954,22338363,3288.05,0.02991557,0
1506466923,22338316,3288.36,0.02790753,0
1506466838,22338241,3289.47,0.00303976,0
1506466830,22338230,3275.69,0.07196790,1
1506466813,22338205,3289.69,0.03855605,0
1506466809,22338196,3289.72,0.78836929,0
1506466739,22338174,3275.69,0.37964341,1
1506466739,22338172,3275.80,0.00761035,1
1506466738,22338169,3276.34,0.10000000,1
1506466738,22338168,3276.34,0.10064551,1
1506466734,22338167,3276.34,0.71272925,1
1506466712,22338157,3276.34,0.07453065,1
1506466712,22338156,3277.01,0.68546935,1
1506466707,22338154,3277.01,0.01479398,1
1506466703,22338149,3277.01,0.15198643,1
1506466702,22338148,3277.01,0.18000000,1
1506466696,22338142,3277.01,0.19937227,1
1506466673,22338131,3277.01,0.07400000,1
1506466651,22338120,3278.02,0.21130395,1
1506466644,22338100,3278.02,0.14342675,1
1506466639,22338095,3278.02,0.72691169,1
1506466639,22338094,3278.02,0.95307630,1
1506466633,22338085,3278.02,0.37102160,1
1506466628,22338077,3278.02,0.07420432,1
1506466627,22338075,3278.02,0.13501862,1
1506466611,22338062,3278.21,0.05000000,0
1506466592,22338054,3278.02,0.01499803,1
1506466587,22338052,3278.21,0.08448625,0
1506466580,22338049,3278.02,0.02432002,1
1506466568,22338046,3278.03,0.01463057,1
1506466564,22338045,3278.21,0.06381970,0
1506466563,22338044,3278.21,0.03896480,0
1506466563,22338043,3278.20,0.01680000,0
1506466557,22338037,3278.03,0.01633910,1
1506466557,22338036,3278.13,0.35468250,1
1506466548,22338034,3278.21,0.05000000,0
1506466534,22338026,3278.30,0.01398070,1
1506466511,22338015,3278.03,0.05922704,1
1506466504,22338012,3278.03,0.08220641,1
1506466504,22338011,3293.25,0.30288584,0
1506466448,22338002,3278.02,0.17931734,1
1506466448,22338001,3278.03,0.01680000,1
1506466448,22338000,3278.03,0.02973980,1
1506466447,22337999,3278.15,0.07000000,1
1506466447,22337998,3278.16,0.01414286,1
1506466444,22337996,3296.02,0.01414286,0
1506466437,22337991,3278.14,0.00256726,1
1506466437,22337990,3284.87,0.84220758,1
1506466406,22337976,3284.87,0.01495950,1
1506466405,22337974,3284.87,0.36994767,1
1506466404,22337970,3284.87,0.15816653,1
1506466402,22337966,3284.87,0.03699081,1
1506466351,22337928,3284.87,0.08259993,1
1506466350,22337925,3284.87,0.08274368,1
1506466342,22337912,3284.87,0.60600000,1
1506466342,22337910,3284.88,0.08000000,1
1506466333,22337903,3285.10,0.67200000,1
1506466329,22337901,3290.00,0.05682144,1
1506466301,22337892,3300.00,0.03025000,0
1506466287,22337889,3290.00,0.11094225,1
1506466282,22337877,3290.03,0.02278703,1
1506466252,22337871,3290.03,0.01109400,0
1506466228,22337861,3290.03,0.04343730,1
1506466225,22337859,3290.00,0.01442440,1
1506466224,22337858,3290.00,0.08289090,1
1506466218,22337857,3290.00,0.01110943,1
1506466209,22337848,3290.00,0.12181764,1
1506466207,22337845,3290.00,0.34438603,1
1506466198,22337811,3290.03,0.00762818,1
1506466182,22337805,3290.00,0.02125532,1
1506466180,22337799,3290.00,0.08320973,1
1506466173,22337790,3290.03,0.02208623,1
1506466172,22337788,3290.00,0.03699089,1
1506466159,22337775,3290.00,0.00965707,1
1506466159,22337773,3290.07,0.01390297,1
1506466158,22337772,3290.08,0.02859769,1
1506466156,22337765,3290.07,0.01109703,0
1506466153,22337756,3290.07,0.12352290,1
1506466149,22337739,3290.00,0.20389060,1
1506466145,22337729,3300.02,0.02947292,0
1506466126,22337723,3288.34,0.04564770,1
1506466126,22337722,3299.00,0.02524610,0
1506466126,22337721,3298.99,0.00450169,0
1506466124,22337720,3298.99,0.00849137,0
1506466063,22337710,3287.00,0.03702769,1
1506466043,22337703,3299.82,0.02859769,0
1506465990,22337693,3300.05,0.36318160,0
1506465990,22337692,3299.97,0.21736132,0
1506465990,22337691,3295.16,0.01495271,0
1506465918,22337678,3295.16,0.00000265,1
1506465917,22337676,3295.16,0.08093000,1
1506465916,22337675,3291.75,0.21906735,0
1506465915,22337674,3291.75,0.01000000,0
1506465854,22337646,3291.75,0.14921459,0
1506465824,22337634,3283.31,0.01126058,1
1506465805,22337621,3291.74,0.00839487,0
1506465781,22337613,3291.75,0.01843814,0
1506465781,22337612,3291.74,0.01015963,0
1506465699,22337594,3291.74,0.00250000,0
1506465698,22337593,3291.74,0.00155237,0
1506465584,22337554,3291.75,0.16521952,0
1506465584,22337553,3291.41,0.02500000,0
1506465574,22337551,3291.48,0.00124524,0
1506465573,22337550,3291.41,0.01900476,0
1506465443,22337483,3283.03,0.10000000,1
1506465426,22337480,3291.72,0.01247365,1
1506465426,22337479,3289.18,0.04987880,1
1506465424,22337477,3287.00,0.00738664,0
1506465349,22337460,3287.00,0.01000000,0
1506465299,22337442,3283.70,0.06578660,1
1506465155,22337413,3278.15,0.05278779,1
1506465080,22337385,3291.30,0.09280632,1
1506465079,22337384,3291.30,0.90733648,0
1506465033,22337372,3277.10,1.62000000,1
1506464992,22337348,3283.11,0.71064500,1
1506464984,22337345,3283.14,0.69100000,1
1506464944,22337336,3291.62,0.03326868,0
1506464941,22337335,3283.20,0.08200000,1
1506464891,22337301,3291.52,0.00926629,0
1506464884,22337299,3291.52,0.11669499,1
1506464883,22337298,3291.52,0.02270572,0
1506464881,22337294,3291.75,0.05535353,0
1506464881,22337292,3291.53,0.13422792,0
1506464880,22337290,3291.52,0.01370800,1
1506464879,22337289,3291.52,0.09975760,0
1506464866,22337281,3291.42,0.01000000,0
1506464863,22337280,3291.45,0.00850114,0
1506464801,22337264,3283.40,0.03704486,1
1506464756,22337229,3281.13,0.06874300,1
1506464712,22337201,3289.77,0.00325000,0
1506464591,22337175,3290.68,0.02303513,0
1506464496,22337140,3291.38,0.09225000,0
1506464485,22337137,3277.15,0.02711445,1
1506464473,22337117,3291.53,0.14914213,0
1506464463,22337111,3291.54,0.02859813,0
1506464426,22337085,3291.70,0.06060698,0
1506464424,22337084,3291.73,0.00849732,0
1506464410,22337064,3291.22,0.30030000,0
1506464326,22336956,3291.62,0.01150000,0
1506464303,22336949,3277.03,0.07166043,1
1506464297,22336947,3290.74,0.02530000,0
1506464224,22336920,3276.42,0.63240247,1
1506464223,22336919,3276.43,0.11000000,1
1506464203,22336910,3291.30,0.29410236,0
1506464193,22336909,3276.41,0.40242148,1
1506464188,22336908,3276.41,0.29724275,1
1506464188,22336907,3276.50,0.07174723,1
1506464181,22336903,3291.41,0.02714093,0
1506464170,22336901,3276.50,0.51707460,1
1506464170,22336899,3276.55,0.25000000,1
1506464170,22336898,3276.61,0.12000000,1
1506464158,22336891,3276.60,2.00000000,1
1506464158,22336890,3276.61,0.13000000,1
1506464142,22336882,3291.57,0.04577513,0
1506464037,22336769,3276.50,0.01358638,1
1506464026,22336760,3276.41,0.42500000,1
1506464025,22336759,3276.42,0.15000000,1
1506464019,22336758,3278.01,0.16000000,1
1506464007,22336751,3278.00,0.23696698,1
1506464007,22336750,3278.00,0.41315610,1
1506464007,22336749,3280.00,0.00855190,1
1506464005,22336748,3280.00,0.16644810,0
1506464005,22336747,3280.00,0.00360476,0
1506464005,22336746,3279.99,0.01739524,0
1506464002,22336744,3280.00,0.01014816,0
1506464001,22336743,3280.00,0.20000000,1
1506464001,22336742,3280.00,0.15205488,1
1506464001,22336741,3280.00,0.02800000,1
1506464001,22336740,3280.00,0.23300000,1
1506464001,22336739,3280.21,0.30559251,1
1506464000,22336737,3280.21,0.19440749,1
1506464000,22336736,3280.41,0.18000000,1
1506463999,22336735,3280.41,1.73132901,1
1506463992,22336730,3280.40,0.33571310,1
1506463983,22336724,3280.37,0.03144237,1
1506463975,22336722,3280.30,0.50858806,1
1506463975,22336721,3280.31,0.20000000,1
1506463975,22336720,3280.36,0.03171912,1
1506463952,22336715,3280.31,0.03171912,1
1506463950,22336713,3280.36,0.18328088,1
1506463933,22336709,3294.20,0.05984112,0
1506463931,22336705,3288.26,0.01494104,1
1506463930,22336704,3280.33,0.07399866,0
1506463925,22336699,3280.33,0.03699323,1
1506463909,22336691,3280.23,0.04462557,1
1506463904,22336686,3294.33,0.06856705,0
1506463896,22336681,3280.54,0.03925342,1
1506463883,22336663,3294.43,0.05510868,0
1506463872,22336656,3280.54,0.08160841,1
1506463866,22336655,3280.54,0.04436626,1
1506463866,22336654,3281.00,0.10000000,1
1506463866,22336653,3281.03,0.02959308,1
1506463845,22336638,3294.82,0.02286575,0
1506463804,22336623,3295.22,0.11148749,0
1506463793,22336621,3280.54,0.08549069,1
1506463783,22336618,3280.57,0.05544040,1
1506463763,22336607,3295.78,0.11476574,0
1506463760,22336606,3280.54,0.31541287,1
1506463754,22336595,3280.54,0.21792581,1
1506463749,22336587,3281.00,0.50000000,1
1506463749,22336586,3281.20,2.00000000,1
1506463749,22336585,3283.01,0.91256023,1
1506463748,22336583,3283.02,0.22000000,1
1506463743,22336573,3283.21,0.50000000,1
1506463743,22336571,3283.22,0.19627152,1
1506463743,22336570,3283.22,0.50372848,1
1506463736,22336567,3296.34,0.02846582,0
1506463736,22336565,3290.43,0.00138450,0
1506463705,22336550,3290.43,0.05839350,0
1506463705,22336549,3290.39,0.06325631,0
1506463690,22336543,3283.30,0.96806408,1
1506463688,22336540,3290.40,0.02742055,0
1506463686,22336538,3290.40,0.00844553,0
1506463642,22336509,3283.50,0.00236951,1
1506463642,22336508,3283.50,0.00237106,1
1506463641,22336506,3283.50,0.00237679,1
1506463641,22336500,3283.50,0.03235587,1
1506463641,22336497,3284.01,0.01000000,1
1506463627,22336488,3290.40,0.03665133,0
1506463509,22336437,3290.38,0.00869978,0
1506463509,22336436,3290.26,0.00130022,0
1506463420,22336367,3290.26,0.05000000,0
1506463407,22336329,3290.26,0.02000000,0
1506463406,22336327,3283.01,0.10458977,1
1506463399,22336309,3290.27,0.08785377,1
1506463398,22336305,3283.20,0.00155062,0
1506463394,22336289,3283.74,0.01000000,1
1506463367,22336248,3283.30,0.44691013,1
1506463363,22336235,3283.30,0.46391436,1
1506463360,22336226,3283.30,0.55397010,1
1506463358,22336222,3283.30,0.46390271,1
1506463357,22336217,3283.21,0.55394908,1
1506463357,22336216,3283.21,0.00000439,1
1506463349,22336194,3283.21,0.44606651,1
1506463347,22336179,3283.21,0.55392910,1
1506463338,22336164,3283.20,0.10345091,1
1506463335,22336158,3283.20,0.33651293,1
1506463335,22336157,3283.21,0.00000632,1
1506463335,22336155,3283.21,0.15099368,1
1506463335,22336154,3290.00,0.00000184,1
1506463328,22336137,3290.39,0.01000000,0
1506463293,22336107,3290.42,0.03590754,0
1506463288,22336102,3290.31,0.49879801,1
1506463282,22336092,3290.40,0.46260030,1
1506463282,22336091,3290.40,0.47813032,1
1506463280,22336088,3290.40,0.02351000,1
1506463279,22336085,3290.40,0.02348800,1
1506463276,22336077,3290.40,0.23474959,1
1506463276,22336075,3290.43,0.22739582,1
1506463274,22336071,3290.40,0.46168855,1
1506463273,22336069,3290.31,0.59374873,1
1506463273,22336068,3290.31,0.00000385,1
1506463271,22336063,3298.32,0.20025000,0
1506463244,22336039,3290.31,0.01024524,1
1506463238,22336029,3290.31,0.03975091,1
1506463238,22336027,3290.31,0.07604366,1
1506463234,22336020,3290.31,0.03975388,1
1506463233,22336016,3290.31,0.09420246,0
1506463231,22336015,3290.31,0.06735071,0
1506463229,22336007,3290.31,0.16141945,1
1506463228,22336004,3290.31,0.16128268,1
1506463227,22336002,3290.31,0.69428320,1
1506463224,22335996,3290.30,0.16115248,1
1506463220,22335978,3290.30,0.16101876,1
1506463216,22335964,3290.21,0.16089247,1
1506463203,22335920,3291.30,0.17997449,1
1506463200,22335907,3291.30,0.17977092,1
1506463188,22335884,3290.00,0.03590883,1
1506463187,22335875,3290.00,0.01180548,1
1506463175,22335809,3291.20,0.21542599,1
1506463174,22335803,3291.20,0.04716574,1
1506463173,22335800,3291.20,0.09027597,1
1506463160,22335731,3291.10,0.00326989,1
1506463160,22335730,3292.57,0.01000000,1
1506463144,22335706,3299.35,0.03701823,0
1506463144,22335705,3299.35,0.02013283,0
1506463016,22335662,3290.00,0.15228385,1
1506463016,22335661,3290.00,0.30000000,1
1506463016,22335660,3298.69,0.01000000,1
1506463000,22335648,3294.80,0.21485068,1
1506462986,22335643,3300.90,0.02926367,0
1506462956,22335630,3300.88,0.00080473,0
1506462956,22335629,3292.00,0.00169527,0
1506462948,22335609,3290.10,0.00200000,1
1506462932,22335598,3292.00,0.00000292,1
1506462932,22335597,3300.00,0.00000181,1
1506462896,22335583,3300.00,0.30151543,1
1506462895,22335580,3300.00,0.26032700,1
1506462891,22335569,3300.00,0.16437880,1
1506462853,22335562,3293.35,0.12573927,1
1506462851,22335561,3292.20,0.19000000,0
1506462849,22335560,3293.35,0.01000000,1
1506462822,22335552,3292.30,0.14975550,1
1506462813,22335547,3292.20,0.16427314,1
1506462804,22335543,3292.13,0.09939610,1
1506462787,22335537,3292.00,0.66653403,1
1506462781,22335530,3292.00,0.19102934,1
1506462781,22335529,3292.95,0.28783458,1
1506462777,22335525,3293.13,0.47859028,1
1506462737,22335495,3298.94,0.03053708,0
1506462730,22335487,3293.40,0.28783007,1
1506462726,22335483,3293.30,0.64756020,1
1506462716,22335478,3293.20,0.11451780,0
1506462715,22335476,3293.13,0.11452128,1
1506462699,22335468,3293.23,0.07905613,1
1506462681,22335462,3293.20,0.63742332,1
1506462679,22335457,3293.14,0.21131800,1
1506462675,22335452,3293.11,0.10999633,1
1506462661,22335447,3293.13,0.02131000,1
1506462626,22335444,3299.00,0.01464835,0
1506462621,22335442,3299.00,0.08086702,1
1506462618,22335437,3299.00,0.04027298,1
1506462618,22335436,3299.00,1.21641002,1
1506462618,22335435,3299.00,0.25768477,1
1506462616,22335431,3299.00,0.91990530,1
1506462615,22335428,3299.00,0.23350400,1
1506462615,22335427,3299.00,3.42073000,1
1506462604,22335419,3299.00,0.47866300,1
1506462602,22335416,3299.00,1.25445300,1
1506462597,22335409,3299.00,0.25367688,1
1506462596,22335408,3299.00,0.99829000,1
1506462596,22335407,3299.00,0.48267088,1
1506462590,22335404,3299.00,3.31574000,1
1506462590,22335403,3299.01,0.10000000,1
1506462586,22335396,3299.00,0.09351400,1
1506462585,22335393,3299.00,0.25367700,1
1506462584,22335392,3304.97,0.01964928,0
1506462584,22335390,3299.00,0.33188600,1
1506462583,22335389,3299.00,2.50000000,1
1506462581,22335383,3299.00,0.65635106,1
1506462580,22335382,3299.00,0.67985400,1
1506462578,22335376,3299.00,0.33122700,1
1506462578,22335375,3299.00,0.02179489,1
1506462578,22335373,3299.00,0.31422607,1
1506462577,22335370,3299.00,0.27460400,1
1506462566,22335366,3299.00,0.04572600,1
1506462565,22335364,3299.00,0.11484061,1
1506462565,22335363,3299.01,0.10000000,1
1506462553,22335358,3299.01,0.07999700,1
1506462545,22335353,3306.81,0.03054909,0
1506462543,22335351,3306.84,0.08871474,0
1506462543,22335350,3306.84,0.01000000,0
1506462540,22335345,3299.01,0.08999700,1
1506462529,22335339,3299.00,3.41213000,1
1506462529,22335338,3299.00,0.34212500,1
1506462528,22335333,3299.00,0.09498608,1
1506462527,22335331,3299.00,0.74634766,1
1506462527,22335330,3299.00,0.20686200,1
1506462526,22335327,3299.00,0.15055100,1
1506462522,22335319,3299.00,0.18957300,1
1506462522,22335318,3299.00,0.62928054,1
1506462522,22335317,3299.00,0.28518071,1
1506462521,22335315,3299.01,0.06417407,1
1506462521,22335314,3299.01,0.02582593,1
1506462514,22335308,3299.02,0.19320646,0
1506462513,22335307,3299.02,0.00000211,1
1506462513,22335305,3306.93,0.02989633,0
1506462493,22335297,3299.05,0.01644125,1
1506462480,22335292,3299.02,0.01644100,1
1506462467,22335286,3299.03,0.03694200,1
1506462465,22335284,3307.63,0.01117963,0
1506462456,22335278,3299.00,0.06771443,1
1506462456,22335277,3299.00,0.21162100,1
1506462456,22335276,3299.01,0.02228600,1
1506462455,22335271,3299.01,0.06771400,1
1506462453,22335269,3299.00,0.66388000,1
1506462453,22335267,3299.00,0.04751700,1
1506462449,22335254,3299.00,0.38945345,1
1506462449,22335252,3299.00,0.73109900,1
1506462449,22335250,3299.00,0.04748409,1
1506462446,22335248,3299.00,1.84196120,1
1506462446,22335247,3299.00,0.01866660,1
1506462445,22335246,3299.01,0.03373900,1
1506462444,22335245,3299.01,0.01863000,1
1506462441,22335241,3299.01,0.03763100,0
1506462440,22335240,3299.00,0.27706172,1
1506462434,22335236,3299.01,0.05000000,0
1506462434,22335231,3299.00,0.04748800,1
1506462431,22335225,3299.01,0.09498608,0
1506462431,22335223,3299.00,0.03035819,1
1506462430,22335222,3299.01,0.35730581,1
1506462430,22335221,3299.01,0.06390351,1
1506462429,22335219,3299.01,0.03233583,1
1506462429,22335217,3299.01,0.01972190,1
1506462429,22335216,3299.01,0.06665500,1
1506462428,22335214,3299.01,0.02362310,0
1506462428,22335212,3299.00,0.00607884,1
1506462427,22335210,3299.00,0.27364600,1
1506462427,22335208,3299.01,0.07237300,1
1506462426,22335203,3299.01,0.02261600,1
1506462426,22335200,3307.00,0.32197611,1
1506462425,22335199,3307.00,0.35197611,1
1506462424,22335198,3307.00,0.03000000,0
1506462421,22335195,3299.01,0.01501100,1
1506462410,22335190,3299.00,0.02901900,1
1506462409,22335188,3299.00,1.05118500,1
1506462409,22335187,3299.01,0.06665500,1
1506462408,22335185,3299.01,0.04334500,1
1506462395,22335164,3299.01,0.00000339,1
1506462394,22335159,3299.01,0.11999661,1
1506462385,22335152,3299.01,0.08958800,1
1506462382,22335148,3299.01,0.03040900,1
1506462362,22335137,3299.00,0.05182759,1
1506462361,22335136,3299.02,0.00000324,1
1506462356,22335134,3299.02,0.08958700,1
1506462354,22335129,3299.02,0.48343700,1
1506462353,22335126,3299.02,0.09000000,1
1506462352,22335125,3299.02,0.08161800,1
1506462350,22335122,3299.02,0.09860400,1
1506462350,22335120,3299.02,0.07290000,1
1506462348,22335117,3299.02,0.08675000,1
1506462348,22335116,3299.02,0.00710076,1
1506462348,22335115,3301.54,0.01000000,1
1506462335,22335100,3299.00,0.01709000,1
1506462335,22335098,3299.00,0.06999676,1
1506462334,22335097,3299.00,0.06999676,1
1506462334,22335096,3299.00,0.04350200,1
1506462333,22335093,3299.00,0.25087100,1
1506462332,22335092,3299.00,0.25048772,1
1506462332,22335091,3299.01,0.00500378,1
1506462332,22335090,3299.01,0.06999622,1
1506462329,22335086,3299.00,0.04957949,1
1506462329,22335085,3299.00,0.03585500,1
1506462329,22335083,3299.00,0.09914300,1
1506462328,22335082,3299.00,0.14769021,1
1506462327,22335076,3299.00,0.21342300,1
1506462325,22335072,3307.67,0.00842005,0
1506462325,22335071,3299.00,0.28326160,1
1506462324,22335068,3300.00,0.01191719,0
1506462324,22335067,3299.00,0.04877207,1
1506462324,22335065,3299.00,0.18706300,1
1506462324,22335064,3299.00,0.03642280,1
1506462323,22335063,3299.01,0.05973058,1
1506462322,22335058,3299.01,0.01000324,0
1506462322,22335056,3299.01,0.02026618,0
1506462320,22335053,3300.00,0.05973055,1
1506462320,22335051,3300.00,0.20999700,1
1506462319,22335049,3300.00,0.03027245,1
1506462310,22335046,3299.00,0.17585500,1
1506462309,22335045,3299.01,0.08000000,1
1506462288,22335037,3299.00,4.71907959,1
1506462287,22335036,3299.01,0.08000000,1
1506462287,22335035,3300.00,0.20148463,1
1506462282,22335034,3300.00,0.03580600,0
1506462282,22335033,3300.00,0.06270937,0
1506462276,22335032,3299.01,0.03580600,1
1506462276,22335031,3299.01,0.04419100,1
1506462271,22335027,3300.00,0.00728739,0
1506462271,22335026,3300.00,0.19420100,0
1506462271,22335025,3300.00,0.09851161,0
1506462262,22335022,3299.01,0.06999700,1
1506462254,22335013,3300.00,0.06354610,0
1506462254,22335012,3300.00,0.10814662,0
1506462254,22335011,3300.00,0.01823526,0
1506462249,22335008,3299.01,0.06999676,1
1506462236,22335001,3299.01,0.06999700,1
1506462226,22334997,3299.00,0.09615300,1
1506462225,22334995,3299.01,0.00000341,1
1506462223,22334991,3299.01,0.05239759,1
1506462223,22334990,3299.01,0.01759900,1
1506462210,22334984,3299.00,0.03578592,1
1506462210,22334982,3299.00,0.23857100,1
1506462204,22334977,3299.01,0.06000000,1
1506462203,22334971,3299.00,0.06122700,1
1506462203,22334969,3299.01,0.16206100,1
1506462192,22334960,3299.00,0.23634200,1
1506462192,22334958,3299.00,0.03934400,1
1506462191,22334956,3299.00,0.15213800,1
1506462191,22334954,3299.01,0.05000000,1
1506462189,22334948,3299.01,0.05382000,1
1506462189,22334947,3299.01,0.42366000,1
1506462177,22334937,3299.00,0.20212800,1
1506462177,22334936,3299.01,0.07000000,1
1506462176,22334931,3299.00,0.46344000,1
1506462175,22334928,3299.00,0.01485800,1
1506462175,22334926,3299.00,0.12087399,1
1506462175,22334923,3299.15,0.01000000,1
1506462173,22334918,3299.00,0.47786200,1
1506462170,22334908,3299.00,0.47752653,1
1506462170,22334907,3299.00,0.13120900,1
1506462165,22334895,3299.00,0.33753036,1
1506462165,22334893,3299.01,0.00275064,1
1506462165,22334892,3299.01,0.02002700,1
1506462165,22334891,3299.01,0.04722236,1
1506462161,22334884,3299.00,0.13399000,1
1506462161,22334883,3299.00,0.23504696,1
1506462158,22334881,3300.00,0.00307081,0
1506462158,22334880,3299.99,0.01697844,0
1506462154,22334874,3299.00,0.40426771,1
1506462154,22334873,3299.01,0.04446629,1
1506462154,22334872,3299.01,0.02095400,1
1506462154,22334870,3299.01,0.00457971,1
1506462154,22334869,3299.04,0.10815000,1
1506462144,22334860,3299.01,0.06999700,1
1506462132,22334856,3299.00,0.30504400,1
1506462131,22334855,3299.00,0.59220369,1
1506462130,22334850,3299.00,0.01495000,1
1506462127,22334847,3299.00,0.19008200,1
1506462127,22334844,3299.00,0.03486800,1
1506462126,22334841,3299.00,0.20883700,1
1506462126,22334840,3299.00,0.05716100,1
1506462125,22334839,3299.01,0.06000000,1
1506462124,22334835,3299.00,0.35551700,1
1506462124,22334834,3299.00,0.10702549,1
1506462124,22334833,3299.00,0.08802000,1
1506462123,22334832,3299.00,0.01353503,1
1506462123,22334830,3300.00,0.02131000,1
1506462121,22334826,3308.92,0.05000000,0
1506462113,22334824,3299.00,0.09970295,1
1506462113,22334823,3299.00,0.13715400,1
1506462112,22334822,3299.01,0.06000000,1
1506462110,22334817,3299.00,0.07983201,1
1506462110,22334815,3299.00,0.08513900,1
1506462110,22334814,3299.00,0.33098565,1
1506462109,22334811,3299.00,0.02889576,1
1506462109,22334806,3299.00,0.01033947,1
1506462109,22334804,3299.00,0.02698380,1
1506462108,22334803,3299.00,0.05000000,1
1506462108,22334802,3299.00,0.05000000,1
1506462108,22334801,3299.00,0.05999679,1
1506462108,22334799,3299.00,0.03266482,1
1506462108,22334798,3299.00,0.05000000,1
1506462107,22334796,3299.01,0.07500000,0
1506462107,22334795,3299.00,0.04999682,1
1506462107,22334794,3299.00,0.11680152,1
1506462104,22334790,3299.00,0.09970300,1
1506462103,22334789,3299.00,0.05916800,1
1506462103,22334788,3299.00,0.02660500,1
1506462103,22334786,3299.00,0.12529500,1
1506462102,22334783,3299.01,0.05000000,0
1506462102,22334782,3299.00,0.03603800,1
1506462098,22334776,3299.01,0.04614000,1
1506462098,22334775,3299.01,0.00386000,0
1506462097,22334774,3299.01,0.30000000,0
1506462091,22334771,3299.00,1.23694258,1
1506462090,22334770,3299.01,0.05000000,1
1506462078,22334753,3299.00,0.00000300,1
1506462078,22334748,3299.01,0.05000000,1
1506462066,22334731,3299.01,0.04999682,1
1506462053,22334723,3299.00,0.11139794,1
1506462053,22334722,3299.01,0.00000306,1
1506462047,22334719,3299.01,0.03301300,1
1506462047,22334718,3299.01,0.01698394,1
1506462025,22334706,3299.01,0.04999700,1
1506462013,22334700,3309.97,0.57140370,0
1506462013,22334699,3309.00,0.02125690,0
1506462011,22334697,3308.76,0.14784718,0
1506462010,22334696,3306.97,0.01181600,0
1506462004,22334693,3308.77,0.05815000,0
1506461991,22334683,3299.00,0.01902400,1
1506461991,22334682,3299.01,0.00758100,1
1506461985,22334678,3299.01,0.01033900,1
1506461979,22334673,3299.01,0.04208000,1
1506461973,22334671,3299.00,0.06998800,1
1506461972,22334666,3299.00,0.13049624,1
1506461972,22334664,3299.00,0.23886400,1
1506461971,22334658,3299.00,0.00999600,1
1506461971,22334657,3299.01,0.06000000,1
1506461962,22334652,3299.01,0.04680500,1
1506461960,22334649,3299.01,0.06000000,1
1506461945,22334641,3307.99,0.01461926,0
1506461944,22334640,3307.98,0.11416894,0
1506461937,22334638,3299.01,0.05999700,1
1506461909,22334626,3299.01,0.06999700,1
1506461888,22334620,3307.16,0.05763257,0
1506461888,22334619,3307.14,0.01671611,0
1506461884,22334616,3299.01,0.02928500,1
1506461884,22334614,3307.14,0.00170303,0
1506461883,22334612,3300.00,0.01329697,0
1506461867,22334594,3299.01,0.05999679,1
1506461855,22334588,3299.01,0.02242491,1
1506461854,22334587,3299.01,0.03757200,1
1506461844,22334582,3299.01,0.02242400,1
1506461835,22334576,3299.01,0.03827858,1
1506461835,22334575,3302.00,0.00000242,1
1506461834,22334574,3307.98,0.03272331,0
1506461825,22334565,3302.00,0.01841900,1
1506461799,22334548,3299.00,0.20643300,1
1506461796,22334544,3299.00,0.00005600,1
1506461796,22334543,3299.01,0.08000000,1
1506461778,22334540,3299.01,0.00608180,1
1506461765,22334539,3307.98,0.02947850,0
1506461760,22334538,3299.01,0.01493700,1
1506461745,22334530,3307.98,0.08623441,0
1506461742,22334529,3299.00,0.00017214,1
1506461741,22334528,3299.01,0.08000000,1
1506461735,22334527,3299.01,0.09000000,1
1506461734,22334526,3299.06,0.68825321,1
1506461725,22334517,3299.01,0.01696335,1
1506461721,22334507,3299.01,0.06007179,1
1506461721,22334506,3299.04,0.01646000,1
1506461719,22334496,3299.04,0.00854000,0
1506461715,22334487,3299.04,0.13493900,1
1506461695,22334471,3299.07,0.01285194,1
1506461684,22334467,3308.88,0.74958792,0
1506461684,22334466,3308.88,0.04169806,0
1506461677,22334465,3299.00,1.41290000,1
1506461677,22334464,3299.01,0.10000000,1
1506461672,22334461,3299.00,0.39331300,1
1506461669,22334459,3299.00,0.00608143,1
1506461669,22334458,3299.00,0.37015000,1
1506461667,22334457,3299.00,1.40197000,1
1506461664,22334453,3299.00,0.00007700,1
1506461664,22334451,3299.01,0.11000000,1
1506461659,22334444,3299.00,0.06965300,1
1506461659,22334443,3299.00,0.12984100,1
1506461658,22334436,3299.00,0.37004300,1
1506461656,22334431,3299.00,0.01330500,1
1506461656,22334430,3299.00,0.39501635,1
1506461656,22334429,3299.01,0.05229120,1
1506461655,22334428,3299.01,0.06770880,1
1506461655,22334427,3300.00,0.02125690,1
1506461647,22334413,3299.00,1.50096000,1
1506461644,22334395,3299.00,1.50096000,1
1506461644,22334392,3299.00,14.97778156,1
1506461644,22334391,3299.00,0.01551077,1
1506461643,22334386,3299.00,0.72635951,1
1506461642,22334379,3299.00,0.14881884,1
1506461637,22334371,3299.00,1.98215289,1
1506461636,22334370,3299.01,0.13000000,1
1506461620,22334361,3299.00,0.00009380,1
1506461620,22334359,3299.01,0.13391820,1
1506461616,22334350,3299.01,0.00608180,1
1506461567,22334332,3309.97,0.16748151,0
1506461567,22334331,3309.00,0.02120000,0
1506461567,22334330,3309.00,0.21927705,0
1506461567,22334329,3308.94,0.08900000,0
1506461555,22334324,3299.00,0.08000900,1
1506461554,22334323,3299.00,0.06793500,1
1506461552,22334321,3299.00,1.80100000,1
1506461551,22334319,3299.00,2.95129000,1
1506461550,22334314,3299.00,0.06494800,1
1506461550,22334312,3299.00,0.46124200,1
1506461546,22334305,3299.00,0.00011200,1
1506461546,22334304,3299.01,0.16000000,1
1506461546,22334303,3309.00,0.03402873,0
1506461541,22334301,3309.00,0.01507102,0
1506461515,22334288,3299.01,0.10383642,1
1506461505,22334283,3308.91,0.00835099,0
1506461501,22334282,3309.00,0.08162320,0
1506461501,22334281,3308.48,0.01137680,0
1506461494,22334278,3299.01,0.01183360,1
1506461492,22334277,3299.01,0.07395976,1
1506461489,22334276,3299.01,0.01183815,1
1506461464,22334264,3299.00,0.87955065,1
1506461464,22334262,3299.01,0.67675021,1
1506461458,22334261,3299.01,0.18855148,1
1506461458,22334260,3300.00,0.00762831,1
1506461445,22334254,3300.00,0.01357169,1
1506461435,22334251,3308.91,0.02720297,0
1506461412,22334247,3309.22,0.04832621,0
1506461412,22334246,3309.21,0.02275360,0
1506461404,22334245,3309.22,0.05446749,0
1506461392,22334242,3299.01,0.03429150,1
1506461388,22334240,3299.01,0.03073230,1
1506461382,22334239,3299.01,0.12127600,1
1506461376,22334187,3299.01,0.03090520,1
1506461323,22334175,3299.01,0.07000000,1
1506461317,22334172,3299.01,0.09146000,1
1506461317,22334171,3309.99,0.56324472,0
1506461317,22334170,3309.05,0.71400000,0
1506461317,22334169,3309.04,0.17846851,0
1506461317,22334168,3309.00,0.02110000,0
1506461317,22334167,3308.94,0.01182400,0
1506461316,22334166,3308.71,0.05662227,0
1506461316,22334165,3302.46,0.06295770,0
1506461311,22334161,3308.71,0.06291363,1
1506461311,22334160,3308.71,0.04550719,0
1506461306,22334148,3308.72,0.01274086,0
1506461304,22334147,3308.74,0.02389598,0
1506461267,22334132,3308.94,0.04702982,1
1506461266,22334131,3308.94,0.09101439,0
1506461232,22334124,3308.32,0.03432092,0
1506461203,22334118,3308.39,0.05930879,0
1506461161,22334111,3299.01,0.00608254,1
1506461140,22334102,3299.01,0.16030814,1
1506461115,22334097,3299.01,0.02500000,1
1506461112,22334095,3308.12,0.00255740,0
1506461106,22334092,3308.12,0.10989615,0
1506461104,22334091,3299.01,0.03125187,1
1506461094,22334087,3308.13,0.48130140,0
1506461094,22334086,3308.12,0.03360223,0
1506461088,22334085,3308.14,0.07989100,0
1506461087,22334080,3299.01,0.03243400,1
1506461087,22334079,3299.08,0.00000600,1
1506461079,22334076,3299.08,0.02600000,1
1506461066,22334068,3308.21,0.01952081,0
1506461066,22334067,3307.05,0.01506206,0
1506461052,22334065,3299.08,0.23399400,1
1506461034,22334059,3299.11,0.11254100,1
1506461025,22334054,3307.05,0.01506206,0
1506461012,22334053,3309.99,1.16109451,0
1506461012,22334052,3309.62,0.03172984,0
1506461012,22334051,3307.11,0.75100000,0
1506461012,22334050,3307.10,0.96701492,0
1506460998,22334048,3307.17,0.00753817,0
1506460979,22334034,3307.27,0.01506232,0
1506460979,22334033,3307.27,0.04469033,0
1506460927,22334015,3299.00,0.43906467,1
1506460927,22334014,3299.01,0.19000000,1
1506460927,22334013,3299.01,0.48784202,1
1506460927,22334012,3299.99,0.30193167,1
1506460927,22334011,3300.00,0.02105164,1
1506460925,22334009,3307.59,0.01076748,1
1506460923,22334008,3301.03,0.01700850,0
1506460918,22334003,3300.00,0.00004836,1
1506460918,22334002,3301.00,0.06916364,1
1506460914,22333988,3301.03,0.00250000,1
1506460884,22333975,3309.16,0.11823722,0
1506460863,22333966,3309.30,0.03986731,0
1506460820,22333953,3301.00,0.46208965,1
1506460757,22333933,3309.51,0.03014041,0
1506460735,22333927,3301.00,0.05934080,1
1506460718,22333918,3301.00,0.06032400,1
1506460708,22333909,3309.09,0.00835179,0
1506460706,22333908,3309.09,0.01392621,0
1506460681,22333894,3309.34,0.02844483,0
1506460642,22333873,3301.00,0.18500611,1
1506460634,22333868,3301.03,0.13150889,1
1506460633,22333866,3309.24,0.01506103,0
1506460587,22333833,3309.41,0.01356435,0
1506460584,22333831,3309.42,0.09410910,0
1506460580,22333829,3301.00,0.01385600,1
1506460542,22333794,3301.03,0.03193763,1
1506460532,22333782,3309.62,0.00000416,1
1506460531,22333779,3309.62,0.48999584,1
1506460525,22333776,3309.72,0.07720022,0
1506460513,22333758,3309.96,0.03911947,0
1506460512,22333757,3309.62,0.04999668,0
1506460512,22333754,3309.62,0.00000332,1
1506460512,22333753,3309.62,0.04999668,1
1506460489,22333734,3309.45,0.00904070,0
1506460483,22333732,3309.47,0.00845340,0
1506460464,22333724,3301.00,0.06710416,1
1506460438,22333710,3301.00,0.00311564,1
1506460404,22333700,3309.80,0.01737687,0
1506460394,22333693,3301.00,0.08000000,1
1506460375,22333685,3301.01,0.04500000,1
1506460343,22333672,3309.90,0.01461649,0
1506460304,22333641,3309.61,0.00864762,0
1506460278,22333635,3300.07,0.11288909,1
1506460221,22333609,3309.90,0.04414630,0
1506460163,22333589,3309.65,0.01068658,0
1506460155,22333585,3309.70,0.00840569,0
1506460153,22333583,3309.72,0.00840571,0
1506460123,22333571,3309.43,0.20025000,0
1506460115,22333567,3309.42,0.03261000,0
1506460089,22333555,3299.01,0.06335000,0
1506460089,22333553,3299.01,0.03000000,1
1506460083,22333544,3309.76,0.02772708,0
1506460066,22333490,3309.66,0.01122744,0
1506460058,22333472,3299.04,0.13878716,1
1506460000,22333429,3299.32,0.10000000,1
1506459987,22333418,3307.99,0.07235628,0
1506459913,22333319,3308.72,0.02361045,1
1506459912,22333318,3308.72,0.05071146,1
1506459900,22333308,3308.87,0.02110085,0
1506459889,22333302,3308.99,0.21514419,0
1506459887,22333301,3305.00,0.08641075,0
1506459885,22333299,3305.00,0.02891374,0
1506459883,22333298,3305.00,0.01705203,0
1506459866,22333283,3305.00,0.05820526,0
1506459864,22333278,3305.00,0.01755000,0
1506459844,22333274,3305.00,0.00925463,0
1506459835,22333267,3305.00,0.50086515,1
1506459835,22333266,3305.00,0.29719214,1
1506459833,22333262,3305.00,0.29712557,1
1506459824,22333259,3308.88,0.21517671,0
1506459824,22333258,3305.00,0.19885725,0
1506459793,22333234,3305.00,0.50025000,0
1506459762,22333218,3299.01,0.01537740,1
1506459759,22333213,3299.00,0.00002800,1
1506459759,22333212,3299.01,0.04000000,1
1506459744,22333197,3299.00,0.90327201,1
1506459740,22333189,3299.01,0.01530740,1
1506459735,22333180,3299.01,0.03469260,1
1506459732,22333176,3299.01,0.01533170,1
1506459726,22333171,3305.00,0.23025947,0
1506459726,22333170,3304.99,0.00419079,0
1506459726,22333169,3304.99,0.01207800,0
1506459703,22333156,3305.00,0.02606748,0
1506459703,22333155,3304.99,0.01037743,0
1506459702,22333154,3304.98,0.02253757,0
1506459700,22333150,3304.98,0.01000000,0
1506459656,22333118,3299.01,0.02412240,0
1506459652,22333117,3299.00,0.85027760,1
1506459652,22333116,3299.01,0.02412240,1
1506459646,22333111,3305.00,0.01037821,0
1506459645,22333109,3304.99,0.06507514,0
1506459644,22333108,3299.01,0.01587760,1
1506459635,22333102,3299.01,0.04000000,1
1506459622,22333098,3299.00,0.43509600,1
1506459622,22333097,3299.00,0.12258000,1
1506459619,22333093,3305.00,0.03418759,0
1506459618,22333092,3303.89,0.06000000,0
1506459617,22333091,3299.00,0.16518700,1
1506459617,22333090,3299.01,0.05000000,1
1506459615,22333088,3299.00,0.01000000,1
1506459611,22333085,3303.90,0.00423601,0
1506459611,22333084,3303.90,0.00726172,0
1506459607,22333081,3299.00,0.10737780,1
1506459607,22333080,3299.01,0.01571120,1
1506459606,22333078,3299.01,0.03428880,1
1506459603,22333072,3299.00,0.15319300,1
1506459602,22333070,3299.00,3.67949034,1
1506459598,22333064,3299.00,0.40763100,1
1506459597,22333059,3299.00,0.53477700,1
1506459595,22333055,3299.00,0.09373500,1
1506459591,22333053,3299.00,3.31777803,1
1506459591,22333052,3299.01,0.06000000,1
1506459589,22333047,3299.00,0.06713000,1
1506459585,22333039,3299.00,1.80221345,1
1506459580,22333032,3299.00,0.01477115,1
1506459578,22333029,3299.00,0.17064700,1
1506459578,22333025,3299.00,0.36879900,1
1506459577,22333023,3299.00,0.03372600,1
1506459577,22333021,3299.01,0.06000000,1
1506459575,22333017,3299.00,0.36879900,1
1506459574,22333015,3299.00,0.08127700,1
1506459570,22333012,3299.00,0.47857230,1
1506459568,22333008,3299.00,0.09373447,1
1506459567,22333004,3299.00,0.47853896,1
1506459566,22333002,3299.00,0.45898900,1
1506459566,22332997,3299.00,0.47854700,1
1506459565,22332991,3299.00,0.09372600,1
1506459557,22332977,3299.00,0.77000000,1
1506459551,22332974,3299.00,0.00611413,1
1506459542,22332967,3299.00,0.07383862,1
1506459542,22332966,3299.00,0.10205900,1
1506459538,22332964,3299.00,0.07711580,1
1506459538,22332963,3306.39,0.00329664,1
1506459536,22332962,3299.00,0.08864275,1
1506459532,22332954,3299.00,0.23062500,1
1506459528,22332950,3299.00,0.42846600,1
1506459524,22332944,3299.00,0.06186830,1
1506459514,22332936,3299.00,0.08134587,1
1506459506,22332932,3299.00,2.00000000,1
1506459504,22332930,3299.00,0.77000000,1
1506459503,22332928,3299.00,2.00000000,1
1506459501,22332926,3299.00,0.06183760,1
1506459494,22332924,3299.00,0.01000000,1
1506459488,22332921,3299.00,0.04766710,1
1506459487,22332919,3299.00,0.59020200,1
1506459486,22332918,3299.00,0.03835030,1
1506459485,22332917,3302.89,0.02559636,0
1506459475,22332910,3299.00,0.08296762,1
1506459467,22332905,3299.00,2.00000000,1
1506459465,22332903,3299.00,0.07376276,1
1506459465,22332902,3299.00,0.08482717,1
1506459446,22332894,3299.00,0.36636100,1
1506459442,22332889,3299.00,0.04051890,1
1506459428,22332882,3299.00,0.02248680,1
1506459426,22332881,3299.00,0.12443268,1
1506459423,22332878,3302.98,0.00880499,0
1506459413,22332872,3299.00,0.03892190,1
1506459412,22332869,3299.00,0.07004900,1
1506459411,22332868,3299.00,0.06677273,1
1506459411,22332867,3299.01,0.07000000,1
1506459403,22332861,3299.00,0.77000000,1
1506459403,22332860,3299.00,0.68500000,1
1506459394,22332800,3299.01,0.07000000,1
1506459389,22332799,3299.00,0.87463687,1
1506459388,22332798,3299.00,0.15080063,1
1506459388,22332797,3299.00,0.08555710,1
1506459388,22332795,3299.00,1.36354603,1
1506459386,22332792,3299.00,1.54472000,1
1506459383,22332790,3299.00,1.21276931,1
1506459381,22332781,3299.00,3.84454639,1
1506459381,22332779,3299.00,0.17445985,1
1506459381,22332777,3299.00,2.20477523,1
1506459381,22332776,3299.00,5.71722071,1
1506459380,22332775,3299.00,0.01000000,1
1506459380,22332774,3299.00,0.86622366,1
1506459380,22332773,3299.01,0.04447000,1
1506459379,22332763,3299.01,0.02553000,0
1506459379,22332762,3299.00,0.09560000,1
1506459379,22332761,3299.00,0.06281460,1
1506459378,22332760,3299.00,0.70700000,1
1506459378,22332759,3299.00,0.17422218,1
1506459377,22332756,3306.09,0.00200000,0
1506459377,22332754,3299.00,0.36790352,1
1506459377,22332753,3299.00,0.43752521,1
1506459376,22332752,3299.00,1.02388035,1
1506459376,22332751,3299.00,0.21297236,1
1506459376,22332750,3299.00,1.21276931,1
1506459376,22332749,3299.00,5.71722071,1
1506459375,22332748,3306.09,0.36320756,0
1506459375,22332747,3306.08,0.01366275,0
1506459374,22332746,3299.00,0.43318432,1
1506459373,22332745,3299.00,5.71722071,1
1506459371,22332744,3299.00,0.30577512,1
1506459370,22332743,3299.00,0.81004122,1
1506459370,22332742,3299.00,5.71722071,1
1506459369,22332741,3299.00,1.72871885,1
1506459369,22332740,3299.01,0.08000000,1
1506459358,22332715,3299.00,0.09006300,1
1506459358,22332714,3299.00,0.70419918,1
1506459358,22332713,3299.01,0.03480082,1
1506459356,22332707,3299.01,0.05519918,1
1506459352,22332706,3299.00,0.01097300,1
1506459351,22332705,3299.00,0.90000000,1
1506459348,22332703,3299.00,2.00000000,1
1506459344,22332699,3299.00,0.01473800,1
1506459341,22332695,3299.00,0.03001900,1
1506459340,22332694,3299.00,0.01190600,1
1506459340,22332692,3299.01,0.10000000,1
1506459332,22332686,3299.00,0.90000000,1
1506459330,22332685,3299.00,0.01642283,1
1506459330,22332684,3299.01,0.00000336,1
1506459330,22332683,3299.01,0.10999664,1
1506459325,22332682,3299.00,0.45474999,1
1506459321,22332681,3299.00,0.04716200,1
1506459318,22332677,3299.00,0.05387964,1
1506459318,22332676,3299.01,0.00000336,1
1506459317,22332675,3299.01,0.10999664,1
1506459312,22332671,3299.00,3.03159752,1
1506459311,22332670,3299.00,0.14899749,1
1506459311,22332669,3299.00,0.01238600,1
1506459311,22332668,3299.00,0.01094700,1
1506459311,22332667,3299.00,0.06645100,1
1506459311,22332666,3299.00,0.13975085,1
1506459311,22332665,3299.00,0.90000000,1
1506459311,22332664,3299.00,0.23672800,1
1506459310,22332662,3299.00,0.16746419,1
1506459310,22332661,3299.00,0.10719419,1
1506459309,22332660,3299.00,0.50865934,1
1506459308,22332657,3299.00,0.06645100,1
1506459306,22332650,3299.00,0.29260009,1
1506459305,22332649,3299.00,4.59218660,1
1506459305,22332648,3299.00,2.59670000,1
1506459304,22332647,3299.00,0.06632400,1
1506459300,22332639,3299.01,0.12000000,1
1506459292,22332632,3299.00,0.90000000,1
1506459291,22332631,3307.00,0.12612371,0
1506459288,22332630,3299.00,0.75100000,1
1506459288,22332629,3299.00,0.01107400,1
1506459287,22332627,3299.00,0.06632400,1
1506459286,22332626,3299.01,0.12000000,1
1506459280,22332617,3299.00,5.71934256,1
1506459280,22332616,3299.00,5.71250547,1
1506459279,22332615,3299.00,0.92163225,1
1506459279,22332614,3299.00,0.72700000,1
1506459278,22332613,3299.01,0.07500000,1
1506459277,22332602,3299.00,0.70200000,1
1506459275,22332597,3299.00,2.29238089,1
1506459275,22332596,3299.01,0.82386539,1
1506459275,22332595,3299.01,0.07844300,0
1506459274,22332593,3299.01,0.05155700,1
1506459274,22332592,3299.01,0.07844300,1
1506459273,22332589,3299.00,0.36297684,1
1506459273,22332587,3299.00,0.36760009,1
1506459272,22332585,3299.00,0.37184900,1
1506459272,22332582,3299.00,0.34585361,1
1506459272,22332581,3299.00,1.88071472,1
1506459271,22332580,3299.00,1.84322084,1
1506459271,22332579,3299.00,0.80184741,1
1506459267,22332577,3299.00,0.25942000,1
1506459266,22332576,3299.00,0.87335321,1
1506459266,22332574,3299.04,0.15353679,1
1506459264,22332570,3299.01,0.12446675,1
1506459264,22332567,3309.82,0.08128616,0
1506459264,22332565,3305.00,0.07922776,0
1506459263,22332564,3304.94,0.04030111,0
1506459263,22332562,3304.93,0.01256650,0
1506459261,22332553,3299.00,0.19107230,1
1506459261,22332552,3299.00,0.67620465,1
1506459261,22332551,3299.01,0.13000000,1
1506459259,22332550,3299.00,0.03174837,1
1506459259,22332549,3299.00,0.14685798,1
1506459259,22332548,3299.00,0.24988811,1
1506459259,22332547,3299.00,2.27125225,1
1506459255,22332544,3299.00,0.17098818,1
1506459255,22332543,3299.00,1.56350004,1
1506459254,22332540,3299.00,4.68469370,1
1506459253,22332539,3299.00,1.39037626,1
1506459253,22332538,3299.00,0.11630294,1
1506459253,22332537,3299.00,4.71190764,1
1506459253,22332536,3299.00,0.08656726,1
1506459251,22332534,3302.77,0.09768700,0
1506459251,22332533,3302.77,0.08140109,0
1506459251,22332532,3300.46,0.02513300,0
1506459247,22332523,3299.01,0.13000000,1
1506459245,22332521,3299.00,0.07315248,1
1506459244,22332515,3302.77,0.02859891,0
1506459244,22332514,3302.77,0.08267355,0
1506459244,22332513,3302.76,0.05000000,0
1506459244,22332512,3300.00,0.01500000,0
1506459244,22332511,3300.00,0.00580289,0
1506459241,22332492,3299.00,1.79314642,1
1506459240,22332483,3299.00,2.00906000,1
1506459239,22332482,3299.00,1.13120000,1
1506459239,22332478,3299.00,11.21797601,1
1506459238,22332475,3299.00,1.13120000,1
1506459238,22332473,3299.00,1.78408913,1
1506459237,22332469,3299.00,1.13120000,1
1506459236,22332468,3299.00,1.13120000,1
1506459235,22332467,3299.00,1.13120000,1
1506459235,22332466,3299.00,16.89432316,1
1506459234,22332462,3299.00,0.90000000,1
1506459234,22332461,3299.00,0.10000000,1
1506459234,22332460,3299.00,0.25000000,1
1506459233,22332459,3298.05,0.58350956,0
1506459233,22332458,3298.04,0.05026600,0
1506459233,22332456,3298.00,0.34605745,0
1506459210,22332421,3278.46,0.10000000,1
1506459204,22332413,3278.45,0.05096616,0
1506459203,22332410,3298.39,0.73332406,0
1506459186,22332393,3298.46,0.02859891,0
1506459185,22332390,3298.51,0.04192181,0
1506459185,22332389,3287.70,0.07259483,0
1506459185,22332388,3287.69,0.00073336,0
1506459183,22332386,3287.69,0.02975113,0
1506459169,22332375,3276.42,0.44583215,1
1506459169,22332374,3277.54,0.01000000,1
1506459157,22332360,3277.80,0.05642962,1
1506459156,22332356,3277.98,0.07700000,1
1506459152,22332346,3283.10,0.22854315,1
1506459149,22332340,3278.77,0.11000000,1
1506459149,22332339,3278.78,0.00402562,1
1506459149,22332338,3280.79,0.01000000,1
1506459138,22332316,3279.61,0.04565786,1
1506459137,22332314,3280.01,0.09000000,1
1506459135,22332307,3287.70,0.01475281,1
1506459134,22332301,3286.11,0.14657147,0
1506459133,22332300,3286.11,1.06608138,0
1506459133,22332299,3286.11,0.69999787,0
1506459125,22332278,3280.00,0.10000000,1
1506459125,22332277,3280.00,0.45230792,1
1506459125,22332276,3280.00,0.51666422,1
1506459125,22332275,3280.01,0.10000000,1
1506459121,22332263,3286.11,0.62543137,1
1506459118,22332253,3286.10,0.59999818,1
1506459116,22332245,3285.90,0.01477740,1
1506459115,22332240,3299.56,0.55018416,0
1506459115,22332239,3294.70,0.01000000,0
1506459115,22332238,3294.00,0.00302945,0
1506459115,22332237,3290.96,0.08383922,0
1506459115,22332236,3284.19,0.06096899,0
1506459115,22332235,3284.18,0.01633300,0
1506459115,22332234,3284.18,0.03175871,0
1506459113,22332229,3280.01,0.04490315,1
1506459103,22332205,3280.01,0.01477740,1
1506459091,22332188,3280.00,0.01477744,1
1506459072,22332168,3280.00,0.02801424,1
1506459072,22332167,3280.01,0.10000000,1
1506459068,22332161,3281.10,0.09381001,1
1506459066,22332159,3280.10,0.13740302,1
1506459066,22332158,3280.10,0.46098940,1
1506459059,22332149,3282.03,0.01000000,1
1506459047,22332138,3280.01,0.10000000,1
1506459047,22332136,3280.98,0.07316407,1
1506459047,22332134,3284.00,0.92000000,1
1506459037,22332129,3280.98,0.00107914,1
1506459037,22332128,3281.00,0.01369389,1
1506459035,22332118,3281.00,0.01630611,1
1506459029,22332105,3282.15,0.65762991,1
1506459028,22332104,3282.30,1.20733463,1
1506459028,22332103,3282.30,0.73994894,1
1506459028,22332101,3282.30,0.05271643,1
1506459028,22332100,3282.31,0.12000000,1
1506459028,22332099,3283.83,0.01634585,1
1506459027,22332097,3283.83,0.04057458,1
1506459024,22332092,3283.83,0.01476021,1
1506459016,22332072,3283.83,0.02013789,1
1506459009,22332071,3283.83,0.01476934,1
1506459003,22332068,3291.54,0.03074710,0
1506458996,22332063,3283.83,0.01476630,1
1506458978,22332056,3283.83,0.01476021,1
1506458966,22332052,3283.83,0.01475716,1
1506458958,22332047,3291.58,0.02576332,0
1506458949,22332042,3283.83,0.02767582,1
1506458944,22332038,3283.83,0.01000000,1
1506458944,22332037,3283.83,0.01000000,0
1506458942,22332036,3284.75,0.01000000,1
1506458921,22332034,3284.99,0.01844205,1
1506458920,22332033,3284.10,0.15887000,0
1506458905,22332021,3284.09,0.02495567,0
1506458903,22332019,3283.83,0.03689290,1
1506458899,22332013,3284.09,0.01128938,0
1506458898,22332011,3283.83,0.02455974,1
1506458889,22332001,3283.90,0.34414000,0
1506458878,22331991,3283.90,0.01475700,1
1506458876,22331987,3283.90,0.01475380,1
1506458870,22331981,3283.90,0.74522965,1
1506458870,22331980,3283.91,0.13000000,1
1506458859,22331973,3284.80,0.01091386,1
1506458858,22331971,3284.10,2.02910362,0
1506458857,22331969,3284.71,0.15000000,1
1506458841,22331959,3293.07,0.01128905,0
1506458840,22331958,3284.50,0.01476329,1
1506458833,22331947,3284.40,0.01476069,1
1506458829,22331944,3284.11,0.01025749,1
1506458828,22331943,3284.11,0.02302400,1
1506458803,22331924,3293.26,0.00849552,0
1506458802,22331918,3284.10,0.20362218,1
1506458800,22331914,3284.10,0.04877375,1
1506458799,22331911,3293.27,0.06057809,0
1506458781,22331894,3284.21,0.01477068,1
1506458771,22331888,3284.20,0.01096462,0
1506458758,22331854,3284.10,0.05525809,0
1506458756,22331851,3284.97,0.01000000,1
1506458746,22331842,3293.61,0.01488690,0
1506458723,22331784,3284.01,0.01476244,1
1506458708,22331764,3282.21,0.18645346,1
1506458704,22331759,3292.99,0.13314261,1
1506458704,22331758,3292.99,0.02850352,0
1506458703,22331757,3292.99,0.12006745,0
1506458703,22331756,3292.99,0.01765402,0
1506458696,22331745,3284.00,0.25906052,1
1506458696,22331744,3284.00,0.22461819,1
1506458696,22331743,3284.00,0.65349011,1
1506458696,22331742,3284.01,0.19000000,1
1506458685,22331694,3284.93,0.01000000,1
1506458661,22331686,3284.00,0.01475288,1
1506458652,22331681,3284.00,0.33175701,1
1506458648,22331675,3282.42,0.01800717,1
1506458642,22331662,3282.42,0.00092238,1
1506458642,22331661,3283.43,0.01000000,1
1506458635,22331657,3282.41,0.01498142,1
1506458629,22331654,3282.32,0.02169790,1
1506458624,22331652,3293.60,0.00903405,0
1506458621,22331648,3282.31,0.03689182,1
1506458621,22331646,3282.31,0.03713020,1
1506458608,22331638,3282.20,0.12837400,1
1506458605,22331636,3282.20,0.01095854,1
1506458597,22331630,3282.19,0.03113640,1
1506458597,22331629,3283.38,0.01000000,1
1506458578,22331612,3282.19,0.00841535,1
1506458578,22331611,3284.64,0.00254380,1
1506458572,22331603,3284.64,0.00745620,1
1506458572,22331602,3284.65,0.00350192,1
1506458564,22331595,3294.17,0.01392971,0
1506458545,22331583,3294.18,0.02900000,0
1506458544,22331582,3294.19,0.00884163,0
1506458516,22331563,3294.48,0.01988477,0
1506458514,22331562,3294.44,0.02553091,0
1506458493,22331543,3294.44,0.00904677,1
1506458492,22331542,3294.44,0.01648767,0
1506458470,22331534,3282.19,0.08493895,1
1506458464,22331531,3282.20,0.07385669,1
1506458464,22331529,3294.70,0.01000000,1
1506458441,22331514,3297.99,0.07735861,0
1506458426,22331507,3282.30,0.14392693,1
1506458421,22331503,3282.30,1.73383394,1
1506458421,22331502,3283.51,2.03735605,1
1506458421,22331501,3283.52,0.75226843,1
1506458421,22331500,3283.52,0.15909803,1
1506458409,22331489,3283.51,0.14764688,1
1506458403,22331483,3283.51,0.54911999,1
1506458402,22331482,3283.52,0.18000000,1
1506458390,22331472,3283.60,2.03123053,1
1506458390,22331471,3283.71,0.05438557,1
1506458390,22331470,3283.77,0.37918118,1
1506458384,22331466,3283.70,0.10341212,1
1506458384,22331464,3299.21,0.05438557,0
1506458372,22331455,3285.73,0.13066866,1
1506458367,22331452,3285.70,0.03297533,1
1506458366,22331451,3285.70,0.28412757,0
1506458362,22331447,3285.70,0.01508843,0
1506458355,22331441,3294.99,0.03000393,0
1506458343,22331434,3285.60,0.31096132,1
1506458343,22331433,3286.48,0.01000000,1
1506458334,22331420,3300.00,0.31032727,1
1506458332,22331417,3295.00,0.13281897,1
1506458332,22331414,3295.00,0.31321491,0
1506458330,22331411,3285.70,0.02615753,1
1506458330,22331410,3285.71,0.06979707,1
1506458328,22331408,3285.63,0.19952034,0
1506458324,22331407,3285.63,0.35744200,1
1506458308,22331396,3285.36,0.04977233,0
1506458285,22331386,3298.00,0.01707360,0
1506458283,22331382,3299.37,0.06961026,0
1506458275,22331377,3299.44,0.50275778,0
1506458275,22331376,3290.69,0.19190920,0
1506458272,22331375,3285.10,0.61410739,1
1506458272,22331374,3285.11,0.02764787,1
1506458236,22331353,3290.79,0.05196491,0
1506458235,22331352,3290.79,0.24571041,0
1506458234,22331347,3290.80,0.05971149,0
1506458223,22331343,3294.99,0.03139304,0
1506458206,22331338,3283.60,0.21985598,1
1506458173,22331323,3284.74,0.33842265,1
1506458165,22331317,3290.83,0.01000000,0
1506458159,22331310,3284.90,0.59437731,1
1506458158,22331307,3284.90,0.01000000,1
1506458076,22331279,3283.53,0.02086164,1
1506458070,22331271,3283.52,0.05810980,1
1506458069,22331268,3283.52,0.11874126,1
1506458069,22331266,3283.53,0.17000000,1
1506458041,22331210,3283.52,0.03494731,1
1506458040,22331207,3283.52,0.07947335,1
1506458040,22331206,3283.52,0.05579915,1
1506458040,22331205,3283.52,0.11561392,1
1506458030,22331197,3292.99,0.16253747,0
1506458018,22331189,3283.60,0.44546421,1
1506458010,22331184,3285.00,0.01500000,1
1506458008,22331183,3285.00,0.19770636,1
1506458006,22331176,3285.00,0.37214300,1
1506458001,22331172,3295.05,0.00848470,0
1506457997,22331170,3285.00,0.01622738,1
1506457997,22331169,3285.00,0.11919913,1
1506457997,22331168,3285.00,0.01856803,1
1506457981,22331117,3285.03,0.06644000,1
1506457968,22331109,3295.28,0.03614443,0
1506457954,22331094,3285.00,0.00436000,1
1506457945,22331087,3285.00,0.01423318,1
1506457942,22331085,3285.00,0.04896464,1
1506457942,22331084,3285.00,0.01652560,1
1506457942,22331083,3285.00,0.14710468,1
1506457941,22331082,3286.10,0.01000000,1
1506457922,22331058,3286.14,0.01000000,1
1506457885,22331040,3286.27,0.01000000,1
1506457847,22331003,3285.00,0.04496800,1
1506457833,22330980,3285.01,0.11726926,1
1506457832,22330979,3285.02,0.16923074,1
1506457831,22330975,3297.88,0.05467606,0
1506457822,22330955,3297.99,0.01000000,0
1506457817,22330951,3286.42,0.09745864,1
1506457813,22330943,3297.97,0.07451831,0
1506457805,22330932,3299.25,0.02747911,0
1506457764,22330904,3300.00,0.01419711,0
1506457756,22330902,3298.76,0.14878661,0
1506457755,22330901,3298.76,0.02044413,0
1506457746,22330897,3298.77,0.11658072,0
1506457744,22330896,3298.78,0.04428193,0
1506457724,22330853,3285.01,0.05161935,1
1506457724,22330851,3285.01,0.08689875,1
1506457713,22330837,3285.01,0.13771762,1
1506457658,22330794,3283.81,0.01213200,1
1506457646,22330784,3285.00,0.00200000,1
1506457646,22330783,3285.00,0.02000000,1
1506457646,22330782,3285.01,0.04525000,1
1506457646,22330781,3302.18,0.00031309,0
1506457646,22330780,3294.00,0.01372000,0
1506457635,22330773,3285.06,0.21253649,1
1506457635,22330772,3294.06,0.00959847,1
1506457635,22330771,3285.09,0.11821566,1
1506457634,22330770,3294.00,0.00000310,1
1506457634,22330769,3294.04,0.00639847,1
1506457628,22330762,3294.00,0.22124166,1
1506457627,22330761,3302.32,0.02272700,0
1506457625,22330758,3302.32,0.07271188,0
1506457623,22330756,3302.30,0.02278922,0
1506457623,22330755,3293.99,0.02875524,0
1506457593,22330715,3286.64,0.01570976,0
1506457588,22330711,3299.89,0.07251453,1
1506457588,22330710,3295.78,0.05751048,1
1506457586,22330707,3294.00,0.04000000,0
1506457563,22330692,3300.14,0.06951805,0
1506457560,22330687,3300.16,0.09521054,0
1506457557,22330685,3300.17,0.01299630,0
1506457553,22330674,3285.11,0.13808366,0
1506457553,22330673,3285.11,0.31065466,1
1506457549,22330669,3285.11,0.70649534,1
1506457549,22330668,3285.12,0.03254435,1
1506457518,22330643,3300.87,0.01208772,0
1506457512,22330637,3300.89,0.02025000,0
1506457511,22330636,3300.90,0.04325000,0
1506457484,22330609,3301.39,0.04525000,0
1506457481,22330608,3301.40,0.02422666,0
1506457461,22330595,3301.87,0.02965455,0
1506457455,22330590,3288.25,3.45224566,1
1506457455,22330589,3288.25,0.20569335,1
1506457455,22330588,3288.26,0.13000000,1
1506457449,22330567,3288.25,0.30388781,1
1506457449,22330566,3288.25,0.04469081,1
1506457444,22330557,3302.01,0.01025000,0
1506457443,22330556,3284.20,0.08662359,1
1506457443,22330555,3284.21,0.14000000,1
1506457442,22330554,3288.44,0.04546592,1
1506457442,22330553,3288.44,0.11084932,1
1506457436,22330545,3288.44,0.23255906,1
1506457436,22330544,3288.44,0.06979534,1
1506457436,22330542,3288.44,0.03252750,1
1506457415,22330525,3302.41,0.00470348,0
1506457413,22330522,3289.88,0.01000000,1
1506457408,22330510,3288.44,0.24446698,1
1506457407,22330509,3288.47,0.58784099,1
1506457402,22330503,3288.44,0.24136736,1
1506457400,22330501,3288.44,0.84672713,1
1506457400,22330500,3288.45,0.13000000,1
1506457400,22330499,3288.46,0.12500000,1
1506457392,22330487,3302.67,0.05962956,0
1506457388,22330484,3288.46,0.04743991,0
1506457387,22330483,3288.46,0.01000000,0
1506457387,22330480,3288.46,0.05000000,0
1506457386,22330479,3288.46,0.00758106,0
1506457384,22330478,3288.44,0.03404648,1
1506457384,22330476,3288.47,0.00274678,1
1506457382,22330475,3288.47,0.05914715,0
1506457382,22330473,3288.47,0.12810607,0
1506457381,22330471,3290.81,0.01000000,1
1506457376,22330465,3288.47,0.00971169,1
1506457355,22330454,3289.73,0.01000000,1
1506457332,22330448,3288.51,0.05000000,1
1506457239,22330355,3288.44,0.02132813,1
1506457237,22330351,3288.44,3.57356465,1
1506457232,22330340,3288.44,0.08099658,1
1506457231,22330332,3288.58,0.08926924,0
1506457230,22330331,3288.58,0.03957356,0
1506457230,22330330,3288.58,0.14115720,0
1506457228,22330327,3288.78,2.34019628,1
1506457228,22330326,3288.90,0.12000000,1
1506457228,22330325,3288.90,0.49637780,1
1506457227,22330324,3288.90,0.13013056,1
1506457227,22330323,3288.93,0.32141070,1
1506457223,22330322,3302.76,0.01373467,0
1506457189,22330297,3302.77,0.14777473,0
1506457186,22330290,3302.77,0.01419079,0
1506457184,22330282,3302.77,2.37934145,1
1506457183,22330281,3304.92,0.04051265,0
1506457183,22330279,3304.05,0.00560000,0
1506457183,22330274,3302.77,0.04964619,1
1506457183,22330272,3302.77,0.08267355,1
1506457182,22330270,3302.77,0.00785275,1
1506457179,22330259,3302.77,0.03449000,1
1506457177,22330251,3302.77,0.15009774,1
1506457177,22330250,3302.77,0.03816164,1
1506457177,22330248,3302.03,0.24377660,0
1506457177,22330247,3301.95,0.01394934,0
1506457176,22330246,3301.94,0.00001074,0
1506457173,22330237,3301.95,0.54417845,1
1506457172,22330233,3301.94,0.04889802,1
1506457172,22330224,3301.94,0.01110608,1
1506457171,22330216,3301.94,0.00209513,1
1506457170,22330214,3301.94,0.30000000,0
1506457160,22330201,3301.95,0.02025000,0
1506457155,22330199,3301.98,0.32650836,0
1506457155,22330198,3301.95,0.67891407,0
1506457151,22330195,3288.48,0.11091618,1
1506457122,22330153,3288.45,0.05417483,1
1506457115,22330136,3288.44,0.03141649,1
1506457115,22330135,3288.45,0.01514190,1
1506457111,22330133,3288.48,0.02000000,1
1506457108,22330125,3288.45,0.12485810,1
1506457102,22330095,3288.44,0.39337845,1
1506457097,22330087,3288.44,0.13880488,1
1506457096,22330085,3288.45,0.15000000,1
1506457095,22330079,3288.62,0.02363000,1
1506457080,22330050,3288.44,0.13686614,1
1506457080,22330047,3288.44,0.03843499,1
1506457080,22330046,3288.45,0.16000000,1
1506457071,22330038,3300.95,0.31210125,0
1506457066,22330019,3288.45,0.02327000,1
1506457042,22329985,3288.44,0.16501538,1
1506457041,22329984,3289.75,0.01000000,1
1506457034,22329979,3301.41,0.01873485,0
1506457030,22329974,3288.44,0.07287545,1
1506457030,22329973,3288.45,0.07834117,1
1506457030,22329972,3288.45,0.09165883,1
1506457030,22329971,3288.45,0.06276121,1
1506457029,22329969,3288.45,0.04124822,1
1506457023,22329968,3288.44,0.13371201,1
1506457023,22329967,3288.44,0.04895234,1
1506457022,22329964,3301.60,0.10400943,0
1506457017,22329961,3288.44,0.11070525,1
1506457017,22329959,3288.45,0.21000000,1
1506457012,22329949,3288.44,0.07273174,1
1506457011,22329948,3288.44,0.13993732,1
1506457011,22329946,3288.44,0.05799023,1
1506457011,22329945,3288.45,0.23000000,1
1506456999,22329939,3288.44,0.06223856,1
1506456999,22329938,3288.45,0.11308163,1
1506456999,22329937,3288.51,0.07326280,1
1506456993,22329934,3288.45,0.13691837,1
1506456989,22329930,3288.50,0.25651491,1
1506456989,22329929,3288.50,0.18386661,1
1506456988,22329927,3288.50,0.05845200,1
1506456987,22329923,3288.50,0.15613952,1
1506456987,22329921,3288.51,0.25628248,1
1506456987,22329919,3289.88,0.01000000,1
1506456982,22329911,3288.50,0.13703106,1
1506456978,22329909,3302.41,0.25628248,0
1506456975,22329906,3288.49,0.11972209,1
1506456975,22329905,3288.49,0.01730730,1
1506456972,22329903,3302.52,0.07474939,0
1506456969,22329900,3288.49,0.13698341,1
1506456964,22329898,3288.49,0.10570929,1
1506456964,22329897,3288.52,0.00479847,1
1506456964,22329896,3289.64,0.01000000,1
1506456957,22329892,3288.48,0.12601798,1
1506456951,22329875,3299.78,0.04367778,0
1506456949,22329874,3299.78,0.00869254,0
1506456947,22329873,3299.78,0.02276287,0
1506456947,22329872,3299.75,0.03387227,0
1506456946,22329871,3288.47,0.15056840,1
1506456944,22329870,3299.75,0.03387529,0
1506456934,22329867,3288.46,0.14187279,1
1506456934,22329866,3288.49,0.00419847,1
1506456922,22329859,3299.86,0.13670497,1
1506456921,22329858,3299.86,0.13649722,1
1506456921,22329857,3299.86,0.02373074,0
1506456910,22329856,3288.46,0.00959847,1
1506456906,22329854,3298.14,0.00540008,0
1506456906,22329853,3298.13,0.01599847,0
1506456903,22329851,3288.44,0.13696104,1
1506456902,22329849,3288.44,0.04219859,1
1506456893,22329839,3288.44,0.15037222,1
1506456893,22329838,3288.44,0.03371447,1
1506456881,22329825,3288.28,0.18127411,0
1506456880,22329823,3285.82,0.09927050,1
1506456879,22329822,3287.13,0.03023699,1
1506456879,22329821,3288.25,0.01000000,1
1506456865,22329806,3298.43,0.02704546,0
1506456831,22329794,3298.94,0.03023699,0
1506456825,22329792,3298.97,0.06657688,0
1506456796,22329769,3286.11,0.13713780,1
1506456796,22329768,3286.11,0.82638146,1
1506456793,22329763,3290.00,0.28770448,0
1506456793,22329762,3289.99,0.03924995,0
1506456791,22329758,3289.99,0.06029394,0
1506456788,22329754,3286.10,0.27312382,1
1506456788,22329753,3286.10,0.46725764,1
1506456782,22329747,3290.00,0.00000564,1
1506456781,22329742,3290.00,0.28862217,1
1506456781,22329740,3290.00,0.00200000,1
1506456781,22329739,3290.00,0.03752888,1
1506456781,22329738,3290.01,0.00000397,1
1506456779,22329732,3290.01,0.30999603,1
1506456778,22329719,3290.00,0.96247112,1
1506456778,22329717,3290.27,0.00000306,1
1506456777,22329714,3290.27,0.01130911,1
1506456777,22329711,3291.00,0.27964145,1
1506456775,22329710,3291.00,0.15850700,1
1506456775,22329709,3291.04,0.00800000,1
1506456775,22329707,3291.04,0.01599847,1
1506456775,22329706,3291.05,0.09881795,1
1506456763,22329697,3299.79,0.04483567,0
1506456746,22329683,3302.94,0.09881795,0
1506456732,22329680,3291.00,0.00763309,1
1506456732,22329679,3292.00,0.13861235,1
1506456722,22329674,3301.16,0.04281627,0
1506456702,22329664,3292.00,0.15538302,1
1506456698,22329663,3292.00,0.12568000,1
1506456653,22329635,3294.02,0.01000000,1
1506456639,22329628,3293.15,0.35271398,1
1506456613,22329589,3301.96,0.29765394,0
1506456573,22329574,3302.13,0.01806198,0
1506456526,22329554,3291.00,0.12403384,1
1506456526,22329553,3291.02,0.00302945,1
1506456526,22329552,3293.48,0.00000334,1
1506456526,22329551,3297.55,0.01000000,1
1506456522,22329549,3293.48,0.14312825,1
1506456514,22329546,3292.41,0.14687506,1
1506456493,22329533,3302.32,0.01509300,0
1506456466,22329522,3302.53,0.02016862,0
1506456460,22329519,3297.14,0.01000000,1
1506456446,22329514,3302.57,0.02190675,0
1506456394,22329496,3293.23,0.01000000,0
1506456383,22329489,3293.24,0.91797744,1
1506456362,22329482,3304.94,0.04477901,0
1506456344,22329473,3302.78,0.01158000,0
1506456341,22329472,3290.39,0.03001988,1
1506456326,22329469,3302.85,0.01425000,0
1506456324,22329468,3302.89,0.00769827,0
1506456324,22329467,3302.86,0.59078387,0
1506456319,22329465,3293.18,0.05200000,1
1506456317,22329463,3295.91,0.01000000,1
1506456304,22329449,3305.00,0.00305484,0
1506456304,22329446,3304.74,0.00556589,0
1506456285,22329417,3301.88,0.11348368,0
1506456241,22329405,3302.46,0.02848718,0
1506456237,22329404,3302.54,0.15102012,0
1506456217,22329399,3291.47,0.08645800,1
1506456203,22329389,3302.83,0.00846696,0
1506456186,22329384,3291.29,0.13701028,1
1506456184,22329383,3304.19,0.01000000,0
1506456184,22329381,3304.19,0.01360345,0
1506456183,22329380,3302.98,0.02778400,0
1506456157,22329373,3293.57,0.10568493,1
1506456156,22329372,3294.00,0.03035820,1
1506456156,22329371,3295.91,0.01000000,1
1506456143,22329367,3304.59,0.00997192,0
1506456137,22329364,3295.94,0.13681662,1
1506456124,22329359,3303.01,0.03346298,0
1506456113,22329353,3294.03,0.01825284,1
1506456104,22329350,3304.32,0.00847183,0
1506456089,22329345,3293.57,0.01825502,1
1506456089,22329344,3293.57,0.13691544,1
1506456088,22329343,3293.57,0.13133885,1
1506456082,22329337,3293.60,0.09160015,1
1506456063,22329325,3293.60,0.13691419,1
1506456063,22329324,3293.60,0.14343835,1
1506456063,22329323,3304.74,0.13341054,1
1506456063,22329322,3304.74,0.14732864,0
1506456051,22329309,3293.57,0.14604313,1
1506456050,22329306,3293.57,0.14732864,1
1506456047,22329300,3305.00,0.04477793,0
1506456045,22329298,3293.60,0.14732864,1
1506456043,22329294,3305.00,1.06421662,1
1506456043,22329293,3305.00,0.75800000,1
1506456043,22329292,3305.00,0.01689218,1
1506456043,22329291,3305.00,0.93335326,0
1506456043,22329290,3302.96,0.24571041,0
1506456041,22329288,3293.57,0.14604213,1
1506456039,22329287,3293.57,0.14604313,1
1506456039,22329284,3293.57,0.13691544,1
1506456027,22329266,3293.57,0.01825502,1
1506456025,22329263,3293.57,0.09787537,1
1506456025,22329262,3293.80,0.02903926,1
1506456025,22329261,3294.72,0.01000000,1
1506455983,22329230,3302.11,0.01478399,0
1506455977,22329225,3293.80,0.16469663,1
1506455971,22329224,3293.80,0.14618916,1
1506455971,22329223,3293.80,0.13618746,1
1506455971,22329222,3294.65,0.01000000,1
1506455943,22329178,3293.80,0.13690587,1
1506455943,22329177,3293.80,0.32674370,1
1506455937,22329176,3293.80,0.12360627,1
1506455937,22329175,3294.69,0.01000000,1
1506455931,22329171,3293.80,0.13688136,1
1506455925,22329169,3293.80,0.15087435,1
1506455922,22329166,3293.80,0.01900000,1
1506455920,22329165,3303.02,0.04218521,1
1506455919,22329164,3302.65,0.01767512,0
1506455918,22329163,3302.65,0.01003994,0
1506455918,22329162,3302.65,0.00506006,0
1506455899,22329153,3302.62,0.00000350,0
1506455899,22329152,3302.62,0.00703000,1
1506455897,22329150,3302.04,0.00271650,0
1506455896,22329149,3293.80,0.11652171,1
1506455890,22329147,3293.80,0.08631038,1
1506455889,22329146,3294.61,0.01000000,1
1506455883,22329143,3293.80,0.01088315,1
1506455867,22329132,3291.26,0.01257885,1
1506455867,22329131,3291.26,3.42603123,0
1506455866,22329130,3291.26,0.16273391,1
1506455864,22329129,3301.72,0.01791655,0
1506455822,22329120,3291.28,0.12036197,1
1506455821,22329119,3299.17,0.01000000,1
1506455785,22329103,3301.92,0.02942029,0
1506455764,22329096,3300.48,0.13481847,1
1506455764,22329095,3300.48,0.00420636,0
1506455764,22329094,3300.48,0.02079364,0
1506455747,22329066,3300.48,0.01000000,1
1506455745,22329062,3302.07,0.05711783,0
1506455744,22329059,3302.04,0.00271650,0
1506455743,22329058,3297.19,0.04657357,1
1506455716,22329051,3291.77,0.01526879,1
1506455678,22329019,3298.99,0.01000000,1
1506455642,22329004,3302.18,0.09062195,0
1506455628,22329001,3290.27,0.01256908,0
1506455627,22328999,3293.95,0.20000000,1
1506455598,22328984,3302.65,0.01000000,0
1506455594,22328980,3308.42,0.01823800,1
1506455594,22328979,3308.16,0.00560000,1
1506455592,22328975,3302.65,0.01506000,1
1506455591,22328974,3302.65,0.01514296,0
1506455584,22328973,3302.65,0.03132223,0
1506455583,22328972,3302.66,0.06946521,0
1506455493,22328927,3293.93,0.00626384,1
1506455493,22328925,3293.94,0.00768380,1
1506455487,22328911,3306.74,0.02907471,0
1506455485,22328907,3306.77,0.07402845,0
1506455482,22328901,3293.93,0.41619988,1
1506455481,22328900,3294.00,0.12565772,1
1506455474,22328897,3307.00,0.00617810,0
1506455465,22328885,3293.93,0.03131828,1
1506455464,22328884,3307.02,0.06937343,0
1506455463,22328882,3307.03,0.06937342,0
1506455447,22328860,3293.93,0.66050381,1
1506455447,22328859,3295.27,0.01000000,1
1506455446,22328858,3293.93,0.46306762,1
1506455445,22328857,3293.93,0.80335045,1
1506455440,22328850,3307.43,0.00150570,0
1506455438,22328847,3293.93,0.12682870,1
1506455431,22328834,3293.94,0.02500000,1
1506455431,22328832,3294.07,0.02000000,1
1506455431,22328830,3294.10,0.05051052,1
1506455426,22328826,3307.50,0.01884104,0
1506455423,22328817,3307.53,0.01702983,0
1506455421,22328809,3293.93,0.93271868,1
1506455419,22328799,3293.93,0.02734467,1
1506455419,22328797,3293.94,0.01514525,1
1506455419,22328796,3294.07,0.02500000,1
1506455419,22328794,3294.07,0.00488867,1
1506455416,22328784,3294.07,0.01511133,0
1506455414,22328781,3294.07,0.17500000,1
1506455408,22328775,3294.07,0.18488677,0
1506455403,22328765,3294.04,0.97693348,0
1506455402,22328763,3295.59,0.01000000,1
1506455396,22328760,3308.04,0.01507539,0
1506455382,22328749,3294.02,0.12406314,0
1506455382,22328748,3294.02,0.24105665,0
1506455380,22328747,3294.03,0.00465376,1
1506455379,22328746,3294.03,0.81534624,0
1506455375,22328745,3294.03,0.01892509,1
1506455370,22328743,3294.03,4.02995409,1
1506455368,22328740,3294.04,0.47004591,1
1506455361,22328732,3294.04,0.02995409,1
1506455361,22328731,3295.16,0.01000000,1
1506455319,22328676,3294.03,0.16774745,1
1506455307,22328648,3294.03,0.32320346,1
1506455307,22328647,3294.04,0.01482226,1
1506455300,22328640,3294.04,0.01017774,1
1506455296,22328636,3294.04,0.02921498,0
1506455293,22328634,3294.04,0.04508570,1
1506455293,22328633,3294.04,0.03530987,1
1506455290,22328624,3307.35,0.04488488,0
1506455286,22328621,3294.03,0.91929804,1
1506455285,22328619,3307.48,0.03530987,0
1506455284,22328617,3294.03,0.07617362,1
1506455279,22328612,3294.03,0.10945627,1
1506455277,22328606,3294.03,2.84770005,1
1506455276,22328605,3294.03,0.74455798,1
1506455276,22328603,3294.03,0.40190254,1
1506455275,22328601,3294.03,0.15108141,1
1506455253,22328529,3294.17,0.28835184,1
1506455253,22328528,3296.00,0.50000000,1
1506455244,22328520,3308.19,0.01359018,0
1506455242,22328504,3299.86,1.65277430,1
1506455242,22328496,3299.86,0.48924199,1
1506455241,22328491,3299.86,3.85094708,1
1506455241,22328483,3299.86,0.03250432,1
1506455240,22328481,3300.70,0.01000000,1
1506455235,22328470,3299.86,0.10643370,1
1506455226,22328461,3299.86,0.16916173,1
1506455212,22328449,3299.86,0.09271303,1
1506455210,22328444,3299.86,0.18755039,1
1506455200,22328432,3299.86,0.02184639,1
1506455183,22328416,3299.86,0.50028184,1
1506455180,22328410,3299.86,0.37610081,1
1506455177,22328402,3299.86,0.31816502,1
1506455175,22328394,3299.86,0.62112029,1
1506455165,22328386,3299.86,0.12192639,1
1506455155,22328376,3299.86,0.01493094,1
1506455146,22328368,3309.78,0.02528282,0
1506455146,22328367,3309.76,0.00999983,0
1506455145,22328357,3299.86,0.15122157,1
1506455135,22328341,3299.86,0.34557000,1
1506455135,22328340,3303.39,0.01000000,1
1506455123,22328273,3308.99,0.03134678,0
1506455113,22328199,3301.92,0.01000000,1
1506455110,22328183,3299.86,0.02755054,1
1506455107,22328172,3299.86,0.01755047,1
1506455107,22328171,3301.10,0.01000000,1
1506455099,22328104,3299.86,0.14274426,1
1506455099,22328102,3300.17,0.00000423,1
1506455097,22328091,3300.17,0.02356849,1
1506455087,22328013,3300.20,0.09012788,1
1506455073,22327881,3300.20,0.03680687,1
1506455061,22327847,3309.40,0.18180600,0
1506455054,22327844,3300.17,0.00185000,1
1506455053,22327843,3306.79,0.01000000,1
1506455041,22327835,3299.86,0.24571347,1
1506455038,22327831,3299.86,0.24422339,1
1506455038,22327829,3306.64,0.00131127,1
1506455033,22327824,3306.64,0.01169094,0
1506455031,22327822,3299.86,0.18918682,1
1506455024,22327812,3306.64,0.01104000,0
1506455020,22327807,3306.64,0.01000000,0
1506455017,22327800,3299.86,0.10039517,1
1506455016,22327797,3299.87,0.13143549,1
1506455011,22327781,3299.86,0.30014609,1
1506454984,22327752,3304.90,0.02256133,0
1506454984,22327750,3304.51,0.05158470,0
1506454982,22327746,3296.28,0.21058588,1
1506454966,22327716,3296.28,0.01494109,1
1506454920,22327637,3304.45,0.01000000,0
1506454914,22327614,3304.43,0.15093375,1
1506454906,22327556,3304.44,0.02844268,0
1506454905,22327539,3304.47,0.02701378,0
1506454894,22327449,3294.17,0.01447962,1
1506454894,22327447,3296.32,0.01000000,1
1506454879,22327383,3304.63,0.00000161,1
1506454879,22327382,3304.63,0.16270203,1
1506454879,22327381,3304.63,0.02566843,0
1506454856,22327306,3294.17,0.14598215,1
1506454855,22327305,3294.17,0.05118639,1
1506454855,22327304,3295.01,0.16892361,1
1506454855,22327303,3300.48,0.01000000,1
1506454830,22327274,3300.00,0.01298631,1
1506454830,22327273,3299.55,0.07200000,0
1506454827,22327269,3300.09,0.01000000,1
1506454808,22327241,3299.55,0.03403798,1
1506454805,22327233,3306.60,0.00447396,0
1506454805,22327232,3306.60,0.04517522,1
1506454803,22327218,3304.90,0.01069624,0
1506454800,22327205,3299.56,0.01057414,0
1506454784,22327169,3299.56,0.06289790,1
1506454778,22327160,3304.90,0.01058514,1
1506454777,22327157,3306.64,0.01508177,0
1506454775,22327156,3304.90,0.05049098,1
1506454769,22327145,3304.90,0.08009329,1
1506454763,22327136,3309.75,0.04969750,1
1506454763,22327135,3309.75,0.01058500,0
1506454744,22327122,3299.91,2.65162684,0
1506454741,22327118,3299.91,7.34837316,1
1506454721,22327076,3299.91,1.67908115,1
1506454721,22327075,3300.00,0.10000000,1
1506454721,22327073,3300.03,0.23330885,1
1506454708,22327037,3300.00,0.00117400,0
1506454706,22327030,3304.94,0.01000000,1
1506454698,22326991,3300.91,0.01190000,1
1506454692,22326971,3309.07,0.24520885,0
1506454671,22326954,3308.58,0.06030382,0
1506454670,22326953,3299.91,0.12073720,1
1506454669,22326949,3299.91,0.83180849,1
1506454664,22326945,3294.20,0.96246111,1
1506454664,22326944,3294.21,0.19369857,1
1506454657,22326937,3294.21,0.28630143,1
1506454657,22326936,3294.22,0.67500000,1
1506454657,22326935,3299.68,3.83541283,1
1506454657,22326934,3300.00,0.92364273,1
1506454655,22326926,3300.00,0.07635727,1
1506454655,22326925,3299.68,0.89649170,1
1506454654,22326924,3299.68,0.21114522,1
1506454654,22326923,3299.68,0.41971371,1
1506454653,22326922,3299.68,0.16825614,1
1506454649,22326912,3299.68,1.47243030,1
1506454648,22326911,3299.68,0.31193723,1
1506454648,22326909,3299.68,0.60138316,1
1506454639,22326885,3299.68,2.00965000,1
1506454632,22326855,3299.68,0.07357971,1
1506454625,22326840,3294.20,0.05557074,1
1506454625,22326839,3294.20,0.22595947,1
1506454624,22326838,3294.23,0.15485249,1
1506454624,22326836,3309.08,0.00874961,0
1506454604,22326819,3309.42,0.11420544,0
1506454579,22326803,3294.10,3.15996413,1
1506454579,22326802,3294.10,2.00000000,1
1506454565,22326797,3309.44,0.02933610,0
1506454559,22326789,3300.00,0.02764100,1
1506454553,22326782,3300.00,0.00672400,1
1506454553,22326781,3309.64,0.00327600,1
1506454541,22326751,3309.57,0.01131095,0
1506454541,22326750,3300.00,0.62272587,1
1506454541,22326749,3300.03,0.13253813,1
1506454518,22326693,3309.32,0.06049829,0
1506454484,22326670,3309.53,0.05694180,0
1506454445,22326655,3301.70,0.01332882,1
1506454445,22326654,3299.64,0.01267411,0
1506454433,22326640,3299.60,0.01000000,1
1506454423,22326639,3299.60,0.00560000,1
1506454421,22326637,3299.60,0.25000000,1
1506454421,22326636,3299.60,0.30100034,1
1506454421,22326635,3299.61,0.01159983,1
1506454420,22326634,3299.63,0.01739983,1
1506454403,22326626,3299.54,0.07201916,1
1506454403,22326625,3299.66,0.00199983,1
1506454403,22326624,3299.68,0.00299983,1
1506454394,22326613,3305.57,2.00000000,1
1506454385,22326603,3299.61,0.00084089,1
1506454384,22326602,3299.62,0.00915911,1
1506454384,22326600,3299.62,0.00560000,1
1506454384,22326599,3299.61,0.03684072,0
1506454376,22326590,3309.24,0.01509804,0
1506454361,22326588,3299.54,0.02500000,1
1506454357,22326587,3299.54,0.75400000,1
1506454357,22326586,3299.72,0.77000000,1
1506454313,22326569,3299.65,0.03586210,1
1506454308,22326563,3299.64,0.01000000,1
1506454303,22326559,3299.64,0.02416628,1
1506454274,22326500,3299.58,0.07936841,0
1506454274,22326499,3299.58,0.22951611,1
1506454273,22326497,3299.58,0.30822105,1
1506454273,22326495,3299.58,0.03226284,1
1506454273,22326494,3299.62,0.36151289,1
1506454273,22326493,3313.36,0.00062336,1
1506454272,22326491,3313.36,0.01150237,0
1506454268,22326490,3313.36,0.01349763,1
1506454268,22326489,3318.61,0.36151289,0
1506454268,22326488,3318.60,0.05671970,0
1506454264,22326471,3320.00,0.02909192,0
1506454263,22326467,3320.00,2.82319432,1
1506454263,22326466,3320.00,0.13631996,1
1506454262,22326464,3320.00,0.22950731,1
1506454262,22326460,3320.00,0.24616900,1
1506454258,22326454,3320.00,0.01842652,1
1506454257,22326450,3320.00,0.02187687,1
1506454256,22326447,3320.00,0.03431023,1
1506454254,22326445,3320.00,1.00000000,1
1506454254,22326444,3320.00,2.00000000,1
1506454252,22326442,3320.00,0.72440832,1
1506454252,22326440,3320.00,0.10948400,1
1506454252,22326439,3320.00,0.04813900,1
1506454250,22326436,3320.00,0.15800000,1
1506454247,22326434,3320.01,0.35581137,0
1506454247,22326433,3320.00,2.48046636,1
1506454247,22326432,3320.00,0.22451287,1
1506454246,22326431,3320.00,0.03309047,1
1506454246,22326430,3320.00,1.26045663,1
1506454246,22326429,3320.00,0.11767492,1
1506454246,22326428,3320.00,0.19696400,1
1506454245,22326424,3320.00,0.44663143,1
1506454245,22326423,3320.00,0.94396741,1
1506454244,22326422,3320.00,0.08075082,1
1506454244,22326420,3320.00,1.94666068,1
1506454244,22326417,3320.00,0.36663170,1
1506454244,22326416,3320.00,1.78048168,1
1506454243,22326414,3320.00,0.96452201,1
1506454243,22326411,3320.00,0.10819394,1
1506454243,22326405,3320.00,0.03902630,1
1506454242,22326404,3320.00,0.07567938,1
1506454242,22326403,3320.00,2.48046269,1
1506454241,22326401,3320.00,0.01000000,1
1506454241,22326400,3320.00,1.61428667,1
1506454241,22326395,3320.00,0.01964606,1
1506454241,22326393,3320.00,0.01711921,1
1506454240,22326388,3320.00,0.02152184,1
1506454240,22326386,3320.00,0.97169610,1
1506454239,22326384,3320.00,0.01000000,1
1506454239,22326383,3320.00,0.21129651,1
1506454239,22326380,3320.00,0.16721386,1
1506454239,22326378,3320.00,0.07100818,1
1506454239,22326376,3320.00,0.01842852,1
1506454238,22326372,3320.00,7.68160000,1
1506454238,22326368,3320.00,0.00999983,1
1506454238,22326367,3320.00,2.55770000,1
1506454237,22326365,3320.00,0.01000000,1
1506454236,22326363,3320.00,5.56282807,1
1506454236,22326360,3320.00,0.08599870,1
1506454235,22326358,3320.00,0.02000000,1
1506454235,22326356,3320.00,0.02770959,1
1506454235,22326355,3320.00,0.01000000,1
1506454234,22326350,3320.00,0.01964606,1
1506454233,22326347,3320.00,0.10000000,1
1506454233,22326344,3320.00,3.17268751,1
1506454233,22326343,3320.00,0.50077067,1
1506454233,22326342,3320.00,0.39162260,1
1506454233,22326340,3320.01,0.09591819,1
1506454233,22326339,3320.01,0.01000000,1
1506454232,22326338,3320.01,0.14261365,1
1506454232,22326337,3320.01,0.14976249,1
1506454231,22326332,3320.01,0.14170567,0
1506454231,22326330,3320.01,0.40714980,0
1506454231,22326326,3320.00,1.43013797,1
1506454231,22326324,3320.00,0.09724375,1
1506454231,22326322,3320.00,0.01028257,1
1506454230,22326318,3320.00,2.00000000,1
1506454230,22326315,3320.00,0.26929729,1
1506454229,22326313,3320.00,0.60393377,1
1506454229,22326312,3320.00,0.06023700,1
1506454229,22326311,3320.00,0.01000000,1
1506454228,22326309,3320.00,0.09449879,1
1506454228,22326307,3320.00,1.61425346,1
1506454228,22326305,3320.00,1.48265000,1
1506454228,22326304,3320.00,10.00000000,1
1506454228,22326303,3320.00,0.11905266,1
1506454227,22326297,3320.00,0.53322479,1
1506454227,22326295,3320.00,0.02162652,1
1506454227,22326292,3320.00,0.03354490,1
1506454226,22326289,3320.00,2.41406392,1
1506454226,22326288,3320.00,3.20861349,1
1506454225,22326282,3320.01,0.16914453,0
1506454225,22326280,3320.00,0.22772007,1
1506454225,22326279,3320.00,0.13414801,1
1506454225,22326278,3320.00,0.01338085,1
1506454224,22326277,3320.00,0.57756530,1
1506454223,22326275,3320.00,0.12913671,1
1506454222,22326269,3320.00,2.37307122,1
1506454221,22326266,3320.00,2.00000000,1
1506454221,22326264,3320.00,0.03353293,1
1506454221,22326262,3320.00,2.55950000,1
1506454220,22326260,3320.00,0.11866282,1
1506454220,22326257,3320.00,0.48399363,1
1506454220,22326255,3320.00,0.30222728,1
1506454220,22326252,3320.00,0.10000000,1
1506454220,22326250,3320.00,7.12262960,1
1506454219,22326248,3320.01,0.25980369,1
1506454219,22326246,3320.01,0.09879331,0
1506454219,22326241,3320.01,0.20140300,0
1506454218,22326231,3320.00,0.61170424,1
1506454217,22326230,3320.00,0.00560000,1
1506454217,22326229,3320.00,1.14537101,1
1506454217,22326227,3320.00,0.19348620,1
1506454217,22326224,3320.00,0.51625987,1
1506454217,22326223,3320.00,0.45530656,1
1506454217,22326222,3320.00,0.05978672,1
1506454217,22326221,3320.00,0.09076069,1
1506454217,22326220,3320.00,2.56220000,1
1506454216,22326217,3320.00,1.03592261,1
1506454215,22326215,3320.00,1.90203043,1
1506454215,22326213,3320.00,1.46922118,1
1506454215,22326211,3320.00,0.10288312,1
1506454215,22326208,3320.00,2.00000000,1
1506454214,22326205,3320.00,0.37246922,1
1506454214,22326204,3320.00,0.71506658,1
1506454213,22326203,3320.00,0.10288304,1
1506454213,22326202,3320.00,0.48978336,1
1506454213,22326200,3320.00,0.15003600,1
1506454213,22326198,3320.00,0.15415364,1
1506454213,22326197,3320.00,0.15791092,1
1506454213,22326196,3320.00,0.77969500,1
1506454213,22326195,3320.00,0.01825328,1
1506454213,22326193,3320.00,0.02775100,1
1506454211,22326188,3320.00,0.15003600,1
1506454211,22326186,3320.00,0.96027086,1
1506454211,22326183,3320.00,0.11557045,1
1506454210,22326181,3320.00,0.18167548,1
1506454210,22326179,3320.00,1.35961865,1
1506454210,22326178,3320.00,0.05968957,1
1506454210,22326176,3320.00,5.69862784,1
1506454210,22326175,3320.00,0.62471512,1
1506454209,22326174,3320.00,0.37502866,1
1506454209,22326173,3320.00,0.37261700,1
1506454209,22326172,3320.00,2.00260000,1
1506454209,22326170,3320.00,0.54140705,1
1506454209,22326169,3320.00,0.15768404,1
1506454209,22326168,3320.00,0.16078482,1
1506454209,22326167,3320.00,0.18630722,1
1506454209,22326165,3320.00,1.82352035,1
1506454209,22326163,3320.00,4.12692919,1
1506454208,22326162,3320.00,0.67599280,1
1506454208,22326161,3320.00,0.30535719,1
1506454208,22326160,3320.00,0.56173656,1
1506454208,22326158,3320.00,2.00000000,1
1506454208,22326156,3320.00,0.12545134,1
1506454206,22326147,3320.00,0.14400000,1
1506454206,22326140,3320.00,0.51000000,1
1506454206,22326137,3320.01,0.58000000,1
1506454205,22326127,3320.00,0.08237642,1
1506454204,22326122,3320.00,0.22000000,1
1506454204,22326121,3320.00,0.52072404,1
1506454204,22326120,3320.00,0.28529810,1
1506454203,22326118,3320.00,0.33047641,1
1506454203,22326116,3320.00,0.26834037,1
1506454203,22326115,3320.00,0.52856453,1
1506454203,22326114,3320.00,2.55900000,1
1506454202,22326109,3320.61,0.03464581,0
1506454202,22326105,3320.59,0.00999983,0
1506454202,22326099,3320.00,0.01772436,1
1506454202,22326095,3320.00,2.00000000,1
1506454201,22326091,3320.00,19.08000000,1
1506454201,22326088,3320.00,0.15003600,1
1506454200,22326084,3320.00,0.96027086,1
1506454200,22326081,3320.00,0.98504112,1
1506454200,22326079,3320.00,0.37415964,1
1506454199,22326070,3320.00,2.55840000,1
1506454199,22326066,3320.00,0.14400000,1
1506454198,22326058,3320.00,0.10214924,1
1506454198,22326055,3320.00,0.12567148,1
1506454197,22326052,3320.00,0.22988900,1
1506454197,22326050,3320.00,2.00000000,1
1506454197,22326041,3320.60,0.00250000,0
1506454196,22326034,3320.00,0.06025540,1
1506454196,22326031,3320.00,19.50000000,1
1506454196,22326026,3320.00,1.01715000,1
1506454196,22326023,3320.00,0.12353539,1
1506454195,22326019,3320.00,0.08758370,1
1506454195,22326012,3320.00,0.14400000,1
1506454194,22326010,3320.00,0.69160600,1
1506454193,22326006,3320.00,0.02000000,1
1506454193,22326001,3320.00,0.09287929,1
1506454193,22326000,3320.00,0.11000000,1
1506454192,22325991,3320.00,0.05332400,1
1506454192,22325989,3320.00,1.13683000,1
1506454192,22325987,3320.00,2.00000000,1
1506454191,22325980,3320.03,0.46730411,0
1506454191,22325978,3320.03,0.43892977,0
1506454191,22325975,3320.00,0.07961562,1
1506454191,22325972,3320.00,15.19000000,1
1506454190,22325970,3320.00,0.00560000,1
1506454190,22325961,3320.00,0.40431940,1
1506454189,22325957,3320.00,7.20000000,1
1506454189,22325954,3320.00,1.18269827,1
1506454189,22325952,3320.00,7.60000000,1
1506454188,22325947,3320.61,0.11598030,0
1506454188,22325946,3320.00,0.10140725,1
1506454188,22325945,3320.00,0.32544271,0
1506454187,22325943,3318.25,0.00576869,0
1506454187,22325942,3315.00,0.40000000,0
1506454187,22325941,3314.89,0.04000000,0
1506454187,22325940,3314.00,0.06647719,0
1506454187,22325939,3311.85,5.52041847,0
1506454187,22325938,3311.00,0.50000000,0
1506454187,22325937,3310.98,0.72100000,0
1506454187,22325936,3307.42,5.23592336,0
1506454186,22325935,3306.04,0.04999983,0
1506454186,22325934,3306.02,0.00999983,0
1506454186,22325933,3304.98,0.03000000,0
1506454186,22325932,3303.50,2.55620000,0
1506454186,22325929,3303.49,6.60000000,0
1506454186,22325927,3302.95,0.00560000,0
1506454186,22325926,3301.42,6.83740349,0
1506454185,22325925,3301.41,0.13000000,0
1506454185,22325924,3301.40,1.08845780,0
1506454185,22325923,3296.06,6.65920978,0
1506454169,22325909,3296.06,0.09079022,0
1506454165,22325906,3296.03,0.01000000,0
1506454153,22325904,3301.41,0.00915461,0
1506454148,22325901,3301.42,0.05651994,0
1506454146,22325900,3301.42,0.11888757,0
1506454144,22325899,3290.34,0.01255012,1
1506454143,22325896,3301.42,0.14718900,0
1506454142,22325894,3301.41,0.15000000,0
1506454109,22325824,3287.57,0.02772000,1
1506454084,22325812,3301.41,0.02779721,0
1506454070,22325797,3301.41,0.03021436,0
1506454035,22325732,3288.10,0.05911377,1
1506454035,22325731,3294.67,0.02024392,1
1506454032,22325721,3299.71,0.01084678,1
1506454032,22325716,3299.66,0.00050036,0
1506454031,22325713,3299.66,0.00799983,0
1506454028,22325696,3299.66,0.01000000,0
1506454025,22325691,3299.66,0.01000000,0
1506454025,22325689,3299.66,0.00309701,1
1506454024,22325688,3299.66,0.01010282,1
1506454024,22325687,3299.68,0.00879983,1
1506454024,22325686,3302.16,0.00609735,1
1506454024,22325684,3302.16,0.02169355,0
1506454018,22325668,3299.68,0.02500000,1
1506454016,22325655,3302.17,0.04573926,0
1506454007,22325640,3294.47,0.01900000,1
1506454007,22325639,3299.09,0.01000000,1
1506453967,22325519,3302.18,0.06947531,0
1506453966,22325516,3302.19,0.28092568,0
1506453957,22325461,3302.19,0.01190188,0
1506453955,22325445,3298.22,0.08834812,0
1506453953,22325435,3298.22,0.01165188,1
1506453942,22325379,3302.19,0.03660438,0
1506453934,22325344,3307.42,0.13873351,0
1506453933,22325341,3307.42,0.06936525,0
1506453932,22325330,3307.42,0.02774670,0
1506453931,22325324,3307.42,0.02774670,0
1506453931,22325319,3307.42,0.28048448,0
1506453924,22325259,3305.58,0.02776214,0
1506453923,22325252,3305.58,0.06940386,0
1506453919,22325227,3305.58,0.02776215,0
1506453919,22325225,3305.58,0.06940386,0
1506453917,22325216,3305.58,0.06940385,0
1506453914,22325201,3305.58,0.02776214,0
1506453913,22325198,3305.58,0.13867272,0
1506453913,22325197,3305.58,0.02770959,0
1506453913,22325195,3308.87,0.01503766,0
1506453912,22325192,3311.85,0.28010930,0
1506453911,22325189,3311.85,0.59947223,0
1506453911,22325188,3311.80,0.10272904,0
1506453910,22325186,3311.80,0.06927350,0
1506453910,22325185,3311.80,0.00799746,0
1506453909,22325183,3308.90,0.00560000,0
1506453908,22325176,3308.87,0.13066515,0
1506453907,22325170,3308.87,0.06933485,0
1506453904,22325154,3302.98,0.02778400,0
1506453886,22325121,3286.87,4.08126345,1
1506453886,22325120,3287.00,1.19190150,1
1506453885,22325119,3287.00,0.22744369,1
1506453885,22325118,3287.00,0.05203412,0
1506453885,22325117,3287.01,0.21000000,1
1506453885,22325116,3287.33,1.01715000,1
1506453884,22325114,3287.51,0.10000000,1
1506453884,22325113,3292.00,2.00000000,1
1506453884,22325112,3292.01,0.27500000,0
1506453883,22325111,3293.51,0.01516118,1
1506453883,22325110,3293.52,0.28951260,1
1506453883,22325108,3298.13,0.19053346,1
1506453882,22325106,3298.22,0.95000000,0
1506453881,22325105,3298.13,0.32946654,1
1506453881,22325104,3298.14,0.46290846,1
1506453881,22325103,3298.22,0.20000000,1
1506453875,22325092,3298.21,0.11900000,1
1506453870,22325073,3307.97,0.01152971,1
1506453870,22325071,3307.97,0.05782400,0
1506453869,22325068,3307.97,0.06935371,0
1506453867,22325053,3313.99,0.13845847,0
1506453866,22325049,3313.99,0.08337895,1
1506453866,22325048,3313.99,0.13684519,1
1506453866,22325046,3311.68,0.00560000,1
1506453865,22325041,3307.97,0.02426381,1
1506453864,22325040,3307.97,0.02993680,0
1506453863,22325037,3307.97,0.06935371,0
1506453858,22325025,3314.00,0.13845805,0
1506453856,22325018,3314.00,0.19506476,0
1506453856,22325015,3308.19,0.06418895,0
1506453855,22325009,3307.97,0.02081522,1
1506453854,22325007,3308.19,0.00568795,0
1506453854,22325003,3307.97,0.02696240,0
1506453852,22324997,3307.94,0.10605766,0
1506453851,22324990,3307.94,0.02774234,0
1506453846,22324980,3298.09,0.12080000,1
1506453844,22324975,3314.89,0.00347009,1
1506453844,22324973,3314.89,0.09331732,1
1506453843,22324969,3314.89,0.04163045,0
1506453815,22324886,3315.69,0.25210824,0
1506453815,22324884,3315.69,0.02767666,0
1506453813,22324878,3315.70,0.02767675,0
1506453813,22324876,3315.70,0.13838331,0
1506453811,22324861,3315.79,0.02767666,0
1506453806,22324832,3296.99,0.13691440,1
1506453806,22324830,3311.14,0.03546560,1
1506453805,22324825,3315.80,0.06918994,0
1506453803,22324799,3315.89,0.02767582,0
1506453802,22324793,3315.89,0.02767582,1
1506453800,22324781,3311.14,0.06453440,1
1506453796,22324762,3315.90,0.13837872,0
1506453795,22324751,3315.95,0.02767532,1
1506453794,22324745,3315.95,0.13837622,0
1506453794,22324741,3315.96,0.05115050,0
1506453794,22324739,3315.96,0.17000000,0
1506453793,22324736,3315.95,0.25000000,0
1506453793,22324733,3312.00,0.01512807,0
1506453791,22324715,3311.28,0.22097331,0
1506453788,22324693,3311.14,0.08615959,0
1506453788,22324690,3311.13,0.00560000,0
1506453783,22324652,3311.14,0.06928731,0
1506453748,22324427,3311.28,0.02771435,0
1506453747,22324422,3311.28,0.13855859,0
1506453747,22324421,3299.95,0.00001320,0
1506453747,22324419,3303.67,0.01888130,1
1506453746,22324418,3311.28,0.02771435,0
1506453746,22324417,3311.28,0.00837568,0
1506453746,22324414,3303.67,0.04530120,1
1506453745,22324413,3311.28,0.02771436,0
1506453745,22324409,3311.28,0.02771436,0
1506453744,22324407,3303.67,0.08581750,1
1506453743,22324402,3311.28,0.02771436,0
1506453742,22324399,3311.28,0.02771435,0
1506453742,22324394,3311.28,0.00622875,0
1506453741,22324392,3311.28,0.02771435,0
1506453741,22324390,3311.28,0.02771435,0
1506453740,22324388,3311.16,0.02148336,0
1506453736,22324379,3311.16,0.02080942,0
1506453736,22324378,3311.15,0.01094182,1
1506453735,22324377,3311.15,0.01891300,1
1506453735,22324376,3303.67,0.05156150,1
1506453735,22324375,3303.67,0.14656300,1
1506453733,22324372,3303.62,0.03189150,0
1506453732,22324369,3311.16,0.13857681,0
1506453732,22324368,3311.16,0.06928689,0
1506453731,22324366,3311.16,0.06928690,0
1506453731,22324365,3311.16,0.02211611,0
1506453730,22324359,3311.15,0.00560000,0
1506453728,22324356,3311.16,0.13857681,0
1506453725,22324346,3295.80,0.00300000,1
1506453724,22324345,3311.16,0.13857681,0
1506453723,22324343,3311.16,0.06928689,0
1506453708,22324339,3311.27,0.59195112,0
1506453707,22324337,3311.17,0.00560000,1
1506453707,22324336,3311.17,0.00560000,0
1506453695,22324325,3311.17,0.25714193,1
1506453693,22324317,3311.17,0.02301885,0
1506453691,22324312,3311.18,0.00198115,1
1506453690,22324311,3311.18,0.02573102,0
1506453689,22324307,3311.18,0.00198116,0
1506453687,22324302,3311.17,0.02573074,0
1506453686,22324299,3311.17,0.02815095,0
1506453686,22324298,3311.16,0.00560001,0
1506453685,22324294,3311.16,0.02211234,1
1506453685,22324290,3311.17,0.00864474,0
1506453684,22324287,3311.16,0.00560000,0
1506453683,22324284,3311.17,0.13857639,0
1506453682,22324280,3311.17,0.06928668,0
1506453681,22324278,3311.17,0.02771527,0
1506453677,22324262,3311.17,0.02771527,0
1506453676,22324252,3311.17,0.02771527,0
1506453675,22324249,3311.17,0.02778474,0
1506453674,22324246,3311.17,0.06928669,0
1506453674,22324243,3311.17,0.05673914,0
1506453674,22324242,3311.16,0.01254755,0
1506453672,22324238,3311.17,0.05961410,0
1506453672,22324237,3311.17,0.02771527,0
1506453672,22324236,3311.17,0.06560948,0
1506453668,22324227,3311.17,0.02771527,0
1506453665,22324219,3311.18,0.00261708,0
1506453665,22324218,3311.18,0.02509509,0
1506453659,22324213,3311.19,0.00903603,0
1506453632,22324166,3311.28,0.02771436,0
1506453631,22324159,3311.28,0.28015752,0
1506453631,22324156,3311.28,0.09627696,0
1506453631,22324154,3311.26,0.19228548,0
1506453630,22324150,3311.26,0.02771452,0
1506453630,22324148,3311.22,0.37500000,1
1506453629,22324142,3311.22,0.00280000,0
1506453629,22324141,3311.22,0.04156778,0
1506453627,22324134,3311.22,0.02771486,0
1506453625,22324122,3311.21,0.13857472,0
1506453625,22324120,3311.21,0.06928585,0
1506453618,22324080,3311.22,0.06928564,0
1506453615,22324064,3311.23,0.02771478,0
1506453612,22324046,3311.23,0.03004425,0
1506453606,22324011,3311.24,0.07387840,0
1506453605,22324004,3311.24,0.02771469,0
1506453604,22323999,3311.23,0.43747964,0
1506453588,22323986,3311.26,0.01087319,1
1506453587,22323985,3311.26,0.13974923,0
1506453585,22323984,3311.26,0.11025077,0
1506453585,22323983,3309.50,0.00403200,0
1506453585,22323982,3293.62,0.01000000,1
1506453575,22323935,3293.51,0.01000000,0
1506453575,22323932,3293.56,0.53000000,1
1506453575,22323930,3293.56,1.09378450,1
1506453574,22323929,3298.68,0.01000000,1
1506453574,22323928,3311.28,0.11077078,1
1506453574,22323925,3311.27,0.22000000,0
1506453573,22323923,3309.38,0.00560000,0
1506453573,22323922,3309.38,0.00560000,1
1506453573,22323920,3309.35,0.60006385,1
1506453571,22323918,3300.00,0.49090035,0
1506453564,22323892,3300.00,0.00847093,0
1506453547,22323878,3300.00,0.13904545,0
1506453546,22323876,3300.00,0.13904545,0
1506453507,22323864,3303.02,0.02778366,0
1506453495,22323842,3309.63,0.13864087,0
1506453488,22323831,3309.64,0.04029634,1
1506453487,22323828,3309.64,0.24000000,0
1506453484,22323820,3303.02,0.01004313,0
1506453484,22323818,3300.00,0.13641890,0
1506453464,22323811,3300.00,0.01358110,0
1506453443,22323786,3293.73,0.55110000,1
1506453437,22323760,3302.88,0.02778484,0
1506453433,22323756,3309.69,0.68491610,1
1506453431,22323752,3309.66,0.02370000,0
1506453426,22323741,3309.66,0.02369290,1
1506453425,22323740,3309.66,0.00403200,0
1506453394,22323736,3308.79,0.02687741,0
1506453394,22323734,3307.00,0.01750962,0
1506453394,22323732,3302.96,0.02500000,0
1506453389,22323719,3307.00,0.65087087,1
1506453388,22323718,3306.99,0.01774080,0
1506453388,22323717,3303.01,0.04027685,0
1506453388,22323716,3303.01,0.01444071,0
1506453386,22323710,3302.96,0.01334021,0
1506453371,22323688,3303.01,0.00110125,0
1506453369,22323686,3302.97,0.02668043,0
1506453364,22323678,3303.01,0.02778374,0
1506453363,22323676,3302.98,0.06945848,0
1506453361,22323673,3292.79,0.03925032,1
1506453353,22323664,3292.78,0.08360255,1
1506453352,22323663,3292.77,0.10400000,1
1506453345,22323660,3307.00,0.02775022,0
1506453345,22323659,3307.00,0.04615663,0
1506453344,22323655,3306.99,0.07500000,1
1506453344,22323654,3306.99,0.08315946,1
1506453343,22323653,3306.99,0.08155168,0
1506453343,22323652,3306.99,0.33975326,0
1506453343,22323650,3301.56,0.08322030,0
1506453342,22323647,3306.99,0.02775031,0
1506453342,22323646,3306.99,0.08315983,0
1506453341,22323644,3306.99,0.02775031,0
1506453340,22323642,3306.90,0.05559323,0
1506453337,22323637,3306.90,0.06937615,0
1506453330,22323628,3306.90,0.05827857,0
1506453330,22323627,3306.89,0.02500000,0
1506453330,22323626,3306.89,0.02774813,0
1506453328,22323624,3301.56,0.02777060,0
1506453326,22323619,3306.90,0.02775106,0
1506453318,22323608,3306.89,0.11037149,0
1506453318,22323606,3306.89,0.15649751,0
1506453318,22323604,3302.97,0.01366044,0
1506453312,22323596,3306.90,0.15649986,0
1506453311,22323595,3306.89,0.12402791,0
1506453276,22323571,3306.83,0.30167865,0
1506453270,22323561,3302.98,0.06929146,0
1506453270,22323560,3302.98,0.06962855,0
1506453269,22323558,3302.98,0.06945849,0
1506453268,22323555,3302.98,0.06945849,0
1506453263,22323545,3302.98,0.01367047,0
1506453262,22323544,3302.98,0.02778400,0
1506453261,22323539,3302.97,0.01411054,0
1506453258,22323526,3306.77,0.04657274,1
1506453257,22323524,3303.01,0.09744723,0
1506453257,22323522,3302.99,0.04924541,0
1506453255,22323516,3302.98,0.05000000,0
1506453255,22323515,3302.98,0.03753883,0
1506453253,22323503,3302.99,0.13891958,0
1506453252,22323500,3302.99,0.13891958,0
1506453251,22323495,3302.99,0.04123435,0
1506453249,22323492,3302.98,0.02822107,0
1506453248,22323486,3302.92,0.02778451,0
1506453248,22323484,3302.92,0.02778451,0
1506453246,22323480,3302.92,0.06945975,0
1506453243,22323475,3302.92,0.13892253,0
1506453226,22323467,3303.01,0.02922928,0
1506453225,22323466,3302.98,0.03353000,0
1506453217,22323465,3292.16,0.18329865,1
1506453217,22323464,3292.16,0.18502027,1
1506453216,22323462,3292.16,0.12667651,1
1506453216,22323459,3292.19,0.14799688,1
1506453212,22323447,3306.90,0.02775107,0
1506453211,22323446,3306.90,0.02775107,0
1506453211,22323443,3306.90,0.13465783,0
1506453209,22323438,3306.86,0.14589931,0
1506453207,22323425,3306.86,0.05731117,0
1506453206,22323423,3306.86,0.04433736,0
1506453206,22323422,3306.86,0.63949486,0
1506453204,22323417,3306.85,0.06937418,1
1506453204,22323414,3306.85,0.06937720,0
1506453202,22323407,3306.86,0.00567003,0
1506453196,22323390,3306.87,0.03875055,0
1506453196,22323389,3306.87,0.03062322,0
1506453194,22323384,3306.87,0.06937678,0
1506453192,22323378,3306.88,0.13875617,0
1506453191,22323373,3306.88,0.06937657,0
1506453190,22323369,3306.87,0.02775000,1
1506453189,22323363,3306.87,0.02775132,0
1506453183,22323355,3306.89,0.02775115,0
1506453151,22323343,3306.49,0.13877253,0
1506453146,22323334,3306.54,0.06938371,0
1506453144,22323330,3306.52,0.01705745,0
1506453142,22323325,3306.52,0.00749965,0
1506453142,22323324,3306.51,0.00728000,0
1506453141,22323322,3306.52,0.00727532,0
1506453139,22323316,3306.51,0.02047899,0
1506453138,22323312,3306.51,0.06938434,0
1506453137,22323310,3306.52,0.04477294,0
1506453137,22323309,3306.52,0.06938413,0
1506453121,22323304,3306.58,0.02846685,0
1506453094,22323241,3302.56,0.10994705,0
1506453083,22323225,3302.55,0.04805019,0
1506453068,22323218,3302.56,0.72489523,0
1506453043,22323202,3306.79,0.11515000,0
