date,tid,price,amount,type
1506470457,22339702,3880.00,0.02954000,1
1506470435,22339689,3887.85,0.08070569,0
1506470420,22339682,3880.00,5.48164866,1
1506470420,22339681,3880.01,0.01335134,0
1506470418,22339679,3880.00,0.39000000,1
1506470416,22339678,3888.03,0.01335134,0
1506470415,22339676,3880.00,5.84173266,1
1506470415,22339675,3880.69,3.88257750,1
1506470415,22339674,3881.20,0.00206073,1
1506470415,22339673,3881.95,0.50800000,1
1506470415,22339672,3882.45,0.50800000,1
1506470415,22339671,3883.00,0.05000000,1
1506470414,22339670,3883.01,0.30000000,1
1506470414,22339669,3883.95,0.09256911,1
1506470402,22339655,3883.95,0.35860000,1
1506470362,22339641,3888.03,0.03153065,0
1506470326,22339624,3883.95,0.01358433,1
1506470319,22339618,3883.95,0.21827845,1
1506470311,22339614,3883.95,0.00644770,1
1506470303,22339608,3888.60,0.04081827,0
1506470296,22339602,3883.95,0.33019711,1
1506470253,22339565,3883.95,0.80000000,1
1506470236,22339562,3883.95,0.67126902,1
1506470235,22339561,3883.95,0.48289743,1
1506470234,22339553,3884.01,0.33873098,1
1506470222,22339549,3891.49,0.00383798,0
1506470219,22339548,3884.01,0.12226902,1
1506470215,22339547,3884.01,0.04000000,1
1506470212,22339546,3891.61,0.41993685,0
1506470212,22339545,3891.61,0.20000000,0
1506470208,22339544,3884.01,0.09298748,1
1506470201,22339541,3883.95,47.07615685,1
1506470201,22339540,3884.00,1.28448342,1
1506470201,22339539,3884.00,50.00000000,1
1506470201,22339538,3884.01,0.34000000,1
1506470200,22339537,3884.12,0.50700000,1
1506470200,22339536,3884.49,4.20624882,1
1506470200,22339535,3884.57,0.13980000,1
1506470200,22339533,3884.57,0.01070000,0
1506470199,22339532,3884.62,0.50500000,1
1506470199,22339531,3885.00,4.42114423,1
1506470199,22339530,3885.12,0.07567383,1
1506470197,22339529,3886.00,3.64004167,1
1506470192,22339527,3885.13,0.88434800,1
1506470164,22339520,3888.04,0.13935246,0
1506470142,22339512,3888.04,0.13198003,0
1506470141,22339511,3888.04,0.03940908,0
1506470136,22339506,3888.04,0.29825843,0
1506470135,22339505,3887.06,0.75700000,0
1506470135,22339504,3887.06,0.04676738,0
1506470102,22339492,3885.13,0.70000000,1
1506470043,22339485,3885.12,0.04800000,1
1506469996,22339477,3885.12,0.01285000,1
1506469948,22339468,3890.38,1.97656495,0
1506469947,22339467,3889.95,0.15872162,0
1506469947,22339466,3889.24,0.02700000,0
1506469917,22339460,3889.95,0.23369295,0
1506469917,22339459,3889.48,0.10400000,0
1506469914,22339458,3889.47,0.06879314,0
1506469805,22339433,3890.96,0.02358543,1
1506469785,22339423,3885.12,0.01347617,1
1506469784,22339421,3885.47,0.00483882,1
1506469727,22339404,3888.89,0.00383835,0
1506469725,22339403,3892.78,0.00131165,1
1506469684,22339394,3893.63,0.50000000,0
1506469668,22339391,3893.93,0.06803407,0
1506469623,22339352,3892.78,0.02350455,1
1506469623,22339351,3892.78,0.01363858,1
1506469572,22339334,3885.01,0.32725167,1
1506469572,22339333,3885.06,0.21344833,1
1506469552,22339326,3894.04,0.01131346,0
1506469520,22339313,3885.40,0.02339346,1
1506469487,22339307,3895.80,0.01920105,0
1506469447,22339301,3885.00,0.50000000,1
1506469442,22339300,3895.22,0.00443800,0
1506469442,22339299,3885.01,2.37700000,1
1506469441,22339298,3885.00,0.07885577,1
1506469434,22339297,3885.08,0.04600000,1
1506469428,22339293,3895.33,0.00312151,0
1506469428,22339292,3895.35,0.28284179,0
1506469362,22339287,3896.61,0.04661824,0
1506469362,22339286,3887.84,0.00909562,0
1506469353,22339284,3884.58,0.00516118,1
1506469353,22339283,3884.90,0.00283882,1
1506469324,22339280,3884.90,0.44459830,1
1506469311,22339276,3887.00,4.29923630,0
1506469310,22339275,3884.90,0.05256288,1
1506469292,22339265,3884.91,0.13814895,1
1506469289,22339264,3887.84,0.00490438,0
1506469287,22339263,3886.89,0.00661900,0
1506469252,22339259,3886.89,0.02000000,0
1506469237,22339258,3884.93,0.19935888,0
1506469237,22339257,3884.93,0.50000000,1
1506469228,22339256,3885.02,0.75700000,0
1506469228,22339255,3885.07,1.74300000,1
1506469196,22339231,3885.89,0.48521465,1
1506469187,22339226,3890.99,0.23746873,0
1506469186,22339223,3886.88,0.37113500,1
1506469179,22339216,3886.89,0.22038981,1
1506469179,22339215,3886.89,0.37091232,1
1506469173,22339211,3886.89,0.37087274,1
1506469173,22339210,3886.89,0.37084699,1
1506469167,22339205,3886.89,0.37080836,1
1506469161,22339199,3886.89,0.37078260,1
1506469154,22339196,3891.00,0.00623449,0
1506469154,22339195,3890.89,0.01200000,0
1506469126,22339187,3891.00,0.32974370,0
1506469126,22339186,3887.96,0.36925630,0
1506469120,22339184,3887.96,0.00254370,0
1506469109,22339178,3891.00,0.01159480,0
1506469105,22339177,3891.00,0.00659378,0
1506469103,22339176,3890.89,0.01400000,0
1506469081,22339166,3886.89,0.00643544,1
1506469057,22339165,3891.00,0.01215658,0
1506469056,22339164,3891.00,0.09899277,0
1506469029,22339162,3891.00,0.01950498,0
1506469029,22339161,3891.00,0.16999502,0
1506469029,22339160,3890.89,0.01700000,0
1506469023,22339159,3891.00,0.03126025,0
1506469021,22339157,3886.89,0.05615290,1
1506469009,22339156,3891.00,0.06793780,0
1506468998,22339152,3891.00,0.17178000,0
1506468997,22339151,3890.89,0.01522000,0
1506468986,22339150,3890.88,0.01760000,0
1506468972,22339149,3890.89,0.00378000,0
1506468966,22339147,3891.00,0.00378000,0
1506468946,22339122,3886.89,0.03802794,1
1506468927,22339121,3886.89,0.00345155,1
1506468916,22339120,3888.39,0.05134775,1
1506468906,22339118,3891.00,0.03996658,0
1506468905,22339117,3891.00,0.05316628,0
1506468904,22339116,3889.88,0.01900000,0
1506468903,22339114,3887.91,0.00580000,0
1506468839,22339108,3891.00,0.32090000,0
1506468818,22339105,3890.99,0.30125529,0
1506468816,22339104,3891.00,0.06000000,0
1506468775,22339098,3885.00,0.05129683,1
1506468734,22339088,3884.83,0.11300000,1
1506468724,22339087,3892.15,0.01295630,0
1506468723,22339085,3892.00,0.00750000,1
1506468717,22339083,3891.99,1.58037068,0
1506468667,22339079,3891.99,0.88765209,0
1506468665,22339078,3892.00,0.01687680,0
1506468628,22339073,3892.00,0.01342492,0
1506468612,22339070,3892.00,0.12906088,0
1506468612,22339069,3888.38,0.00405685,0
1506468609,22339058,3888.38,0.01167478,0
1506468607,22339056,3888.38,0.00943000,0
1506468607,22339055,3892.99,0.00153793,1
1506468606,22339054,3884.63,0.06817548,1
1506468590,22339049,3892.99,0.13670646,0
1506468589,22339048,3892.99,0.18963610,0
1506468588,22339047,3884.51,0.05417609,1
1506468588,22339046,3885.87,0.13190000,1
1506468588,22339045,3888.88,0.24510285,1
1506468588,22339044,3888.89,0.06882106,1
1506468587,22339043,3893.00,0.00943000,0
1506468583,22339042,3892.99,0.45819636,0
1506468576,22339040,3892.99,0.32645226,0
1506468575,22339038,3888.88,0.04530100,1
1506468572,22339037,3892.99,0.00943000,0
1506468567,22339036,3893.00,0.00943000,0
1506468562,22339034,3893.00,0.00943000,0
1506468554,22339032,3892.89,2.17264538,1
1506468552,22339028,3892.89,0.02257000,0
1506468552,22339026,3892.89,0.00943000,0
1506468550,22339024,3888.88,0.05204600,1
1506468547,22339021,3892.99,0.48892099,0
1506468542,22339017,3893.00,0.01886000,0
1506468539,22339007,3888.88,0.01494600,1
1506468537,22339006,3892.99,0.50531605,0
1506468536,22339005,3893.00,0.00943000,0
1506468535,22339004,3892.99,0.64770624,0
1506468531,22339000,3891.29,0.00943000,0
1506468527,22338998,3891.02,0.00943000,0
1506468524,22338994,3890.83,0.02800000,0
1506468521,22338989,3889.42,0.00629000,0
1506468521,22338988,3888.89,0.00314000,0
1506468516,22338983,3888.89,0.00943000,0
1506468512,22338973,3888.89,0.00943000,0
1506468495,22338972,3888.88,0.04775960,1
1506468404,22338960,3888.88,0.11333341,1
1506468304,22338947,3888.89,0.08200000,1
1506468304,22338945,3893.50,0.05892385,0
1506468302,22338943,3888.88,0.14704434,1
1506468300,22338942,3888.88,0.33446680,1
1506468289,22338941,3888.89,0.00229657,1
1506468270,22338939,3893.50,0.05609403,0
1506468228,22338906,3893.50,0.00382088,0
1506468207,22338893,3885.88,0.56759386,1
1506468199,22338891,3888.01,0.17509997,1
1506468183,22338886,3888.01,0.02490003,1
1506468183,22338885,3888.01,0.00310320,1
1506468176,22338884,3888.03,1.15816393,1
1506468170,22338878,3889.52,0.36951388,1
1506468167,22338877,3888.01,0.07109680,1
1506468165,22338874,3888.50,0.96854280,1
1506468164,22338873,3889.51,0.50100000,1
1506468164,22338872,3889.51,0.24835500,1
1506468164,22338871,3889.51,0.25664500,1
1506468159,22338866,3888.50,0.04889040,1
1506468158,22338864,3890.01,1.00485607,1
1506468157,22338863,3891.00,0.45899307,0
1506468155,22338860,3888.50,0.04654710,1
1506468154,22338852,3891.00,0.02054700,1
1506468153,22338849,3890.00,0.46048547,1
1506468153,22338848,3890.99,0.04651453,1
1506468151,22338841,3891.00,0.03325507,1
1506468142,22338830,3890.99,0.03667360,1
1506468136,22338823,3890.99,0.01706250,1
1506468117,22338816,3897.87,0.01430246,0
1506468111,22338813,3888.50,0.03601970,1
1506468077,22338805,3892.49,0.03245992,0
1506468077,22338803,3891.67,0.02854008,0
1506468065,22338796,3891.67,0.01245992,0
1506468065,22338795,3891.64,0.01705708,0
1506468063,22338794,3891.63,0.00431000,0
1506467956,22338773,3888.01,0.02577164,1
1506467885,22338749,3895.11,0.05889949,1
1506467884,22338746,3895.12,0.01780124,1
1506467884,22338745,3895.12,0.10000000,0
1506467877,22338741,3891.56,0.02156639,0
1506467877,22338740,3891.45,0.00843361,0
1506467873,22338739,3891.00,0.47406808,1
1506467872,22338738,3891.00,2.52593192,0
1506467869,22338737,3890.99,0.15241376,0
1506467836,22338725,3891.00,1.57771768,0
1506467834,22338724,3891.00,0.20563093,0
1506467780,22338713,3888.02,0.01945732,1
1506467731,22338711,3888.01,0.00642002,1
1506467720,22338708,3891.45,0.02608707,0
1506467717,22338705,3891.45,0.00147932,0
1506467717,22338704,3891.01,0.02652068,0
1506467702,22338698,3888.01,0.46242343,0
1506467686,22338683,3888.00,0.00791593,1
1506467661,22338678,3888.00,0.04387667,1
1506467640,22338671,3888.00,0.38448000,1
1506467639,22338669,3888.00,0.11400092,1
1506467619,22338664,3888.00,0.01185994,1
1506467606,22338663,3893.88,0.88187958,0
1506467606,22338662,3891.01,0.00840000,0
1506467541,22338588,3894.00,0.01200000,0
1506467521,22338580,3894.00,0.97470256,0
1506467516,22338576,3893.99,0.51727846,0
1506467516,22338575,3888.01,0.08454981,1
1506467510,22338574,3894.00,2.24799613,0
1506467499,22338567,3893.99,0.07576004,0
1506467476,22338562,3888.02,0.94867000,0
1506467476,22338561,3888.02,0.16700000,0
1506467475,22338560,3888.02,0.18000000,1
1506467407,22338532,3888.00,0.03298991,1
1506467358,22338526,3894.54,0.02600903,0
1506467330,22338520,3888.00,0.00075817,1
1506467330,22338519,3888.00,0.03341614,1
1506467329,22338515,3888.00,0.63018932,1
1506467329,22338514,3888.00,0.97925800,1
1506467329,22338512,3888.23,0.07554200,1
1506467318,22338500,3893.10,0.06743193,0
1506467315,22338499,3893.82,0.01638272,0
1506467315,22338498,3890.27,0.05100000,0
1506467307,22338495,3888.23,0.06045800,1
1506467303,22338493,3888.24,0.49235304,0
1506467299,22338492,3888.24,2.50000000,1
1506467292,22338490,3888.23,0.00200000,1
1506467278,22338489,3888.43,2.00764696,0
1506467264,22338481,3888.00,0.16122600,1
1506467263,22338480,3893.43,0.05780000,1
1506467259,22338478,3897.04,0.07867035,0
1506467259,22338477,3895.73,0.00132965,0
1506467249,22338474,3895.70,0.50771782,0
1506467231,22338472,3893.43,0.06600000,1
1506467199,22338456,3885.83,0.00295550,1
1506467199,22338455,3890.07,0.76400000,0
1506467198,22338454,3890.07,0.75000000,0
1506467198,22338453,3890.07,0.44700000,0
1506467198,22338452,3890.07,0.06200000,0
1506467184,22338449,3890.05,0.01305517,0
1506467184,22338448,3889.33,0.01300000,0
1506467101,22338426,3892.19,0.00600000,0
1506467100,22338424,3892.19,0.12542377,0
1506467091,22338420,3884.06,0.01471541,1
1506467086,22338418,3884.04,0.01310700,1
1506467068,22338414,3885.11,0.10613737,1
1506467043,22338401,3892.20,0.00750000,0
1506467043,22338400,3892.20,0.00203652,0
1506467015,22338390,3892.20,0.00302953,0
1506466983,22338378,3885.12,0.01901845,1
1506466942,22338344,3891.58,0.31452779,1
1506466941,22338343,3891.58,0.24765000,1
1506466939,22338341,3891.58,0.06234584,1
1506466938,22338340,3889.00,0.91727732,0
1506466938,22338338,3888.47,0.06200000,0
1506466936,22338335,3884.07,0.12257402,1
1506466928,22338327,3889.00,0.01054816,0
1506466928,22338326,3884.30,0.02789158,0
1506466927,22338325,3889.00,0.44210079,0
1506466927,22338324,3889.00,0.25110769,0
1506466926,22338322,3884.02,0.28844450,1
1506466923,22338318,3889.00,0.01000000,0
1506466921,22338313,3884.42,0.11300000,1
1506466919,22338311,3889.00,0.00356769,0
1506466915,22338309,3884.05,0.00188327,1
1506466915,22338307,3884.39,0.22592002,1
1506466914,22338306,3884.39,0.85877896,1
1506466914,22338305,3884.39,0.65830102,1
1506466913,22338304,3889.00,0.01200000,0
1506466912,22338303,3884.37,0.22780211,1
1506466906,22338301,3889.00,0.80412529,0
1506466906,22338300,3888.52,0.08600000,0
1506466905,22338299,3884.36,0.36925712,1
1506466905,22338298,3888.51,0.28782288,1
1506466869,22338269,3889.00,0.00413805,0
1506466867,22338266,3884.18,0.00723000,1
1506466864,22338264,3888.99,0.02677655,0
1506466852,22338251,3888.99,0.00187498,0
1506466843,22338248,3884.06,0.00210065,0
1506466842,22338246,3884.06,0.03365056,0
1506466842,22338245,3889.00,1.00000000,0
1506466840,22338244,3884.06,0.77098389,1
1506466840,22338243,3884.06,1.61301611,1
1506466840,22338242,3889.00,1.00000000,0
1506466836,22338240,3884.06,0.04805459,1
1506466836,22338239,3884.06,0.01581906,1
1506466836,22338238,3884.06,0.02251344,1
1506466836,22338237,3884.06,0.04359680,1
1506466833,22338233,3895.86,1.00000000,1
1506466832,22338232,3884.03,0.34675585,1
1506466832,22338231,3884.03,0.23365482,1
1506466829,22338228,3889.10,1.00000000,0
1506466828,22338224,3889.11,0.88500000,1
1506466826,22338222,3889.11,0.11500000,0
1506466826,22338218,3889.10,0.12860545,0
1506466825,22338215,3889.10,1.00000000,1
1506466822,22338213,3889.10,1.00000000,1
1506466811,22338204,3885.00,0.08982557,1
1506466811,22338203,3885.00,0.00017443,1
1506466811,22338201,3886.00,0.11561739,1
1506466788,22338181,3889.10,0.01379460,1
1506466757,22338179,3886.00,0.01000000,1
1506466753,22338177,3886.99,0.17342589,0
1506466747,22338176,3886.00,0.11600000,1
1506466738,22338170,3886.00,0.47490000,1
1506466726,22338165,3886.00,0.28348261,1
1506466686,22338137,3886.01,1.00000000,1
1506466683,22338136,3886.95,0.11796752,0
1506466678,22338132,3886.95,0.00206074,1
1506466670,22338130,3888.88,0.16525433,0
1506466666,22338128,3888.88,0.90295500,1
1506466662,22338127,3888.88,1.00000000,1
1506466657,22338126,3888.88,2.50000000,1
1506466657,22338125,3888.88,0.03704500,1
1506466653,22338123,3889.01,0.01317342,1
1506466652,22338122,3889.00,0.02249090,1
1506466649,22338117,3889.69,0.93713859,1
1506466641,22338098,3889.69,0.10331341,1
1506466639,22338093,3890.00,0.85629740,1
1506466636,22338090,3890.00,0.02000000,1
1506466636,22338088,3890.00,0.12370260,1
1506466636,22338087,3890.00,2.50047029,1
1506466634,22338086,3890.00,2.00567352,1
1506466632,22338084,3890.00,1.00000000,1
1506466631,22338083,3891.00,1.19064285,1
1506466630,22338080,3891.00,7.00000000,1
1506466627,22338076,3891.02,1.74300000,1
1506466625,22338074,3895.00,0.69872202,1
1506466624,22338073,3900.87,1.21473176,0
1506466624,22338072,3900.89,1.21463307,1
1506466623,22338069,3895.00,0.25000000,1
1506466621,22338067,3895.00,0.05127798,1
1506466607,22338061,3902.00,0.01300999,0
1506466605,22338059,3895.00,0.08544500,0
1506466601,22338058,3894.95,0.25000000,1
1506466600,22338057,3894.95,0.12500000,0
1506466598,22338056,3894.94,0.27592861,1
1506466594,22338055,3894.00,0.97375390,0
1506466590,22338053,3894.94,1.00000000,0
1506466569,22338048,3891.01,2.23258768,1
1506466558,22338039,3891.00,0.25000000,1
1506466543,22338033,3891.29,1.00000000,0
1506466540,22338032,3891.32,0.10456000,1
1506466540,22338031,3891.32,1.00000000,1
1506466538,22338030,3891.30,1.00000000,1
1506466535,22338028,3891.26,0.25700000,1
1506466535,22338027,3891.29,0.74300000,1
1506466534,22338025,3891.29,1.00000000,1
1506466530,22338023,3891.26,1.00000000,1
1506466519,22338021,3892.71,1.00000000,1
1506466516,22338019,3892.70,0.99793925,0
1506466515,22338018,3892.70,0.00206075,1
1506466512,22338017,3892.71,1.00000000,1
1506466505,22338014,3892.73,0.24724730,1
1506466505,22338013,3898.17,0.00275270,1
1506466442,22337995,3894.00,0.08447469,1
1506466440,22337994,3895.00,0.01299920,0
1506466440,22337993,3895.00,0.90252611,1
1506466430,22337988,3895.00,0.25000000,1
1506466423,22337983,3895.00,0.25000000,1
1506466418,22337982,3898.18,0.00400000,0
1506466415,22337981,3895.00,0.57692960,1
1506466415,22337980,3895.02,0.42307040,1
1506466407,22337979,3895.03,1.00000000,1
1506466403,22337968,3895.04,0.00749659,0
1506466397,22337963,3895.10,0.49300000,1
1506466395,22337962,3895.10,0.25000000,1
1506466394,22337961,3895.10,1.00000000,1
1506466391,22337959,3895.07,0.24246845,0
1506466389,22337958,3895.74,0.00753155,1
1506466387,22337957,3895.09,0.49400000,1
1506466386,22337956,3895.76,0.50600000,1
1506466384,22337955,3896.26,1.00000000,1
1506466382,22337954,3895.99,0.50150000,0
1506466381,22337953,3897.00,0.49850000,1
1506466371,22337952,3896.49,1.00000000,1
1506466368,22337951,3897.47,0.26188417,0
1506466368,22337950,3896.49,0.25000000,1
1506466361,22337949,3897.48,1.00000000,1
1506466359,22337947,3897.48,1.00000000,1
1506466357,22337937,3897.48,1.00000000,1
1506466354,22337935,3897.47,1.00000000,1
1506466353,22337932,3897.45,0.25000000,0
1506466350,22337927,3897.94,0.08259993,0
1506466350,22337926,3897.94,0.08274368,0
1506466347,22337919,3904.01,0.02884831,0
1506466345,22337915,3897.94,0.50300000,1
1506466345,22337914,3897.94,0.01924078,1
1506466344,22337913,3904.00,0.05695000,0
1506466342,22337911,3898.25,0.02284707,1
1506466335,22337906,3898.29,1.00000000,1
1506466331,22337902,3898.27,1.00000000,1
1506466329,22337900,3898.25,1.00000000,1
1506466325,22337897,3898.14,0.27835025,0
1506466325,22337896,3898.25,0.72164975,1
1506466323,22337895,3899.14,0.00900000,0
1506466319,22337894,3904.98,0.00844862,0
1506466306,22337893,3899.51,0.12783506,1
1506466278,22337875,3905.00,0.11136930,0
1506466278,22337874,3903.92,0.12400000,0
1506466262,22337872,3900.06,0.25000000,1
1506466237,22337868,3905.00,0.04469160,0
1506466237,22337867,3903.97,0.03396448,0
1506466229,22337863,3897.94,0.25000000,0
1506466226,22337860,3903.96,0.96170000,0
1506466216,22337855,3903.97,0.00952079,0
1506466205,22337841,3900.59,0.01482672,0
1506466175,22337794,3900.04,0.71977465,0
1506466173,22337791,3903.97,0.08321700,0
1506466164,22337782,3903.97,0.01114000,0
1506466159,22337776,3903.97,0.05215773,0
1506466153,22337758,3905.95,0.12352290,0
1506466114,22337716,3901.23,0.07961341,1
1506466069,22337713,3900.00,3.05781574,0
1506466036,22337702,3905.94,0.00400000,0
1506466029,22337701,3905.94,0.01285476,0
1506466027,22337700,3905.95,0.00412121,0
1506466020,22337699,3905.95,0.01679333,0
1506466006,22337695,3900.82,0.05140000,1
1506465991,22337694,3898.26,0.00987658,0
1506465948,22337686,3901.55,0.07178952,0
1506465948,22337685,3903.00,0.50600000,1
1506465948,22337684,3905.00,0.02060648,1
1506465946,22337683,3905.94,0.00671578,0
1506465892,22337671,3905.95,0.02551314,0
1506465892,22337670,3905.07,0.02300000,0
1506465892,22337669,3905.00,0.00186674,0
1506465823,22337633,3905.00,0.00297652,0
1506465823,22337632,3901.57,0.01000000,0
1506465814,22337623,3905.00,4.71977465,0
1506465798,22337620,3905.00,0.03773625,0
1506465783,22337615,3904.99,0.23756014,0
1506465743,22337610,3904.99,0.00460000,1
1506465728,22337609,3905.00,0.06521321,0
1506465725,22337608,3905.00,0.52654622,0
1506465721,22337607,3904.99,0.01050000,1
1506465719,22337606,3905.00,1.15680000,0
1506465717,22337604,3904.99,0.04000000,0
1506465700,22337595,3905.00,0.00335813,0
1506465688,22337586,3905.00,0.33310000,0
1506465685,22337585,3905.00,0.00441540,0
1506465681,22337584,3904.99,0.12183523,0
1506465677,22337583,3905.00,0.06160558,0
1506465676,22337582,3904.99,0.04312327,0
1506465675,22337581,3904.99,0.02121216,1
1506465666,22337579,3905.00,0.04197513,0
1506465657,22337575,3904.99,0.01959998,0
1506465653,22337574,3904.99,1.27656614,1
1506465639,22337573,3904.99,0.25185982,0
1506465639,22337572,3904.99,0.10874186,0
1506465636,22337569,3905.00,0.01215877,0
1506465622,22337566,3905.00,0.25861354,0
1506465618,22337564,3904.02,0.99861363,1
1506465616,22337563,3904.02,0.02351740,0
1506465607,22337561,3899.46,0.19173401,1
1506465606,22337560,3904.01,0.24093479,0
1506465606,22337559,3903.49,0.01400000,0
1506465596,22337557,3904.02,0.14465245,0
1506465596,22337556,3903.33,0.01317939,0
1506465586,22337555,3903.33,0.00270000,0
1506465555,22337549,3903.32,0.59859591,0
1506465548,22337548,3903.33,0.01369443,0
1506465547,22337547,3903.33,0.01042618,0
1506465543,22337546,3898.98,0.12080017,1
1506465528,22337545,3904.02,0.01401958,0
1506465522,22337543,3904.02,0.01281057,0
1506465489,22337503,3905.00,0.02644931,0
1506465486,22337490,3905.00,0.00954232,0
1506465476,22337489,3904.99,0.02000000,0
1506465467,22337488,3905.00,0.32705346,0
1506465467,22337487,3903.63,0.18642170,0
1506465467,22337486,3903.63,0.01557830,0
1506465410,22337475,3905.00,0.03167805,0
1506465377,22337472,3905.00,0.13031928,0
1506465377,22337471,3904.96,0.32900000,0
1506465377,22337470,3904.95,0.02000000,0
1506465375,22337469,3904.95,0.04680000,0
1506465364,22337467,3904.99,0.02350070,1
1506465362,22337465,3904.99,0.00753814,0
1506465362,22337464,3899.72,0.99964000,1
1506465361,22337463,3904.99,0.32650000,0
1506465349,22337462,3904.99,1.17350000,0
1506465349,22337461,3904.96,1.00000000,0
1506465342,22337459,3905.00,0.06722555,0
1506465331,22337458,3905.00,0.60416880,0
1506465331,22337457,3900.97,0.08713550,0
1506465320,22337452,3897.84,0.02343158,1
1506465308,22337450,3900.97,0.19586450,0
1506465250,22337440,3897.80,0.09710500,1
1506465248,22337439,3897.80,0.00363133,1
1506465246,22337438,3905.00,0.89274939,0
1506465244,22337436,3900.31,0.03786944,1
1506465243,22337435,3900.31,0.20000000,0
1506465240,22337431,3897.79,1.10000000,1
1506465231,22337430,3900.91,0.50500000,0
1506465227,22337429,3903.06,0.33610000,1
1506465226,22337427,3900.92,0.36700000,0
1506465219,22337426,3900.91,0.00588676,0
1506465187,22337424,3905.00,0.01290061,0
1506465186,22337423,3905.00,1.58500000,0
1506465186,22337422,3905.00,0.01300000,0
1506465181,22337421,3900.55,0.01415139,0
1506465179,22337420,3900.55,0.00374827,0
1506465178,22337419,3900.55,0.01004354,0
1506465177,22337418,3903.06,0.42230000,1
1506465177,22337417,3903.06,1.53668868,1
1506465176,22337416,3900.56,0.35911132,0
1506465171,22337415,3900.56,0.00588868,0
1506465154,22337412,3897.32,0.02575176,1
1506465151,22337411,3897.29,0.10726000,1
1506465150,22337410,3897.29,0.13307312,1
1506465136,22337408,3898.21,0.30600000,1
1506465129,22337407,3904.99,0.00633217,0
1506465125,22337406,3904.99,0.23756270,1
1506465117,22337403,3900.11,0.07848884,0
1506465117,22337402,3905.00,0.07109116,0
1506465114,22337401,3902.84,0.06302945,1
1506465114,22337400,3898.89,0.23697055,0
1506465110,22337399,3899.05,0.76302945,1
1506465108,22337398,3899.05,1.00000000,1
1506465103,22337397,3899.02,1.00000000,1
1506465095,22337394,3905.00,0.16784500,0
1506465095,22337393,3905.00,0.16784500,0
1506465091,22337390,3905.00,0.10117741,0
1506465091,22337389,3904.94,2.00000000,0
1506465091,22337388,3903.42,0.34780000,0
1506465088,22337386,3903.42,0.00220000,0
1506465076,22337383,3903.42,0.01000000,0
1506465068,22337382,3905.00,0.01997690,0
1506465068,22337381,3898.98,0.00752576,0
1506465060,22337380,3904.99,0.07100000,0
1506465055,22337376,3905.00,0.00800000,0
1506465045,22337375,3904.99,0.01347656,0
1506465027,22337371,3905.00,0.38670000,0
1506465026,22337370,3904.96,0.90510000,0
1506465017,22337369,3902.88,1.60911400,0
1506465017,22337368,3905.00,1.32018840,0
1506465017,22337367,3902.89,0.43381160,0
1506465016,22337366,3902.89,0.15302336,0
1506465005,22337362,3902.89,0.03116504,0
1506465000,22337349,3902.88,0.01007660,0
1506464960,22337344,3902.88,0.12779025,0
1506464959,22337343,3902.88,0.01253684,0
1506464950,22337338,3897.26,0.23748547,1
1506464938,22337332,3905.00,0.99460993,0
1506464938,22337331,3904.68,0.55800507,0
1506464936,22337330,3904.67,0.20490387,0
1506464928,22337329,3904.67,0.02240000,0
1506464921,22337325,3904.68,0.01199493,0
1506464905,22337317,3897.03,0.05665830,1
1506464904,22337316,3897.02,0.01545786,1
1506464902,22337315,3900.36,0.25000000,1
1506464901,22337314,3897.02,0.25000000,1
1506464901,22337313,3904.68,0.01300000,0
1506464900,22337312,3899.46,0.01500000,1
1506464899,22337311,3897.02,0.01000000,1
1506464898,22337310,3897.02,0.02800000,1
1506464897,22337309,3904.99,0.81520765,0
1506464896,22337308,3900.35,0.40000000,1
1506464896,22337307,3900.46,0.10000000,1
1506464895,22337305,3900.52,0.05000000,1
1506464894,22337304,3900.52,0.01000000,1
1506464893,22337303,3900.49,0.05000000,1
1506464892,22337302,3900.49,0.01000000,1
1506464875,22337288,3905.00,0.04100000,0
1506464872,22337284,3905.00,0.17603929,0
1506464868,22337283,3904.99,0.18566043,0
1506464866,22337282,3905.00,0.61930000,0
1506464857,22337278,3904.99,0.04294123,0
1506464841,22337275,3904.99,0.32150654,0
1506464836,22337274,3904.96,0.09490000,0
1506464824,22337272,3900.52,0.03216872,1
1506464822,22337269,3900.52,0.03139600,1
1506464807,22337265,3900.53,0.11170481,0
1506464797,22337263,3900.67,0.20568174,1
1506464776,22337236,3907.11,0.12495189,0
1506464775,22337235,3907.11,0.59945125,0
1506464775,22337234,3907.11,0.42120000,0
1506464756,22337227,3900.47,0.12148610,1
1506464749,22337224,3907.11,0.01000000,0
1506464745,22337220,3907.12,0.42990995,1
1506464744,22337219,3907.12,0.16680744,1
1506464743,22337218,3907.12,0.26509361,0
1506464743,22337217,3907.11,0.13818900,0
1506464742,22337215,3907.01,1.07300000,1
1506464742,22337214,3907.02,0.30500000,1
1506464741,22337210,3907.02,0.69500000,1
1506464726,22337204,3907.03,0.03000000,0
1506464657,22337193,3906.92,0.02000000,0
1506464656,22337191,3900.62,0.04800000,1
1506464628,22337187,3901.00,0.16315940,0
1506464628,22337186,3901.00,0.33684060,1
1506464610,22337183,3906.99,0.11183700,0
1506464593,22337176,3901.05,0.50000000,1
1506464584,22337172,3906.26,0.23748547,1
1506464579,22337168,3901.00,0.00566167,1
1506464578,22337167,3902.00,0.50700000,0
1506464578,22337166,3902.00,0.29563003,1
1506464578,22337165,3902.02,0.15188247,1
1506464576,22337163,3906.30,0.03982583,1
1506464541,22337157,3907.01,0.07693201,1
1506464528,22337152,3902.02,1.19574076,1
1506464524,22337151,3907.12,0.02990639,0
1506464524,22337150,3906.38,0.09100000,0
1506464524,22337149,3906.12,0.00801361,0
1506464523,22337148,3902.03,0.01825000,0
1506464506,22337144,3902.03,0.02181896,1
1506464480,22337136,3906.06,0.05414000,0
1506464474,22337123,3906.12,0.01298639,0
1506464465,22337112,3902.02,1.00000000,1
1506464449,22337108,3906.30,0.00588388,0
1506464433,22337101,3902.03,0.07000000,1
1506464426,22337087,3902.02,0.23743253,1
1506464426,22337086,3906.27,0.05797302,0
1506464416,22337067,3906.37,0.01000000,0
1506464407,22337061,3902.02,0.14541500,1
1506464405,22337059,3902.03,0.73415714,1
1506464400,22337047,3902.02,0.27767626,1
1506464398,22337043,3906.78,0.10665502,0
1506464396,22337042,3906.82,0.42511911,0
1506464395,22337040,3902.03,0.16144840,1
1506464395,22337038,3902.02,0.12067600,1
1506464392,22337033,3902.02,0.01724000,1
1506464391,22337029,3902.03,0.23303429,1
1506464389,22337019,3902.03,0.10918656,1
1506464387,22337006,3902.02,1.00000000,1
1506464381,22336995,3906.95,0.00671791,0
1506464366,22336990,3907.06,0.60890000,0
1506464365,22336989,3907.06,0.01139909,0
1506464363,22336988,3907.03,0.01031239,0
1506464361,22336985,3902.02,0.30392000,1
1506464352,22336983,3902.02,0.05001698,1
1506464352,22336982,3903.00,0.02000000,1
1506464350,22336980,3903.50,0.10998302,1
1506464345,22336975,3906.70,0.23743253,0
1506464341,22336973,3903.50,0.12000000,1
1506464338,22336963,3906.71,0.04000000,0
1506464337,22336962,3906.82,0.12050000,0
1506464337,22336961,3906.82,0.17892301,0
1506464334,22336960,3903.50,0.02500000,1
1506464329,22336958,3907.05,0.04413992,0
1506464314,22336953,3903.51,0.02500000,1
1506464305,22336952,3903.96,0.01036292,1
1506464305,22336951,3905.46,0.01463708,1
1506464303,22336950,3907.37,0.08827974,0
1506464269,22336943,3905.46,0.32500000,1
1506464268,22336939,3905.46,0.22956292,0
1506464259,22336934,3903.50,0.02500000,1
1506464257,22336929,3903.91,0.00070000,1
1506464255,22336928,3905.41,0.02430000,1
1506464249,22336927,3905.46,0.03317447,0
1506464247,22336925,3905.41,0.02500000,1
1506464242,22336923,3903.50,0.02500000,1
1506464229,22336921,3905.41,0.01027269,0
1506464223,22336918,3905.42,0.11749056,0
1506464216,22336916,3905.43,0.08812286,0
1506464186,22336906,3905.46,0.01000000,0
1506464170,22336900,3903.51,0.02500000,1
1506464170,22336895,3905.46,0.06705972,0
1506464163,22336893,3905.46,0.00441400,0
1506464159,22336892,3905.46,0.02556237,0
1506464128,22336866,3903.50,0.02500000,1
1506464117,22336862,3905.46,0.13826300,0
1506464115,22336861,3905.46,0.01296352,0
1506464103,22336857,3903.50,0.02500000,1
1506464096,22336855,3908.91,0.00008829,0
1506464095,22336854,3903.51,0.12592171,0
1506464087,22336853,3903.50,0.76071607,1
1506464087,22336852,3903.50,0.64509471,1
1506464080,22336826,3903.51,0.24461157,1
1506464077,22336822,3903.50,0.02500000,1
1506464070,22336806,3903.50,0.02500000,1
1506464068,22336795,3908.91,0.03134751,0
1506464067,22336793,3908.91,0.00520000,0
1506464058,22336776,3908.91,0.95031313,0
1506464057,22336775,3903.55,0.74045174,1
1506464046,22336770,3903.62,0.02500000,1
1506464037,22336768,3903.58,0.05000000,1
1506464028,22336762,3910.38,0.35410254,0
1506464026,22336761,3903.53,0.13989512,1
1506464018,22336757,3904.00,0.00300000,0
1506464016,22336754,3904.00,0.04700000,1
1506464008,22336752,3910.38,0.70515085,0
1506464003,22336745,3910.38,0.05328402,1
1506464000,22336738,3903.57,0.05000000,1
1506463997,22336734,3903.57,0.01533542,1
1506463997,22336733,3903.57,0.01792404,1
1506463955,22336717,3903.61,0.05000000,1
1506463951,22336714,3903.58,0.01240303,1
1506463927,22336703,3903.70,0.86177743,1
1506463915,22336695,3903.64,0.50000000,1
1506463914,22336693,3903.52,0.50705799,1
1506463913,22336692,3907.28,0.05000000,1
1506463908,22336690,3907.27,0.05000000,1
1506463907,22336688,3915.51,0.46010000,0
1506463903,22336685,3907.77,0.46128376,1
1506463892,22336676,3909.77,2.00000000,1
1506463890,22336675,3910.02,0.01703889,1
1506463888,22336669,3903.58,0.05000000,1
1506463887,22336666,3909.54,0.14020000,0
1506463885,22336665,3916.06,0.24722893,0
1506463885,22336664,3910.11,0.13155707,0
1506463880,22336661,3903.55,0.05000000,1
1506463877,22336659,3910.10,0.12000000,0
1506463872,22336657,3903.52,0.05000000,1
1506463857,22336647,3909.41,0.01460000,0
1506463839,22336637,3909.66,0.01390033,0
1506463838,22336636,3909.66,0.01088175,0
1506463838,22336635,3909.66,0.01023972,0
1506463838,22336634,3909.66,0.01436977,0
1506463837,22336633,3909.66,0.01060843,0
1506463828,22336632,3903.63,0.38000000,1
1506463827,22336631,3909.89,2.10509560,0
1506463817,22336630,3903.60,0.01277133,1
1506463817,22336628,3903.60,0.05000000,1
1506463809,22336625,3909.30,0.00749801,0
1506463786,22336619,3903.56,0.01938000,1
1506463759,22336605,3903.73,0.05000000,1
1506463745,22336578,3909.99,0.00749795,0
1506463710,22336553,3903.58,0.05000000,1
1506463698,22336548,3910.11,0.32644293,0
1506463698,22336547,3904.05,0.02544607,0
1506463685,22336537,3903.52,0.05000000,1
1506463683,22336536,3912.73,0.03527750,0
1506463676,22336526,3903.76,0.05000000,1
1506463664,22336521,3903.69,0.05000000,1
1506463660,22336519,3903.69,0.05000000,1
1506463651,22336518,3912.73,0.03374032,0
1506463642,22336510,3905.48,0.97887140,0
1506463642,22336507,3905.48,0.02112860,1
1506463605,22336485,3916.35,0.03882684,0
1506463600,22336481,3909.61,0.00298484,0
1506463600,22336480,3909.61,0.27087834,0
1506463598,22336478,3909.55,0.00393796,0
1506463589,22336469,3909.54,0.00910000,0
1506463588,22336468,3905.48,0.77812600,0
1506463587,22336466,3906.63,0.22187400,1
1506463581,22336465,3909.55,0.20243215,0
1506463566,22336459,3909.55,0.02049579,0
1506463565,22336458,3906.63,1.27812600,1
1506463564,22336457,3909.50,0.72187400,1
1506463557,22336455,3909.55,0.05113410,0
1506463545,22336451,3909.54,0.52788757,0
1506463544,22336450,3906.63,2.00000000,1
1506463528,22336442,3906.64,4.00000000,1
1506463518,22336439,3906.63,4.00000000,1
1506463486,22336419,3906.70,0.12793686,1
1506463485,22336417,3909.55,0.01700000,0
1506463472,22336398,3906.95,1.00000000,1
1506463471,22336397,3906.80,0.15004177,1
1506463471,22336396,3906.93,0.89124000,1
1506463458,22336393,3907.80,0.01000000,0
1506463449,22336390,3907.16,0.05000000,1
1506463429,22336370,3907.33,0.36564985,1
1506463406,22336328,3912.47,0.00275474,0
1506463406,22336326,3912.47,0.25382130,0
1506463405,22336323,3912.47,1.38783398,0
1506463395,22336295,3912.47,0.03963408,0
1506463387,22336265,3912.47,0.10670774,0
1506463353,22336206,3912.51,1.05120000,0
1506463317,22336128,3918.95,0.14915219,0
1506463317,22336126,3918.50,1.74300000,1
1506463317,22336123,3914.08,0.29500000,0
1506463315,22336120,3914.06,0.36200000,0
1506463301,22336113,3914.07,0.39432356,0
1506463269,22336061,3906.72,0.64372504,0
1506463268,22336060,3906.72,0.05092286,1
1506463268,22336059,3906.75,1.74300000,1
1506463268,22336058,3910.68,0.01880800,1
1506463268,22336057,3911.60,0.04354410,1
1506463263,22336052,3910.01,0.38047414,0
1506463263,22336051,3907.64,0.06302158,0
1506463261,22336050,3907.79,0.04116277,1
1506463261,22336049,3910.00,0.12762300,1
1506463258,22336048,3910.06,1.74300000,1
1506463249,22336046,3910.01,0.02342314,1
1506463244,22336040,3910.03,0.05876000,1
1506463243,22336035,3919.30,1.00000000,0
1506463241,22336033,3919.27,0.05059999,0
1506463240,22336032,3919.25,0.94940001,0
1506463233,22336018,3918.00,0.38000000,1
1506463233,22336017,3918.00,0.62000000,0
1506463226,22336000,3917.89,0.01130684,0
1506463216,22335960,3910.01,0.02648334,1
1506463215,22335957,3910.01,0.10248178,1
1506463207,22335945,3917.94,0.27762314,0
1506463207,22335944,3915.96,0.27357686,0
1506463205,22335935,3917.92,0.02342314,1
1506463203,22335925,3917.92,0.03929315,0
1506463202,22335917,3917.99,0.12908551,1
1506463198,22335904,3917.99,0.03289240,0
1506463191,22335894,3911.55,0.00764780,0
1506463191,22335892,3911.55,0.03624373,0
1506463191,22335891,3911.55,0.01371457,0
1506463154,22335710,3910.06,0.27745657,1
1506463137,22335703,3917.12,1.99595621,1
1506463135,22335702,3915.48,0.54800000,0
1506463135,22335701,3915.48,0.00560000,0
1506463118,22335697,3910.00,0.53311062,0
1506463118,22335696,3913.31,0.53911810,1
1506463116,22335694,3915.47,0.05000000,0
1506463109,22335689,3915.47,0.03348454,0
1506463096,22335684,3913.31,0.02079821,1
1506463045,22335676,3917.74,0.00510466,0
1506463042,22335675,3913.89,0.15625881,0
1506463041,22335674,3917.73,0.02416710,1
1506463009,22335658,3917.73,0.05434620,1
1506462993,22335645,3917.73,0.01811740,1
1506462969,22335639,3913.31,0.08587380,1
1506462956,22335628,3914.10,0.79313300,1
1506462955,22335627,3913.31,0.78118569,1
1506462953,22335626,3917.73,0.21881431,1
1506462951,22335618,3917.73,0.01816595,1
1506462951,22335617,3917.73,0.09496719,1
1506462940,22335603,3917.73,0.01816548,1
1506462934,22335600,3917.73,0.06884122,1
1506462934,22335599,3918.19,0.04113016,1
1506462921,22335592,3918.19,0.02341721,1
1506462910,22335590,3918.19,0.03871078,1
1506462783,22335535,3918.71,0.02000000,0
1506462736,22335494,3913.31,0.01163156,1
1506462725,22335482,3916.71,0.00891800,0
1506462718,22335479,3916.71,1.37388138,0
1506462711,22335474,3916.97,0.11063165,0
1506462696,22335466,3917.25,0.13646018,0
1506462561,22335362,3913.27,0.75700000,0
1506462513,22335306,3907.87,0.60498734,0
1506462493,22335298,3918.34,0.00293074,0
1506462490,22335294,3918.39,0.00670191,0
1506462472,22335289,3907.71,0.02100000,0
1506462452,22335264,3908.08,1.00000000,1
1506462442,22335243,3907.71,0.98135000,1
1506462442,22335242,3907.71,0.01865000,1
1506462438,22335239,3907.70,0.77426896,0
1506462438,22335238,3907.70,0.22573104,1
1506462431,22335224,3907.71,1.00000000,1
1506462423,22335196,3919.33,0.00683781,0
1506462406,22335183,3907.73,1.00000000,1
1506462404,22335182,3917.31,0.12296000,0
1506462404,22335181,3917.28,0.99600000,0
1506462403,22335180,3907.71,1.00000000,1
1506462399,22335179,3907.71,1.00000000,1
1506462398,22335175,3907.71,0.99847438,0
1506462396,22335172,3907.71,0.00152562,0
1506462394,22335158,3907.71,0.63836437,0
1506462394,22335157,3907.71,0.36163563,0
1506462388,22335155,3907.79,0.00526838,0
1506462383,22335150,3908.26,0.97500000,1
1506462381,22335145,3908.27,0.02000000,1
1506462381,22335144,3919.88,0.00400000,0
1506462379,22335143,3908.16,1.00000000,0
1506462343,22335107,3909.39,1.00000000,1
1506462341,22335105,3909.31,1.00000000,1
1506462339,22335104,3909.31,1.00000000,1
1506462318,22335047,3921.33,0.03027245,0
1506462151,22334866,3921.39,0.01500000,0
1506462120,22334825,3920.97,0.01131785,0
1506462109,22334807,3921.00,0.00409427,0
1506462014,22334701,3919.58,0.00500000,0
1506462003,22334691,3919.66,0.00587900,0
1506461994,22334688,3919.75,0.60145368,1
1506461994,22334687,3919.75,0.75700000,1
1506461994,22334686,3917.50,1.00000000,0
1506461993,22334685,3916.98,1.74300000,1
1506461992,22334684,3916.95,0.89854632,0
1506461943,22334639,3916.62,0.01028400,0
1506461921,22334631,3917.21,0.02355248,1
1506461906,22334625,3917.41,0.06999637,1
1506461888,22334621,3917.09,0.03004171,1
1506461884,22334615,3917.01,0.02928509,1
1506461883,22334609,3917.05,0.00587600,0
1506461829,22334568,3907.52,0.02344193,1
1506461805,22334550,3918.40,0.08001751,0
1506461732,22334525,3917.57,0.00754800,0
1506461731,22334524,3917.57,0.10407724,0
1506461731,22334523,3917.57,0.10248633,0
1506461731,22334522,3917.28,0.03742155,0
1506461726,22334520,3917.28,0.02761510,0
1506461726,22334519,3917.28,0.01696335,0
1506461724,22334512,3919.33,0.10498058,0
1506461723,22334511,3917.60,0.00523942,0
1506461722,22334509,3917.59,0.07653179,0
1506461719,22334500,3917.33,0.18699300,0
1506461710,22334478,3908.46,0.00854713,0
1506461709,22334477,3908.46,0.10000000,0
1506461695,22334472,3906.56,0.00406567,1
1506461644,22334394,3908.55,1.67453752,1
1506461631,22334367,3917.98,0.01000000,0
1506461584,22334341,3917.60,0.07336700,1
1506461584,22334340,3917.60,0.01468300,1
1506461530,22334294,3918.00,0.01593308,0
1506461530,22334293,3915.93,0.00354461,0
1506461529,22334292,3915.35,0.04500000,0
1506461470,22334265,3915.59,1.30000000,0
1506461464,22334263,3915.62,0.00282662,0
1506461416,22334248,3915.75,0.01200800,1
1506461401,22334244,3910.01,0.00816000,1
1506461372,22334185,3910.01,0.25658659,1
1506461372,22334184,3910.01,0.02550000,1
1506461358,22334182,3915.92,0.09198163,0
1506461343,22334180,3915.93,0.01174518,0
1506461325,22334176,3915.92,0.00300000,0
1506461280,22334144,3910.01,0.05000000,1
1506461272,22334138,3917.84,0.00500000,0
1506461252,22334129,3919.27,0.00600000,0
1506461226,22334122,3919.73,0.01339946,0
1506461221,22334121,3910.01,0.03830000,1
1506461207,22334120,3919.00,1.00000000,1
1506461205,22334119,3919.00,7.00000000,1
1506461177,22334112,3917.00,0.50000000,1
1506461151,22334107,3916.69,0.00290000,0
1506461149,22334105,3916.71,0.00583842,0
1506461104,22334090,3917.07,0.02342823,0
1506461102,22334088,3905.32,0.05054710,1
1506461029,22334057,3918.53,0.10687667,1
1506460982,22334037,3919.38,0.11707208,1
1506460966,22334031,3904.54,0.23090036,1
1506460966,22334029,3904.63,0.76909964,1
1506460956,22334027,3904.51,1.00000000,1
1506460947,22334025,3904.41,1.00000000,1
1506460944,22334024,3904.38,1.00000000,1
1506460915,22333993,3919.83,0.00613834,0
1506460906,22333984,3903.87,1.00000000,1
1506460903,22333982,3903.84,1.00000000,1
1506460901,22333980,3903.81,1.00000000,1
1506460888,22333977,3919.76,0.00663279,0
1506460888,22333976,3915.00,0.01387930,0
1506460881,22333974,3911.87,1.00000000,1
1506460868,22333972,3914.03,1.00000000,1
1506460868,22333971,3914.03,0.02252677,1
1506460867,22333970,3914.02,0.49800000,0
1506460866,22333969,3914.02,0.50200000,1
1506460864,22333968,3914.61,0.02344294,0
1506460847,22333964,3915.00,1.00000000,0
1506460845,22333962,3915.00,0.98932485,0
1506460844,22333961,3915.00,0.01067515,1
1506460821,22333954,3915.03,1.08659000,1
1506460811,22333951,3915.11,0.10000000,0
1506460807,22333948,3915.10,2.07173967,1
1506460807,22333947,3915.13,0.32826033,1
1506460805,22333945,3915.01,0.00529274,0
1506460803,22333944,3917.92,0.10241000,0
1506460792,22333942,3917.59,0.10000000,0
1506460790,22333941,3915.00,0.08932485,1
1506460781,22333940,3916.49,1.60049358,0
1506460779,22333939,3918.00,0.10000000,1
1506460779,22333938,3920.84,0.10000000,1
1506460761,22333936,3922.84,0.05406063,0
1506460717,22333917,3922.84,0.06032400,0
1506460716,22333914,3922.84,0.09500475,0
1506460716,22333913,3922.84,0.00400000,0
1506460716,22333912,3922.84,0.00285003,0
1506460704,22333906,3922.84,0.22214997,1
1506460701,22333905,3922.84,0.18483584,1
1506460701,22333904,3922.89,0.01291733,0
1506460689,22333899,3922.84,0.01967169,1
1506460683,22333896,3922.89,0.59755180,0
1506460674,22333889,3922.89,0.12731685,0
1506460671,22333888,3922.84,0.12200000,1
1506460669,22333887,3922.84,4.45134250,1
1506460667,22333886,3922.89,0.06463602,0
1506460665,22333885,3922.88,0.06268079,0
1506460659,22333883,3922.88,0.02731921,1
1506460657,22333882,3922.84,0.10000000,0
1506460647,22333877,3922.88,0.06835284,0
1506460647,22333876,3922.87,0.03396485,1
1506460645,22333875,3922.84,0.02500000,0
1506460641,22333870,3922.88,0.03152020,0
1506460640,22333869,3922.84,0.09579701,0
1506460633,22333863,3922.84,0.12731847,0
1506460630,22333860,3922.84,0.00188452,0
1506460625,22333857,3922.87,0.23463433,0
1506460623,22333856,3922.84,0.02000000,0
1506460621,22333846,3922.85,0.08926676,0
1506460615,22333843,3922.85,0.25463630,0
1506460608,22333840,3922.87,0.25463499,1
1506460606,22333839,3909.10,0.05149000,1
1506460593,22333835,3922.87,0.01570000,1
1506460590,22333834,3922.86,0.20217902,0
1506460579,22333828,3911.79,0.05120000,0
1506460566,22333817,3922.89,0.11461417,0
1506460566,22333816,3922.88,0.11000000,1
1506460566,22333815,3922.88,0.01186231,1
1506460565,22333814,3922.89,0.44354289,0
1506460564,22333813,3922.86,0.00640500,1
1506460563,22333812,3922.86,0.75800000,0
1506460562,22333807,3915.22,0.01186231,1
1506460561,22333805,3915.22,0.00640500,1
1506460532,22333783,3908.85,0.01430881,1
1506460524,22333775,3922.89,0.21244453,0
1506460519,22333773,3922.89,2.02592967,0
1506460519,22333772,3922.89,3.25252065,1
1506460518,22333771,3922.89,7.00000000,1
1506460518,22333770,3922.88,0.13000000,0
1506460517,22333769,3922.82,0.05066403,0
1506460517,22333768,3920.43,0.07406880,0
1506460514,22333764,3920.43,0.05093120,0
1506460505,22333747,3922.85,0.11696853,0
1506460503,22333745,3920.43,0.11696853,0
1506460502,22333743,3922.85,0.01243458,0
1506460502,22333742,3920.47,0.01342242,0
1506460494,22333738,3919.84,0.01292534,0
1506460486,22333733,3908.52,0.33150000,1
1506460456,22333720,3908.15,0.00929633,1
1506460448,22333715,3908.03,0.01520000,1
1506460444,22333713,3907.49,0.00596898,1
1506460421,22333706,3919.88,0.01500000,0
1506460406,22333704,3915.74,0.01871734,1
1506460406,22333703,3916.24,0.50600000,1
1506460405,22333702,3917.24,0.02506266,1
1506460327,22333665,3911.28,0.02040642,1
1506460325,22333663,3920.00,0.23455251,1
1506460324,22333662,3920.00,1.99803517,0
1506460292,22333638,3919.99,0.01292684,0
1506460286,22333636,3919.88,0.01500000,0
1506460276,22333632,3910.14,0.00898007,1
1506460263,22333621,3920.47,0.02340791,0
1506460227,22333611,3920.47,0.03327967,0
1506460172,22333595,3909.16,0.00300000,1
1506460169,22333592,3922.63,0.01323332,0
1506460150,22333582,3919.88,0.01500000,0
1506460147,22333580,3920.00,0.01884800,0
1506460139,22333579,3907.34,1.00000000,1
1506460137,22333578,3907.30,1.00000000,1
1506460129,22333577,3920.00,0.00376885,1
1506460128,22333576,3920.82,0.10425586,0
1506460127,22333575,3920.82,0.54363037,0
1506460125,22333574,3920.00,0.99623115,1
1506460124,22333572,3920.82,0.76284776,1
1506460111,22333565,3922.86,0.00376885,1
1506460089,22333556,3908.63,1.70256390,1
1506460089,22333554,3908.66,0.63005176,1
1506460084,22333545,3916.13,0.09344000,0
1506460082,22333542,3916.13,0.00683407,0
1506460079,22333540,3908.34,1.00000000,1
1506460078,22333537,3916.13,0.06711027,0
1506460072,22333528,3908.29,1.00000000,1
1506460070,22333524,3916.90,0.21820780,0
1506460067,22333493,3916.18,2.50000000,1
1506460062,22333479,3922.89,0.01884427,0
1506460062,22333477,3922.89,0.08547342,0
1506460061,22333476,3908.27,0.01844957,1
1506460059,22333475,3918.63,0.36994824,1
1506460059,22333474,3922.88,0.00499458,1
1506460058,22333473,3922.88,0.12500000,1
1506460052,22333471,3922.89,10.92781574,0
1506460052,22333470,3922.88,0.13000000,0
1506460041,22333464,3922.89,0.21241907,0
1506460040,22333461,3922.89,4.17020614,1
1506460039,22333460,3922.88,0.40299445,1
1506460039,22333459,3922.88,0.15000000,0
1506460039,22333458,3922.88,0.00000555,0
1506460037,22333457,3922.88,0.40299445,1
1506460031,22333450,3922.89,6.19485634,0
1506460031,22333449,3922.88,0.16000000,0
1506460029,22333448,3920.87,0.01100000,0
1506460014,22333447,3922.88,0.14500000,0
1506460014,22333446,3922.88,0.01500000,0
1506460008,22333436,3922.89,1.00000000,0
1506460006,22333434,3922.88,1.00000000,0
1506460003,22333433,3922.88,1.00000000,0
1506460001,22333431,3922.89,1.00000000,0
1506459999,22333427,3922.89,0.82000000,0
1506459999,22333426,3922.88,0.18000000,0
1506459997,22333423,3922.88,0.11365253,1
1506459997,22333422,3922.88,0.00310000,1
1506459993,22333421,3922.88,0.72500000,0
1506459991,22333420,3922.87,1.00000000,1
1506459984,22333415,3922.88,0.19000000,1
1506459984,22333413,3922.87,0.09700000,0
1506459982,22333411,3911.99,2.40300000,0
1506459981,22333410,3911.99,0.09700000,0
1506459980,22333409,3911.16,1.70700000,1
1506459980,22333408,3922.88,0.79300000,1
1506459980,22333407,3922.88,0.20700000,0
1506459976,22333394,3922.88,0.00300000,0
1506459973,22333392,3906.65,0.17340101,1
1506459973,22333391,3910.98,0.10025063,1
1506459972,22333388,3922.87,1.00000000,0
1506459968,22333382,3922.85,0.00136483,0
1506459965,22333379,3918.75,0.01100000,0
1506459960,22333378,3922.85,0.03863517,0
1506459960,22333377,3922.60,0.00206075,0
1506459960,22333375,3922.59,1.00000000,0
1506459958,22333372,3922.57,1.00000000,0
1506459952,22333368,3915.16,0.50000000,1
1506459951,22333366,3922.32,0.07000000,0
1506459950,22333365,3922.32,1.00000000,0
1506459948,22333358,3922.33,1.00000000,0
1506459947,22333355,3922.19,0.02500000,1
1506459943,22333353,3922.19,0.16060000,0
1506459942,22333352,3922.16,0.06044374,0
1506459942,22333351,3921.84,0.74300000,0
1506459940,22333348,3921.84,1.00000000,0
1506459939,22333347,3912.59,0.50000000,1
1506459938,22333341,3922.16,0.38562913,1
1506459937,22333339,3922.17,1.00000000,0
1506459929,22333331,3921.17,0.01749733,1
1506459927,22333330,3921.18,1.00000000,0
1506459920,22333328,3920.85,0.00398351,0
1506459919,22333326,3920.85,0.01501649,0
1506459917,22333323,3920.84,0.23687354,1
1506459911,22333317,3920.40,0.98924162,1
1506459909,22333316,3920.40,0.01075838,0
1506459905,22333314,3920.40,0.11704162,0
1506459903,22333313,3920.37,1.00000000,0
1506459900,22333309,3920.37,1.00000000,0
1506459893,22333306,3917.40,1.00000000,1
1506459889,22333303,3917.27,0.01850000,0
1506459883,22333297,3917.23,0.86823740,0
1506459882,22333296,3917.20,0.13176260,0
1506459875,22333289,3917.26,0.01500000,0
1506459848,22333275,3917.27,0.00150000,0
1506459819,22333254,3910.99,0.00279582,1
1506459809,22333245,3910.99,0.08055674,1
1506459803,22333243,3920.07,1.00000000,0
1506459800,22333241,3918.75,1.00000000,0
1506459794,22333236,3918.76,0.03013776,0
1506459787,22333232,3916.18,0.01900000,1
1506459786,22333231,3914.90,0.40000000,0
1506459784,22333230,3916.21,0.05050000,0
1506459783,22333229,3916.21,0.00750000,0
1506459776,22333221,3914.41,0.00602227,0
1506459764,22333219,3914.41,0.01537740,0
1506459739,22333188,3914.41,0.01500000,0
1506459734,22333178,3914.38,0.01519740,0
1506459731,22333175,3914.41,0.06449658,0
1506459727,22333173,3914.23,0.02600000,1
1506459725,22333168,3913.10,2.00000000,0
1506459725,22333167,3914.41,1.00000000,0
1506459718,22333164,3914.25,0.85304000,1
1506459717,22333163,3914.25,0.14696000,0
1506459712,22333162,3914.00,0.14027806,0
1506459710,22333160,3913.99,1.00000000,0
1506459705,22333158,3913.99,1.00000000,0
1506459700,22333148,3913.88,0.01380217,1
1506459696,22333144,3913.88,1.00000000,0
1506459694,22333143,3913.89,1.00000000,0
1506459687,22333139,3913.12,0.09589984,0
1506459684,22333134,3913.11,1.00000000,0
1506459682,22333131,3913.05,1.00000000,0
1506459680,22333130,3913.12,0.00410016,0
1506459677,22333129,3913.07,0.62276021,0
1506459674,22333128,3913.06,1.00000000,0
1506459673,22333127,3913.09,0.83000000,1
1506459672,22333126,3913.09,0.17000000,0
1506459666,22333124,3912.37,0.03300000,1
1506459665,22333123,3913.06,0.05862930,1
1506459663,22333122,3912.36,0.10000000,0
1506459662,22333120,3912.37,1.00000000,0
1506459645,22333110,3912.57,0.01587760,0
1506459642,22333104,3912.67,0.01018736,0
1506459616,22333089,3903.56,0.01225393,1
1506459614,22333087,3911.44,0.00002380,1
1506459611,22333082,3911.46,0.44571722,0
1506459606,22333076,3906.72,0.03400000,0
1506459588,22333044,3906.03,2.50589920,0
1506459586,22333042,3906.03,0.13433891,0
1506459583,22333035,3906.03,0.01500000,0
1506459578,22333028,3906.03,0.37159400,0
1506459576,22333018,3906.03,0.37159400,0
1506459573,22333014,3903.51,1.00000000,0
1506459567,22333005,3906.03,0.05296826,0
1506459566,22332999,3906.03,0.12829066,0
1506459563,22332987,3906.03,0.08420000,0
1506459563,22332986,3906.03,0.01485439,0
1506459562,22332982,3906.03,0.11740000,0
1506459559,22332978,3906.03,1.73330000,0
1506459552,22332975,3906.03,1.73008200,0
1506459546,22332971,3906.02,0.05878516,0
1506459545,22332970,3906.03,0.02647217,0
1506459544,22332969,3906.03,0.02594871,0
1506459541,22332965,3906.02,0.10205900,0
1506459535,22332961,3906.03,0.00246851,0
1506459531,22332953,3906.03,0.23062500,0
1506459527,22332948,3906.02,0.63194810,0
1506459524,22332943,3906.02,0.07700000,0
1506459523,22332942,3906.02,0.06186830,0
1506459504,22332931,3903.50,1.24342624,1
1506459504,22332929,3903.66,0.75657376,1
1506459500,22332925,3909.83,0.06183760,0
1506459489,22332922,3910.87,0.04766710,0
1506459487,22332920,3910.97,0.03835030,0
1506459461,22332901,3913.06,0.18248680,0
1506459460,22332900,3909.94,0.01751320,0
1506459458,22332899,3903.51,0.44709286,1
1506459450,22332896,3903.63,0.01278528,1
1506459450,22332895,3908.75,0.01500000,1
1506459446,22332893,3909.91,0.36880600,0
1506459443,22332891,3909.91,0.04051890,0
1506459430,22332883,3909.94,0.02248680,0
1506459418,22332877,3903.51,0.00150000,1
1506459415,22332875,3903.57,0.02350339,1
1506459415,22332874,3912.55,0.03892190,1
1506459414,22332873,3912.58,0.15435385,0
1506459412,22332870,3912.55,0.03605306,1
1506459411,22332866,3908.81,0.03100000,0
1506459411,22332865,3907.75,0.00343374,0
1506459394,22332801,3903.56,0.03670000,1
1506459388,22332796,3907.74,0.31652566,0
1506459379,22332768,3907.74,0.06281460,0
1506459348,22332702,3902.00,0.25700000,1
1506459347,22332701,3902.05,1.74300000,1
1506459310,22332663,3908.81,0.01500000,0
1506459301,22332642,3911.72,0.50984991,0
1506459286,22332625,3902.09,0.01669120,1
1506459275,22332594,3902.07,0.02776567,1
1506459254,22332542,3910.77,0.07828447,1
1506459253,22332535,3909.16,0.04500000,0
1506459249,22332526,3911.83,1.02979563,0
1506459233,22332457,3910.93,0.04448850,0
1506459218,22332444,3911.20,0.04435792,0
1506459205,22332416,3909.38,0.01500000,1
1506459204,22332411,3910.84,0.10700318,0
1506459196,22332404,3911.88,0.01295019,0
1506459196,22332400,3911.00,0.09114378,0
1506459195,22332398,3911.00,0.00885622,0
1506459162,22332369,3910.76,0.35163380,0
1506459162,22332367,3910.85,0.18266105,1
1506459132,22332294,3911.20,0.84138694,0
1506459132,22332292,3908.39,0.03473163,0
1506459129,22332286,3908.39,0.01026837,0
1506459116,22332244,3902.13,0.29680000,1
1506459113,22332228,3910.85,0.11711886,0
1506459113,22332226,3910.82,0.04541023,0
1506459089,22332186,3911.19,0.01600000,0
1506459088,22332184,3911.21,0.01491099,0
1506459072,22332170,3909.80,0.05030659,0
1506459072,22332169,3904.16,0.06600000,0
1506459065,22332153,3906.86,0.00750339,1
1506459063,22332152,3902.83,0.01600000,0
1506459047,22332139,3901.94,0.01267777,1
1506459036,22332124,3902.80,0.01500000,0
1506459002,22332067,3902.82,0.24271232,0
1506459002,22332066,3902.80,0.01293100,0
1506459001,22332065,3902.80,1.98706900,0
1506458988,22332061,3901.19,0.11734154,1
1506458955,22332045,3900.36,0.25700000,1
1506458954,22332044,3900.36,1.74300000,1
1506458946,22332039,3900.15,0.00150000,1
1506458940,22332035,3900.00,0.00085757,0
1506458911,22332024,3898.92,0.00150000,1
1506458902,22332017,3900.00,0.02259592,0
1506458898,22332012,3902.83,0.01500000,0
1506458897,22332009,3898.81,0.00150000,1
1506458884,22331998,3912.98,0.50796685,0
1506458884,22331997,3910.42,0.05800000,0
1506458884,22331996,3907.44,0.00432915,0
1506458884,22331995,3907.44,0.15900000,0
1506458884,22331994,3903.35,0.00649100,0
1506458872,22331983,3898.38,0.00150000,1
1506458860,22331975,3903.34,0.01000000,0
1506458850,22331964,3897.73,0.00150000,1
1506458838,22331955,3903.35,0.06050900,0
1506458824,22331941,3909.97,0.07068000,0
1506458821,22331940,3909.98,0.03110617,0
1506458806,22331931,3907.44,0.12471235,1
1506458800,22331916,3909.87,0.65625309,0
1506458775,22331889,3909.81,0.61769000,1
1506458765,22331863,3909.79,0.11142479,0
1506458759,22331856,3909.84,0.01500000,0
1506458747,22331845,3909.97,0.13960558,0
1506458747,22331844,3909.97,0.68903394,0
1506458740,22331838,3909.95,0.05921144,0
1506458735,22331826,3909.32,1.00212841,0
1506458732,22331816,3909.33,0.49380279,0
1506458731,22331813,3909.30,0.10241552,0
1506458716,22331770,3909.39,0.30049821,0
1506458710,22331767,3908.70,0.07376700,1
1506458710,22331766,3908.70,0.00975408,1
1506458709,22331765,3908.70,0.09024592,1
1506458705,22331760,3909.50,0.00306200,0
1506458697,22331746,3908.73,0.01469077,0
1506458687,22331698,3907.44,0.10000000,1
1506458686,22331696,3907.44,0.05121626,1
1506458654,22331685,3903.78,0.00158000,1
1506458646,22331673,3912.42,0.03112852,0
1506458646,22331672,3912.42,0.68231047,0
1506458646,22331671,3911.88,0.00340900,0
1506458646,22331670,3911.87,0.25000000,0
1506458645,22331669,3909.00,0.02028701,0
1506458645,22331667,3908.43,0.13055626,0
1506458645,22331666,3907.56,0.02600000,0
1506458645,22331665,3907.49,0.07600000,0
1506458617,22331642,3900.48,1.10000000,1
1506458606,22331637,3907.46,0.25713480,0
1506458603,22331635,3907.47,0.02078986,0
1506458598,22331631,3900.42,0.00150000,1
1506458595,22331627,3900.42,0.08900000,0
1506458589,22331625,3906.95,0.00504206,0
1506458588,22331623,3897.90,0.04906579,1
1506458584,22331620,3895.07,0.30393900,0
1506458584,22331618,3899.90,0.00454000,1
1506458583,22331616,3900.34,0.02950200,0
1506458582,22331615,3902.79,0.09714545,1
1506458580,22331614,3901.34,0.01400000,0
1506458580,22331613,3899.90,0.04903474,0
1506458575,22331606,3899.90,0.07396526,0
1506458552,22331588,3899.89,0.11916790,0
1506458543,22331581,3897.40,0.20935902,1
1506458541,22331580,3898.90,0.09064098,1
1506458536,22331578,3898.90,0.00150000,1
1506458532,22331573,3899.89,0.01994000,1
1506458494,22331544,3898.90,0.00412028,1
1506458489,22331541,3899.87,0.00840476,0
1506458480,22331539,3899.89,0.01500000,0
1506458464,22331530,3898.86,0.00300000,0
1506458455,22331522,3901.89,0.01119486,0
1506458455,22331521,3898.90,0.01999847,0
1506458449,22331519,3898.92,0.00369713,0
1506458439,22331513,3898.94,0.00527575,0
1506458439,22331512,3898.92,0.00999847,0
1506458422,22331504,3897.00,0.00150000,1
1506458405,22331486,3899.05,0.00870306,1
1506458399,22331481,3899.05,0.00150000,1
1506458392,22331479,3900.97,0.07894316,0
1506458392,22331478,3900.82,0.05822842,0
1506458392,22331477,3899.06,0.00150000,0
1506458384,22331465,3900.82,0.00754136,0
1506458382,22331460,3899.05,0.00150000,1
1506458378,22331459,3900.82,0.10000000,0
1506458363,22331448,3900.63,0.23156867,0
1506458362,22331446,3900.14,0.10000000,1
1506458361,22331445,3900.63,0.03599847,0
1506458359,22331444,3900.63,0.02399847,0
1506458357,22331442,3900.63,0.01350000,1
1506458352,22331440,3900.82,0.00008724,0
1506458352,22331439,3900.80,0.00999847,0
1506458337,22331430,3900.63,0.00150000,1
1506458336,22331429,3900.82,0.03897635,0
1506458320,22331403,3899.06,0.00150000,1
1506458317,22331402,3900.08,0.00881252,0
1506458316,22331401,3899.63,0.00648748,0
1506458311,22331400,3899.06,0.00999847,1
1506458310,22331397,3899.05,0.02999847,1
1506458307,22331395,3899.05,0.00999847,1
1506458300,22331393,3899.06,1.93900306,1
1506458294,22331392,3899.11,0.03359847,0
1506458293,22331391,3899.11,0.02239847,0
1506458290,22331390,3899.11,0.50500000,0
1506458287,22331389,3899.12,0.92480735,1
1506458286,22331388,3899.12,0.00150000,1
1506458286,22331387,3899.12,0.08646779,0
1506458284,22331385,3899.59,0.01353221,1
1506458283,22331384,3899.59,0.00999847,0
1506458278,22331379,3899.11,0.00150000,1
1506458275,22331378,3899.61,0.00274987,0
1506458270,22331372,3894.48,0.00150000,0
1506458264,22331366,3899.07,0.01800000,0
1506458260,22331363,3899.04,0.00999847,1
1506458237,22331360,3898.92,0.00117446,0
1506458236,22331355,3898.92,0.00159832,1
1506458236,22331354,3898.92,0.01887858,1
1506458226,22331346,3898.93,0.00150000,1
1506458223,22331342,3899.63,0.05883122,0
1506458209,22331339,3894.58,0.00150000,1
1506458201,22331334,3898.99,1.07070000,0
1506458200,22331333,3894.53,0.00150000,1
1506458197,22331331,3899.63,0.01500000,0
1506458197,22331329,3899.23,2.33657561,0
1506458196,22331328,3899.04,0.03592989,0
1506458196,22331327,3899.00,0.12749450,0
1506458179,22331325,3894.40,0.00150000,1
1506458173,22331324,3898.97,0.00379700,0
1506458150,22331304,3894.77,0.00150000,1
1506458148,22331301,3898.92,0.00299816,0
1506458148,22331300,3898.90,0.00999847,0
1506458137,22331294,3898.95,0.07740153,0
1506458137,22331293,3898.94,0.01999847,0
1506458134,22331292,3894.71,0.00150000,1
1506458134,22331291,3894.71,0.00140296,1
1506458125,22331290,3894.82,0.00150000,1
1506458118,22331288,3894.40,0.00150000,1
1506458110,22331286,3894.36,0.00150000,1
1506458108,22331285,3899.04,0.02307011,0
1506458091,22331282,3894.67,0.00150000,1
1506458087,22331281,3899.58,0.00800000,1
1506458073,22331275,3894.56,0.19238790,1
1506458072,22331274,3894.56,0.71735573,1
1506458071,22331272,3894.55,0.27430583,1
1506458070,22331269,3894.55,0.09720249,1
1506458065,22331260,3894.36,0.00150000,0
1506458064,22331258,3894.49,1.25659703,1
1506458062,22331255,3899.63,0.01500000,0
1506458059,22331247,3899.63,0.01768283,0
1506458057,22331240,3894.44,0.00150000,1
1506458053,22331233,3904.30,0.00600000,1
1506458052,22331232,3904.32,0.00999847,1
1506458052,22331229,3904.34,0.00150000,1
1506458047,22331218,3904.30,0.00150000,1
1506458046,22331217,3905.39,0.01716407,0
1506458046,22331216,3905.39,0.30000000,0
1506458045,22331215,3905.40,0.02349823,1
1506458034,22331203,3894.45,1.00150000,1
1506458034,22331202,3895.00,0.99850000,1
1506458032,22331201,3895.00,0.00150000,1
1506458025,22331193,3900.69,1.39110000,1
1506458020,22331190,3894.39,0.00150000,1
1506458016,22331188,3898.71,0.03025160,1
1506458015,22331187,3898.68,0.00002173,0
1506458014,22331185,3898.68,0.08836542,0
1506457996,22331167,3898.42,0.01700000,0
1506457996,22331166,3894.30,0.30720000,1
1506457987,22331131,3891.08,5.81107007,0
1506457987,22331129,3892.97,0.15390000,1
1506457987,22331127,3893.01,1.02494000,1
1506457986,22331126,3893.01,0.22348662,0
1506457986,22331125,3894.16,0.09879331,1
1506457986,22331124,3894.31,7.00000000,0
1506457985,22331122,3894.35,4.00000000,0
1506457985,22331119,3894.35,0.70281000,0
1506457984,22331118,3894.35,0.98500000,1
1506457976,22331111,3898.67,0.06651000,0
1506457967,22331107,3894.24,0.01500000,1
1506457951,22331091,3897.07,0.63100000,0
1506457951,22331090,3895.00,0.36900000,0
1506457942,22331086,3894.16,0.36009980,1
1506457939,22331079,3895.00,3.18500000,1
1506457939,22331078,3895.01,0.60730725,1
1506457939,22331077,3895.03,1.74300000,1
1506457936,22331072,3897.07,0.00530000,0
1506457935,22331070,3897.01,1.14800000,1
1506457930,22331063,3897.08,0.02757385,0
1506457928,22331062,3895.65,0.00559386,0
1506457928,22331061,3895.02,0.15244616,1
1506457927,22331060,3895.65,0.01280000,0
1506457926,22331059,3895.65,0.01500000,0
1506457922,22331056,3897.00,0.98500000,1
1506457917,22331053,3897.08,0.30550000,0
1506457917,22331052,3897.08,0.01720000,0
1506457912,22331050,3897.00,0.01500000,1
1506457908,22331046,3897.07,0.59630725,0
1506457906,22331045,3897.08,2.72656834,0
1506457903,22331044,3895.00,0.01500000,1
1506457895,22331043,3896.00,2.00000000,1
1506457885,22331039,3898.64,0.03260940,0
1506457876,22331021,3898.68,0.00500000,0
1506457876,22331020,3897.07,0.14080000,1
1506457876,22331019,3898.68,0.00294461,0
1506457874,22331018,3898.68,0.02439785,0
1506457871,22331016,3899.07,0.02427039,1
1506457866,22331015,3896.92,0.01100000,0
1506457852,22331005,3894.37,0.01500000,1
1506457845,22330993,3894.34,0.12299578,1
1506457842,22330988,3899.09,0.01472420,0
1506457836,22330982,3900.81,0.02060532,0
1506457829,22330973,3898.00,2.00000000,1
1506457828,22330972,3900.00,0.28679000,0
1506457828,22330970,3898.00,0.25000000,1
1506457827,22330969,3898.75,4.00000000,1
1506457827,22330968,3899.50,2.53056208,1
1506457827,22330967,3898.00,1.46943792,0
1506457827,22330966,3898.50,0.50700000,0
1506457826,22330965,3898.63,10.17394036,1
1506457826,22330964,3898.64,1.02494000,1
1506457825,22330963,3900.00,0.00450256,1
1506457824,22330962,3900.00,3.20180531,1
1506457819,22330953,3900.00,0.10060001,1
1506457819,22330952,3900.00,0.02500000,1
1506457816,22330949,3901.51,0.24504006,0
1506457816,22330948,3901.50,0.00582092,0
1506457815,22330947,3901.50,0.00363700,0
1506457812,22330942,3901.50,0.14054208,1
1506457812,22330940,3901.50,0.00605792,1
1506457810,22330938,3901.50,0.02500000,1
1506457809,22330937,3901.51,0.01759571,0
1506457808,22330936,3901.51,0.00629714,0
1506457808,22330935,3900.14,0.00842449,0
1506457808,22330933,3900.82,0.02376688,1
1506457799,22330929,3901.36,2.32120000,1
1506457799,22330928,3901.36,0.00500000,1
1506457794,22330925,3900.00,0.01000000,1
1506457788,22330922,3903.25,0.00500153,0
1506457788,22330921,3903.23,0.00999847,0
1506457787,22330920,3900.22,0.01562052,1
1506457785,22330912,3900.00,8.22500000,1
1506457785,22330911,3900.00,0.77500000,1
1506457784,22330910,3900.14,3.00000000,1
1506457778,22330908,3903.25,0.04614959,0
1506457771,22330907,3903.25,0.31625655,0
1506457771,22330906,3903.24,0.06687442,0
1506457759,22330903,3900.01,0.03077429,1
1506457754,22330899,3900.05,0.02500000,1
1506457737,22330878,3903.25,0.27645075,0
1506457736,22330871,3903.25,0.00220000,0
1506457726,22330856,3901.23,0.01110013,1
1506457725,22330855,3903.25,0.10041582,0
1506457719,22330846,3903.25,0.06952266,0
1506457717,22330843,3903.25,1.45120000,0
1506457713,22330836,3903.25,0.02517883,0
1506457711,22330835,3900.00,0.02500000,1
1506457707,22330832,3904.17,0.16800000,0
1506457707,22330830,3903.40,0.06313652,0
1506457701,22330823,3903.40,0.74771355,0
1506457701,22330822,3903.39,0.03018153,0
1506457690,22330806,3901.04,0.03018153,1
1506457685,22330805,3903.40,0.20966849,0
1506457685,22330804,3902.49,0.01800000,1
1506457684,22330802,3903.40,0.00300000,0
1506457684,22330801,3901.07,0.00200000,0
1506457683,22330800,3901.03,0.00999847,0
1506457662,22330798,3903.40,1.66336329,0
1506457662,22330797,3903.38,0.78160000,0
1506457659,22330795,3903.40,0.01470234,0
1506457658,22330793,3903.38,0.78150923,1
1506457658,22330792,3903.38,1.66142082,0
1506457653,22330789,3900.03,0.00648243,1
1506457652,22330788,3903.40,0.48638715,0
1506457650,22330787,3903.40,0.00500153,0
1506457650,22330786,3903.33,0.00999847,0
1506457645,22330779,3900.01,0.02500000,1
1506457637,22330774,3901.27,0.02500000,1
1506457632,22330768,3902.27,0.01373000,1
1506457629,22330767,3903.39,1.23854057,0
1506457629,22330766,3902.43,0.03900000,0
1506457617,22330749,3902.28,2.00000000,1
1506457615,22330748,3903.40,0.13211195,0
1506457615,22330746,3901.86,1.76768456,0
1506457614,22330743,3900.95,1.62889475,0
1506457612,22330740,3900.95,2.00000000,0
1506457609,22330738,3900.00,2.00000000,1
1506457609,22330736,3900.95,2.37110525,0
1506457606,22330728,3901.00,1.00000000,1
1506457606,22330727,3901.07,0.99994000,1
1506457603,22330724,3903.36,0.09139412,0
1506457600,22330721,3901.07,0.02500000,1
1506457597,22330718,3903.39,0.01580000,1
1506457593,22330714,3901.05,0.03015126,1
1506457576,22330700,3903.39,0.00919970,0
1506457563,22330693,3903.40,0.11755136,0
1506457562,22330690,3903.40,0.26722536,0
1506457561,22330688,3903.40,0.21671929,0
1506457555,22330680,3903.39,0.13567921,0
1506457555,22330676,3903.39,1.14937197,0
1506457546,22330662,3903.40,2.00000000,0
1506457545,22330660,3903.38,3.54872231,0
1506457537,22330655,3903.38,2.44291754,0
1506457536,22330654,3903.40,0.01600000,0
1506457525,22330649,3903.40,0.12538003,0
1506457521,22330646,3903.40,0.03354508,0
1506457521,22330645,3903.40,0.01470778,0
1506457514,22330640,3903.40,0.24136701,0
1506457511,22330635,3902.85,0.01500000,0
1506457508,22330634,3903.40,0.22531927,0
1506457505,22330632,3902.93,0.50700000,1
1506457505,22330631,3903.42,0.03308271,1
1506457505,22330630,3903.42,0.02506266,1
1506457504,22330629,3903.42,0.03308271,1
1506457504,22330628,3903.42,0.02105263,1
1506457504,22330627,3903.42,0.97294639,1
1506457504,22330626,3903.43,0.48000000,1
1506457502,22330625,3905.29,0.04300000,0
1506457501,22330624,3905.30,0.21682037,0
1506457489,22330613,3903.43,0.02500000,1
1506457475,22330606,3907.30,2.06656910,0
1506457471,22330601,3905.06,0.06923559,1
1506457471,22330600,3905.07,2.92532585,1
1506457468,22330598,3905.07,0.10000000,1
1506457467,22330597,3907.31,0.01274771,0
1506457467,22330596,3907.31,0.01383789,0
1506457450,22330568,3908.56,0.74983000,0
1506457447,22330560,3908.58,0.01000000,0
1506457442,22330552,3908.57,0.15031477,0
1506457441,22330549,3908.58,0.24650762,0
1506457439,22330548,3905.06,0.02500000,1
1506457430,22330541,3908.57,0.59426182,0
1506457425,22330529,3908.58,0.01177172,0
1506457412,22330516,3905.07,0.05652301,1
1506457410,22330515,3908.58,0.54900782,0
1506457410,22330514,3908.56,1.70006927,0
1506457409,22330513,3908.56,0.04293073,0
1506457408,22330512,3908.26,0.04143450,0
1506457408,22330511,3907.58,0.12655260,0
1506457398,22330498,3907.57,0.01344320,0
1506457397,22330497,3907.58,0.01333314,0
1506457397,22330496,3907.58,0.01322366,0
1506457389,22330485,3907.58,0.01415000,0
1506457387,22330482,3907.57,1.84752907,0
1506457387,22330481,3907.45,0.01200000,0
1506457382,22330474,3907.58,0.03174060,0
1506457378,22330466,3907.28,0.44109404,0
1506457368,22330459,3907.57,0.01500000,0
1506457367,22330456,3903.43,0.02500000,1
1506457327,22330445,3907.68,0.87882324,1
1506457327,22330444,3907.65,1.00000000,0
1506457292,22330403,3903.43,0.02500000,0
1506457285,22330398,3906.39,0.50830000,0
1506457285,22330397,3908.26,0.01256550,0
1506457284,22330396,3906.40,0.24400000,0
1506457280,22330390,3903.43,0.02500000,1
1506457276,22330389,3906.39,0.02800000,0
1506457276,22330388,3903.42,0.03094601,1
1506457276,22330387,3903.43,0.39937878,1
1506457260,22330378,3900.98,0.02500000,1
1506457257,22330375,3907.91,0.05000000,0
1506457252,22330365,3908.06,0.00830000,0
1506457251,22330364,3908.01,0.42437878,1
1506457251,22330363,3908.01,0.02450000,1
1506457251,22330362,3907.50,0.02700000,0
1506457251,22330361,3904.56,0.00109847,0
1506457250,22330360,3903.42,0.03250137,0
1506457239,22330352,3903.42,0.02132813,0
1506457236,22330350,3903.42,0.02273100,0
1506457232,22330336,3900.97,0.02500000,1
1506457231,22330333,3900.97,0.07680000,1
1506457230,22330329,3903.42,0.01500000,0
1506457218,22330320,3903.42,0.00753882,0
1506457211,22330316,3903.42,0.03169073,0
1506457191,22330299,3903.00,0.02464047,1
1506457186,22330292,3903.00,0.05803308,0
1506457182,22330269,3903.00,0.02467355,0
1506457182,22330267,3901.13,0.05800000,0
1506457176,22330245,3900.98,0.02200000,1
1506457175,22330244,3903.00,0.00336026,0
1506457175,22330243,3903.00,0.00472713,0
1506457174,22330242,3903.00,0.03452000,0
1506457143,22330178,3903.00,0.00294357,0
1506457119,22330149,3903.00,0.03780000,0
1506457111,22330132,3903.00,0.02000000,0
1506457108,22330126,3903.00,0.14774597,0
1506457102,22330096,3903.00,0.06525254,0
1506457096,22330083,3903.00,0.11038284,0
1506457092,22330063,3900.01,0.02500000,1
1506457090,22330061,3903.00,0.02365000,0
1506457090,22330059,3903.00,0.01500000,0
1506457076,22330040,3899.00,0.00250000,1
1506457071,22330037,3903.00,0.31571541,0
1506457067,22330024,3899.04,0.02812893,0
1506457067,22330023,3899.05,1.74300000,1
1506457061,22330017,3903.00,0.02329000,0
1506457061,22330016,3899.02,0.00250000,1
1506457060,22330014,3903.00,0.03200000,0
1506457059,22330013,3903.00,0.01857201,0
1506457056,22330007,3903.00,0.00353364,0
1506457054,22330005,3899.27,0.94786223,1
1506457052,22330000,3903.00,0.05880000,0
1506457042,22329988,3903.42,0.03524594,0
1506457042,22329987,3901.13,0.01575406,0
1506457042,22329986,3899.10,0.00250000,1
1506457023,22329965,3901.13,0.01124594,0
1506456987,22329925,3898.78,0.00250000,1
1506456985,22329916,3903.42,0.14096401,0
1506456985,22329915,3903.41,0.05000000,0
1506456971,22329901,3898.56,0.05000000,1
1506456963,22329895,3904.56,0.00690000,0
1506456954,22329889,3904.56,0.00500153,0
1506456954,22329888,3904.50,0.00999847,0
1506456888,22329833,3897.79,0.51425076,1
1506456887,22329832,3897.73,2.51400000,0
1506456887,22329831,3897.81,1.74300000,0
1506456885,22329829,3897.83,1.74300000,1
1506456870,22329817,3897.54,0.05000000,1
1506456866,22329810,3901.92,0.01600000,0
1506456826,22329793,3896.88,0.05000000,1
1506456821,22329790,3902.22,0.01500000,1
1506456818,22329789,3902.91,1.26616672,0
1506456818,22329787,3902.78,0.02000000,0
1506456816,22329786,3896.65,0.05000000,1
1506456811,22329785,3899.93,3.80000000,1
1506456809,22329783,3900.00,0.20000000,1
1506456807,22329781,3901.70,0.03016377,0
1506456793,22329759,3901.23,0.16930517,0
1506456783,22329748,3901.23,0.01765074,0
1506456782,22329746,3901.23,0.00412326,0
1506456778,22329720,3901.22,0.00999847,1
1506456777,22329713,3901.21,0.01999847,0
1506456772,22329703,3901.23,0.15142600,0
1506456770,22329702,3901.23,0.17649183,0
1506456769,22329701,3900.01,0.05000000,1
1506456764,22329698,3900.61,0.05000000,1
1506456761,22329696,3900.60,0.05000000,0
1506456759,22329695,3901.23,5.00000000,0
1506456758,22329694,3901.22,3.99000000,0
1506456758,22329693,3901.22,0.01000000,0
1506456755,22329691,3900.60,0.05000000,1
1506456752,22329690,3901.23,0.41099423,0
1506456752,22329689,3901.10,0.02580013,0
1506456752,22329688,3901.05,1.56320564,0
1506456749,22329687,3901.05,0.04240000,0
1506456748,22329686,3901.05,2.16071254,0
1506456748,22329685,3901.05,0.01012384,0
1506456747,22329684,3901.05,0.01187676,0
1506456745,22329682,3901.05,0.01247566,0
1506456737,22329681,3901.05,0.02045603,0
1506456727,22329678,3901.05,0.01031343,0
1506456727,22329677,3901.04,0.01004577,0
1506456727,22329676,3901.04,0.01121885,0
1506456722,22329675,3901.05,0.00294282,0
1506456718,22329672,3901.05,2.00000000,0
1506456716,22329671,3901.05,0.27321020,0
1506456713,22329669,3900.60,0.05000000,1
1506456708,22329668,3901.04,1.00000000,0
1506456706,22329667,3901.05,0.64470000,0
1506456704,22329666,3900.01,0.12004407,1
1506456693,22329659,3902.91,0.12580000,0
1506456688,22329657,3902.91,0.05518290,0
1506456687,22329654,3902.91,0.08827736,0
1506456685,22329651,3901.05,0.99700000,1
1506456685,22329650,3901.06,4.00000000,1
1506456681,22329649,3905.05,0.01500000,0
1506456678,22329648,3905.05,1.29756730,0
1506456672,22329644,3901.05,0.02000000,1
1506456663,22329643,3905.13,0.02942664,0
1506456663,22329642,3905.13,0.00750000,0
1506456658,22329640,3905.13,0.01297321,0
1506456625,22329623,3901.07,0.07281468,1
1506456621,22329602,3906.00,0.81370000,0
1506456621,22329597,3905.33,0.02200000,0
1506456610,22329588,3900.99,0.02000000,1
1506456607,22329585,3906.00,0.02811123,0
1506456603,22329582,3905.99,0.00441900,0
1506456602,22329581,3900.88,0.02000000,1
1506456590,22329580,3906.00,0.00588443,0
1506456587,22329579,3906.00,0.28910960,0
1506456586,22329578,3904.10,1.01949719,0
1506456586,22329577,3902.09,0.00150794,0
1506456577,22329575,3900.38,0.07514584,1
1506456567,22329571,3906.00,0.13155201,0
1506456566,22329570,3905.99,0.02295900,0
1506456565,22329569,3905.99,0.56347000,1
1506456556,22329565,3905.99,0.01203970,1
1506456547,22329563,3904.00,0.30832830,1
1506456547,22329562,3905.00,0.01500000,0
1506456546,22329561,3905.00,0.00207170,1
1506456544,22329560,3905.99,0.02651600,0
1506456542,22329559,3906.00,0.05293563,0
1506456541,22329558,3905.99,0.01706437,0
1506456532,22329557,3905.99,0.01695215,1
1506456521,22329548,3906.00,1.27478138,0
1506456507,22329541,3906.00,0.03237944,0
1506456501,22329540,3906.00,0.08554051,0
1506456501,22329538,3906.00,0.13384024,0
1506456499,22329537,3906.00,0.01386710,0
1506456497,22329535,3905.99,0.01476733,0
1506456496,22329534,3905.99,0.12149448,0
1506456482,22329530,3904.00,1.91657195,0
1506456482,22329529,3904.63,0.08342805,1
1506456476,22329525,3905.99,0.02120095,1
1506456458,22329518,3904.63,0.02000000,1
1506456455,22329517,3906.00,0.07521788,0
1506456451,22329516,3905.99,0.38277207,0
1506456430,22329511,3906.00,0.00527664,0
1506456421,22329509,3904.63,0.02507195,1
1506456416,22329507,3907.03,0.35722050,0
1506456410,22329504,3907.04,0.01500000,0
1506456397,22329498,3907.02,0.83140000,0
1506456396,22329497,3907.03,0.01140000,0
1506456389,22329495,3904.63,0.02000000,1
1506456367,22329485,3907.04,0.01140000,0
1506456349,22329474,3907.06,0.08813804,0
1506456340,22329471,3904.63,0.02000000,1
1506456315,22329462,3905.72,0.00375000,0
1506456313,22329461,3905.72,0.02189910,0
1506456309,22329455,3907.06,0.00938000,0
1506456304,22329448,3907.06,0.00626418,0
1506456304,22329444,3905.74,0.00311582,0
1506456301,22329439,3904.63,0.33150000,1
1506456286,22329419,3904.99,0.01185499,1
1506456285,22329418,3905.49,0.13820000,1
1506456283,22329416,3905.74,0.01110694,0
1506456275,22329413,3905.74,0.01500000,0
1506456199,22329388,3908.26,1.04383853,1
1506456196,22329387,3906.26,0.02083083,1
1506456196,22329386,3908.25,0.00616917,1
1506456172,22329374,3908.41,2.38220000,0
1506456151,22329370,3908.31,0.13867272,0
1506456147,22329369,3914.00,0.03000000,0
1506456137,22329365,3913.45,0.01500000,0
1506456136,22329363,3913.99,0.27780206,0
1506456135,22329362,3913.09,0.02800000,0
1506456099,22329346,3913.99,0.02551105,0
1506456084,22329341,3914.00,0.18972194,0
1506456084,22329340,3913.11,0.03300000,0
1506456073,22329331,3908.32,0.51214000,1
1506456048,22329302,3912.94,0.09282846,1
1506456048,22329301,3912.08,0.02500000,0
1506456046,22329299,3911.99,0.11724092,0
1506456011,22329244,3908.26,0.02193487,1
1506456004,22329240,3911.97,1.12129394,0
1506456004,22329239,3911.97,0.02345865,0
1506456003,22329238,3911.97,0.10293800,0
1506455994,22329235,3908.26,1.38115000,1
1506455988,22329231,3908.25,0.00479882,1
1506455914,22329160,3911.99,0.00705000,0
1506455883,22329142,3911.99,0.00588400,0
1506455870,22329134,3911.99,0.12020764,0
1506455862,22329128,3911.99,0.01106581,0
1506455824,22329124,3908.25,1.11334164,1
1506455823,22329123,3911.99,0.02345864,0
1506455822,22329121,3911.99,0.01497000,0
1506455819,22329118,3911.99,0.04497827,0
1506455808,22329106,3911.99,0.00374819,0
1506455784,22329102,3911.98,0.00496867,1
1506455771,22329101,3911.99,2.42402963,0
1506455770,22329100,3911.99,0.04500000,0
1506455766,22329098,3911.98,0.01002000,1
1506455763,22329092,3911.99,0.11729324,0
1506455761,22329089,3911.99,0.07918362,0
1506455755,22329083,3911.99,0.04199190,0
1506455755,22329082,3911.98,0.09858000,0
1506455750,22329075,3908.26,0.25783631,1
1506455742,22329057,3911.99,0.03748190,0
1506455741,22329056,3908.26,0.09858000,1
1506455715,22329050,3911.99,0.23719449,0
1506455713,22329049,3911.99,0.45140000,0
1506455694,22329033,3911.99,0.01002000,0
1506455672,22329017,3908.26,0.36090000,1
1506455672,22329016,3911.99,0.99900000,0
1506455642,22329005,3908.25,0.50000000,1
1506455628,22329000,3911.99,0.00458235,0
1506455608,22328992,3911.99,0.01511000,0
1506455601,22328988,3911.99,0.07100000,0
1506455601,22328987,3911.19,0.02900000,0
1506455573,22328963,3910.22,0.01178156,0
1506455572,22328962,3910.22,0.01247823,0
1506455572,22328961,3910.22,0.01252804,0
1506455571,22328960,3910.22,0.01321217,0
1506455570,22328959,3910.22,0.09735472,0
1506455556,22328956,3910.00,0.01235799,0
1506455553,22328955,3910.00,0.76655281,1
1506455553,22328954,3910.01,4.00000000,1
1506455553,22328953,3910.01,0.50600000,1
1506455546,22328952,3911.99,0.25020034,0
1506455546,22328951,3911.98,0.07119966,0
1506455537,22328949,3911.99,0.42924360,0
1506455482,22328902,3915.00,0.02500000,0
1506455462,22328880,3916.05,0.11717163,0
1506455456,22328871,3916.08,0.38045759,0
1506455453,22328867,3916.10,0.14395457,0
1506455445,22328855,3913.67,0.21515423,1
1506455445,22328853,3915.06,0.01352000,1
1506455445,22328852,3915.07,0.31122577,1
1506455433,22328837,3916.21,0.02248895,0
1506455432,22328835,3916.21,0.15039342,0
1506455425,22328823,3916.21,0.48562373,0
1506455424,22328821,3915.06,0.04412471,0
1506455424,22328820,3915.05,0.92061514,0
1506455424,22328819,3915.05,0.09414286,0
1506455424,22328818,3915.05,0.11650946,0
1506455385,22328752,3915.06,0.00287529,0
1506455371,22328744,3909.64,0.02400268,1
1506455348,22328718,3915.05,1.74605488,0
1506455326,22328707,3909.81,0.75700000,1
1506455326,22328706,3909.89,1.74300000,1
1506455311,22328651,3909.84,0.02563509,1
1506455270,22328595,3916.61,0.03747646,0
1506455238,22328473,3914.88,0.03681706,1
1506455236,22328472,3914.88,0.05300000,0
1506455207,22328442,3908.95,0.01000000,1
1506455206,22328440,3916.62,0.01370185,0
1506455198,22328429,3916.66,1.19707321,0
1506455198,22328428,3916.61,0.33454724,0
1506455197,22328427,3914.25,0.16100000,0
1506455197,22328426,3914.25,0.03717662,0
1506455170,22328393,3914.25,0.01682338,0
1506455166,22328389,3916.27,0.01500000,0
1506455165,22328384,3916.27,0.50000000,0
1506455163,22328383,3916.25,0.00441100,0
1506455152,22328372,3908.16,0.23683552,1
1506455141,22328348,3916.50,0.04316224,0
1506455130,22328329,3914.79,0.15593000,0
1506455130,22328327,3913.95,0.16100000,0
1506455130,22328325,3913.95,0.03900000,0
1506455118,22328224,3913.95,0.04000000,0
1506455111,22328189,3916.26,0.54344416,0
1506455110,22328188,3916.26,0.02755054,0
1506455109,22328181,3907.69,0.16129959,0
1506455108,22328178,3916.27,0.02755047,1
1506455108,22328173,3916.51,0.22251032,0
1506455099,22328105,3907.72,0.15773711,1
1506455096,22328090,3916.30,0.01729000,0
1506455095,22328088,3911.30,0.05848254,0
1506455093,22328079,3916.32,0.01477152,0
1506455088,22328028,3913.26,0.16514902,0
1506455088,22328026,3912.89,0.00485098,0
1506455085,22327994,3912.88,0.07082985,0
1506455082,22327962,3907.72,0.01509832,1
1506455071,22327860,3912.89,0.06414902,0
1506455030,22327820,3911.30,0.03932758,0
1506455026,22327816,3911.30,0.17449402,0
1506454989,22327762,3911.30,0.01194000,0
1506454975,22327740,3914.14,2.39106806,0
1506454972,22327733,3913.83,0.01360970,0
1506454971,22327732,3914.15,0.01360970,0
1506454971,22327731,3914.15,0.01021232,0
1506454970,22327728,3914.15,0.05978768,0
1506454968,22327725,3913.81,0.01170746,0
1506454968,22327723,3913.81,1.40018399,0
1506454968,22327721,3913.81,0.01360713,0
1506454967,22327720,3913.81,0.01360713,0
1506454967,22327719,3913.81,0.01360456,0
1506454966,22327718,3913.83,0.01360720,0
1506454966,22327717,3913.83,0.01360713,0
1506454965,22327714,3913.84,0.00323961,0
1506454950,22327699,3913.93,0.00407000,0
1506454940,22327689,3913.98,0.01360751,0
1506454939,22327685,3913.98,0.01358027,0
1506454939,22327684,3913.98,0.01360493,0
1506454938,22327683,3913.98,0.01360751,0
1506454938,22327682,3913.98,0.01359092,0
1506454938,22327680,3913.98,0.01360751,0
1506454937,22327678,3914.00,0.01360751,0
1506454937,22327677,3914.00,0.01360751,0
1506454936,22327674,3913.99,0.01357769,0
1506454934,22327670,3913.99,0.01416694,0
1506454929,22327661,3914.02,0.02771302,0
1506454924,22327646,3914.04,0.59890139,1
1506454923,22327645,3914.04,0.02658126,0
1506454918,22327623,3914.06,0.09863218,0
1506454913,22327612,3911.33,0.11298098,0
1506454912,22327605,3913.00,0.00515608,1
1506454911,22327603,3911.34,0.00471000,0
1506454910,22327595,3907.67,0.01500000,1
1506454870,22327368,3911.70,0.08829000,1
1506454853,22327302,3907.68,0.02746000,1
1506454852,22327300,3907.69,0.06221578,0
1506454850,22327297,3907.68,0.00666000,0
1506454850,22327295,3907.68,0.23034000,0
1506454849,22327294,3907.68,0.16831452,0
1506454849,22327291,3907.68,0.06202248,0
1506454830,22327272,3907.66,0.40000000,1
1506454823,22327267,3907.67,1.41892000,0
1506454822,22327266,3907.67,0.08208000,1
1506454812,22327250,3907.67,0.99900000,0
1506454799,22327203,3907.69,0.29773700,1
1506454796,22327195,3907.00,2.00000000,1
1506454793,22327182,3916.46,1.00000000,0
1506454791,22327177,3916.48,0.25700000,0
1506454791,22327176,3916.47,0.74300000,0
1506454790,22327175,3907.64,0.23683431,1
1506454789,22327174,3916.47,1.00000000,0
1506454786,22327172,3916.49,1.00000000,0
1506454786,22327171,3916.49,0.03688276,0
1506454784,22327168,3916.80,1.00000000,0
1506454778,22327162,3914.69,0.02077100,1
1506454775,22327154,3914.64,0.74300000,0
1506454773,22327150,3914.64,1.00000000,0
1506454771,22327147,3914.69,1.00000000,0
1506454764,22327139,3911.72,0.01476300,1
1506454763,22327134,3911.72,0.08300000,0
1506454759,22327131,3908.13,0.07673108,1
1506454755,22327130,3908.12,0.04354287,0
1506454746,22327125,3904.65,0.09450000,0
1506454744,22327121,3904.65,0.00750000,0
1506454739,22327116,3904.18,0.03441193,0
1506454693,22326974,3904.18,0.01191000,0
1506454689,22326969,3904.18,0.01461077,0
1506454683,22326964,3904.18,0.06768900,0
1506454644,22326897,3901.21,0.05872445,1
1506454636,22326870,3904.18,0.11378475,0
1506454631,22326849,3904.18,0.37059355,0
1506454631,22326848,3902.20,0.12940645,0
1506454629,22326846,3901.70,0.10000000,1
1506454627,22326845,3907.97,0.51238419,0
1506454609,22326820,3907.96,0.50000000,0
1506454591,22326810,3908.12,0.08821989,0
1506454581,22326804,3908.07,0.01874119,0
1506454565,22326796,3907.62,0.07217000,1
1506454564,22326795,3907.61,0.10625000,0
1506454563,22326794,3906.72,0.05872445,0
1506454557,22326787,3908.12,0.00612571,0
1506454546,22326766,3908.09,1.27695276,0
1506454534,22326696,3908.12,0.02998602,0
1506454515,22326686,3908.11,1.87098103,1
1506454515,22326685,3908.11,0.00842307,1
1506454513,22326683,3908.11,0.03684800,1
1506454508,22326679,3908.12,0.01475192,0
1506454507,22326678,3906.72,0.03685000,1
1506454503,22326677,3908.12,0.01737359,0
1506454503,22326676,3906.73,0.01207641,0
1506454503,22326675,3906.72,0.03684300,1
1506454469,22326665,3906.73,0.01342334,0
1506454467,22326664,3906.72,0.49047090,1
1506454465,22326663,3906.73,0.03955962,0
1506454458,22326661,3906.70,0.01958400,0
1506454442,22326652,3900.00,1.04383853,0
1506454441,22326651,3900.00,0.50700000,0
1506454440,22326650,3900.00,0.50700000,0
1506454440,22326649,3900.00,0.50800000,0
1506454440,22326648,3900.00,2.00000000,0
1506454439,22326647,3900.90,7.11365800,1
1506454439,22326646,3901.07,7.53100000,1
1506454439,22326645,3901.08,0.18000000,1
1506454439,22326644,3902.89,0.03225904,1
1506454439,22326643,3902.89,0.13061300,1
1506454438,22326642,3902.89,0.44663143,1
1506454406,22326631,3906.73,0.01416559,0
1506454406,22326630,3906.63,0.01999983,0
1506454406,22326629,3906.61,0.00999983,0
1506454397,22326622,3906.65,0.00649137,0
1506454396,22326620,3903.86,0.00842307,0
1506454395,22326619,3903.87,1.99157693,1
1506454392,22326611,3903.87,1.19723523,1
1506454392,22326610,3906.67,0.80276477,1
1506454391,22326609,3906.67,0.00999983,1
1506454389,22326608,3903.91,1.19379731,1
1506454389,22326606,3903.94,0.80620269,1
1506454387,22326604,3903.87,2.00000000,1
1506454383,22326598,3906.73,0.02349023,0
1506454382,22326597,3903.87,1.95447784,1
1506454382,22326596,3906.62,0.04552216,1
1506454368,22326589,3906.63,0.03026139,1
1506454333,22326578,3906.62,0.01138660,1
1506454330,22326577,3906.62,0.01900000,1
1506454329,22326576,3906.62,0.00252900,1
1506454306,22326562,3906.62,0.01267400,1
1506454303,22326560,3906.62,0.05032000,1
1506454301,22326554,3906.62,0.01995000,1
1506454301,22326553,3906.73,0.05028481,0
1506454299,22326550,3906.65,0.02605646,0
1506454287,22326545,3906.65,0.00942307,0
1506454286,22326544,3906.65,0.03113506,0
1506454282,22326518,3906.62,0.01473200,1
1506454282,22326516,3906.62,0.00512828,1
1506454281,22326514,3906.62,0.02567029,1
1506454281,22326509,3906.62,0.13640822,1
1506454272,22326492,3906.62,0.06742880,1
1506454263,22326470,3906.65,0.00442200,0
1506454259,22326456,3906.62,0.06365473,0
1506454256,22326446,3906.62,0.03431023,0
1506454252,22326441,3906.64,0.72440832,0
1506454240,22326391,3902.89,0.01964606,1
1506454240,22326385,3902.89,0.76200000,1
1506454239,22326375,3904.28,0.07100818,0
1506454238,22326369,3902.89,0.27959623,0
1506454237,22326366,3902.89,0.16721386,0
1506454235,22326357,3898.67,0.01964606,1
1506454235,22326353,3902.89,0.08221583,0
1506454234,22326351,3902.89,0.00779983,0
1506454233,22326346,3902.89,0.00519983,0
1506454233,22326345,3902.89,0.00942297,0
1506454232,22326334,3902.89,0.09449879,1
1506454232,22326333,3904.39,0.11905266,1
1506454227,22326298,3902.88,0.02949675,0
1506454227,22326291,3906.65,0.05946341,0
1506454223,22326274,3902.89,0.06100366,0
1506454222,22326270,3902.89,0.03353293,0
1506454221,22326267,3894.82,1.23457135,1
1506454221,22326263,3895.83,0.06023494,1
1506454220,22326256,3902.89,0.05946341,0
1506454217,22326228,3895.83,0.00045259,0
1506454217,22326225,3895.83,0.05978672,0
1506454212,22326190,3895.83,0.09076069,0
1506454211,22326189,3894.16,0.01236942,0
1506454211,22326187,3894.16,0.00663058,0
1506454211,22326185,3894.16,0.05283283,0
1506454210,22326182,3894.16,0.02700000,0
1506454209,22326171,3894.16,0.06045966,0
1506454209,22326164,3894.16,0.08233793,0
1506454208,22326159,3894.16,0.28236958,0
1506454208,22326157,3894.16,0.09024942,0
1506454208,22326155,3894.16,0.13999398,0
1506454208,22326154,3894.16,0.12545134,0
1506454208,22326153,3894.16,0.15030526,0
1506454208,22326152,3894.16,0.29664354,0
1506454206,22326143,3894.16,0.08235646,0
1506454206,22326141,3894.16,0.29025800,0
1506454205,22326125,3894.16,0.08236021,0
1506454202,22326110,3894.16,0.08238179,0
1506454202,22326097,3893.10,0.02050000,1
1506454201,22326089,3896.44,0.01772436,0
1506454199,22326073,3893.10,0.99534017,1
1506454199,22326069,3893.15,0.00465983,1
1506454197,22326048,3894.16,0.12966304,0
1506454197,22326043,3893.10,0.87432852,1
1506454197,22326039,3894.18,0.12567148,1
1506454196,22326032,3894.66,0.00038838,0
1506454196,22326028,3894.16,0.01999983,0
1506454196,22326024,3893.17,0.10314718,0
1506454196,22326021,3893.17,0.01985282,0
1506454194,22326009,3893.17,0.12300000,1
1506454192,22325983,3893.10,1.00000000,1
1506454189,22325956,3894.18,0.08234023,0
1506454186,22325930,3894.18,0.10140725,0
1506454182,22325922,3893.10,0.17632888,1
1506454181,22325921,3893.10,0.74679245,1
1506454181,22325920,3893.10,0.55827799,1
1506454181,22325919,3894.17,0.19417231,1
1506454181,22325918,3894.18,0.74549579,1
1506454180,22325917,3898.38,1.00000000,0
1506454166,22325907,3898.38,1.27558015,0
1506454161,22325905,3893.80,0.04372895,1
1506454148,22325902,3904.71,0.74549579,0
1506454143,22325898,3904.74,0.00427900,0
1506454131,22325869,3893.64,0.21368874,1
1506454131,22325868,3893.64,0.21135245,1
1506454130,22325867,3893.64,0.03003647,0
1506454130,22325866,3893.64,0.71411104,0
1506454128,22325865,3893.63,0.01900000,1
1506454128,22325864,3893.11,0.22592849,1
1506454128,22325863,3893.63,0.50800000,1
1506454128,22325862,3893.63,0.50600000,1
1506454128,22325861,3893.63,0.50500000,1
1506454127,22325860,3904.95,0.71338676,0
1506454127,22325859,3893.66,0.06947531,0
1506454125,22325858,3893.66,0.21135353,1
1506454124,22325856,3893.09,0.01804799,1
1506454117,22325847,3905.06,0.76168927,0
1506454117,22325846,3902.10,0.19400000,0
1506454117,22325845,3902.09,0.50700000,0
1506454117,22325844,3902.09,0.23400000,0
1506454117,22325843,3902.09,0.33600000,0
1506454116,22325842,3902.09,0.02688226,0
1506454114,22325841,3893.63,0.02652060,1
1506454105,22325820,3893.30,0.02300000,1
1506454094,22325816,3895.42,0.23410036,1
1506454080,22325809,3895.28,0.33560646,1
1506454080,22325808,3895.29,0.50700000,1
1506454080,22325807,3895.32,0.50500000,1
1506454079,22325806,3895.33,0.76870645,1
1506454072,22325798,3905.04,1.71300000,0
1506454068,22325796,3895.29,0.02688226,1
1506454066,22325794,3906.65,0.73799694,0
1506454065,22325793,3906.67,0.99945224,0
1506454057,22325784,3895.26,0.04900306,1
1506454051,22325777,3893.08,0.16053576,1
1506454050,22325776,3897.30,0.55908157,1
1506454050,22325775,3897.30,0.28038267,1
1506454048,22325770,3893.08,1.00000000,1
1506454047,22325768,3892.61,0.10000000,0
1506454046,22325767,3891.00,0.13641212,1
1506454044,22325764,3891.00,0.47794503,1
1506454044,22325763,3891.00,0.94500000,1
1506454044,22325762,3901.92,2.50000000,1
1506454043,22325760,3909.10,1.59272159,1
1506454042,22325759,3907.09,0.39400000,0
1506454042,22325758,3900.03,0.19437283,0
1506454042,22325757,3892.83,0.01418528,0
1506454041,22325755,3892.83,0.01141472,0
1506454041,22325753,3890.84,0.14000000,1
1506454040,22325752,3890.84,1.00000000,1
1506454040,22325748,3890.84,0.50600000,1
1506454039,22325746,3900.03,0.05848131,0
1506454039,22325744,3890.84,0.50700000,1
1506454038,22325743,3890.84,0.50800000,1
1506454038,22325742,3890.84,0.50800000,0
1506454038,22325741,3890.84,0.81278139,0
1506454037,22325739,3890.87,0.18721861,1
1506454037,22325738,3890.87,1.00000000,0
1506454037,22325737,3890.87,0.07520788,0
1506454037,22325735,3890.87,0.10063153,0
1506454037,22325734,3890.87,0.37994198,0
1506454035,22325730,3900.03,0.07000000,0
1506454034,22325729,3910.73,0.01114586,1
1506454033,22325728,3890.69,0.57425074,1
1506454033,22325725,3892.61,0.77877006,1
1506454033,22325724,3892.61,0.36447185,1
1506454032,22325723,3892.61,0.17954219,1
1506454032,22325720,3892.61,0.04297312,1
1506454032,22325719,3892.61,0.16980345,1
1506454032,22325718,3910.73,0.10044389,1
1506454032,22325717,3910.73,0.07434499,1
1506454031,22325714,3909.79,0.03656912,0
1506454031,22325712,3892.61,5.11915932,1
1506454030,22325711,3895.77,0.47084068,1
1506454030,22325710,3895.77,1.00000000,1
1506454030,22325708,3890.84,0.16990131,0
1506454029,22325706,3890.84,0.08018353,0
1506454029,22325705,3890.84,0.10239670,0
1506454029,22325703,3890.84,0.33451313,0
1506454029,22325701,3890.84,0.38785745,0
1506454029,22325700,3890.84,0.50600000,0
1506454029,22325699,3890.84,0.32028182,0
1506454029,22325698,3890.84,0.18671818,0
1506454029,22325697,3890.84,0.01231786,0
1506454027,22325694,3890.82,0.14074926,1
1506454027,22325693,3890.82,0.50800000,1
1506454027,22325692,3890.82,0.35125074,1
1506454023,22325683,3890.80,0.15674926,0
1506454022,22325681,3890.79,0.16968997,0
1506454020,22325679,3890.80,0.02000000,1
1506454020,22325678,3890.84,0.49775401,1
1506454019,22325677,3890.84,0.49775401,1
1506454019,22325674,3890.84,0.03225356,1
1506454019,22325673,3890.84,1.04564989,1
1506454019,22325672,3890.84,0.15035116,1
1506454019,22325671,3890.84,1.59264884,1
1506454019,22325670,3896.70,0.79844709,1
1506454018,22325667,3896.70,0.20155291,1
1506454017,22325661,3896.70,1.00000000,1
1506454014,22325653,3900.97,0.49310000,1
1506454014,22325652,3900.97,1.00000000,1
1506454013,22325649,3900.97,1.00000000,1
1506454010,22325644,3896.70,0.01086739,0
1506454010,22325643,3896.70,0.00433913,0
1506454004,22325638,3895.00,0.38810000,0
1506454003,22325636,3895.00,0.00690000,0
1506454001,22325634,3897.99,1.71888791,0
1506454000,22325632,3897.99,0.13015563,0
1506454000,22325630,3896.71,1.00000000,0
1506454000,22325628,3896.71,1.00000000,0
1506454000,22325627,3896.71,0.07071865,0
1506454000,22325626,3896.71,0.03208400,0
1506453999,22325623,3896.70,0.45012845,1
1506453998,22325622,3895.00,2.93703128,0
1506453998,22325621,3890.37,0.42115051,1
1506453997,22325619,3890.37,1.15283801,1
1506453997,22325617,3890.37,0.11406762,1
1506453997,22325616,3890.37,0.13985859,1
1506453997,22325615,3890.37,0.08450026,1
1506453997,22325614,3891.79,0.11457304,1
1506453996,22325610,3891.79,0.05552696,1
1506453996,22325609,3892.70,0.00206075,1
1506453996,22325608,3893.55,0.05123859,1
1506453995,22325606,3894.44,0.03329619,1
1506453995,22325604,3895.00,0.05695081,1
1506453995,22325602,3895.00,0.04304919,1
1506453993,22325592,3896.69,0.05855702,1
1506453993,22325589,3896.69,0.10274619,1
1506453993,22325586,3896.69,0.23341868,1
1506453991,22325572,3896.71,0.05827812,0
1506453991,22325571,3896.71,0.20876360,0
1506453986,22325567,3896.69,1.59199346,1
1506453984,22325563,3896.73,0.24791780,1
1506453984,22325562,3896.73,0.75208220,1
1506453984,22325561,3898.30,0.41405600,0
1506453981,22325558,3897.29,0.13049800,0
1506453980,22325553,3898.29,0.25997647,0
1506453979,22325552,3896.73,0.49711709,1
1506453977,22325549,3896.73,0.35417039,1
1506453976,22325547,3896.73,0.13963032,1
1506453975,22325546,3897.30,0.77569767,1
1506453972,22325541,3897.29,0.03492601,1
1506453972,22325540,3897.29,2.38705889,1
1506453972,22325539,3898.30,0.05885129,1
1506453970,22325535,3899.97,0.11765475,0
1506453969,22325533,3897.27,0.05857274,1
1506453969,22325531,3896.71,0.20095845,1
1506453968,22325530,3896.71,0.19045664,1
1506453968,22325529,3896.71,0.32396915,1
1506453968,22325528,3896.71,0.09163220,1
1506453967,22325518,3899.97,0.05880589,0
1506453966,22325514,3900.00,0.10000000,1
1506453966,22325513,3900.71,0.13934837,1
1506453965,22325506,3901.69,0.09130391,1
1506453965,22325505,3901.74,0.05879941,1
1506453965,22325503,3901.74,0.00570000,0
1506453964,22325501,3901.69,0.10919734,1
1506453964,22325496,3901.74,0.14000000,0
1506453963,22325486,3902.05,0.92932331,1
1506453963,22325485,3902.05,0.85555662,1
1506453961,22325477,3904.99,1.24546523,0
1506453960,22325475,3904.99,2.50000000,0
1506453960,22325474,3902.25,1.57434386,1
1506453960,22325473,3902.22,0.03622332,0
1506453959,22325472,3902.22,0.38621071,1
1506453959,22325471,3904.99,0.00237006,0
1506453959,22325470,3902.22,0.04077479,1
1506453959,22325469,3902.22,0.01168972,1
1506453959,22325468,3902.22,0.75181418,1
1506453958,22325466,3902.22,0.29233019,1
1506453958,22325464,3902.22,1.59051850,1
1506453957,22325462,3902.22,0.07378824,1
1506453957,22325460,3902.23,0.23636300,1
1506453956,22325455,3902.22,0.50958880,1
1506453956,22325454,3902.22,0.08331363,1
1506453956,22325453,3902.22,0.64819715,1
1506453956,22325452,3902.22,1.11177409,1
1506453953,22325434,3904.34,0.54683735,1
1506453950,22325416,3903.37,0.45183475,1
1506453949,22325407,3905.00,0.07789133,1
1506453948,22325406,3905.00,0.02330867,1
1506453948,22325405,3905.00,0.10000000,1
1506453948,22325404,3905.00,0.09062996,1
1506453948,22325403,3906.00,0.02591925,1
1506453948,22325402,3906.00,0.03213536,1
1506453947,22325399,3906.00,0.01791455,1
1506453947,22325398,3906.00,0.05597316,1
1506453947,22325397,3906.00,0.23513200,1
1506453944,22325386,3906.00,0.04039580,1
1506453942,22325382,3906.00,0.04050210,1
1506453941,22325378,3906.01,2.38172376,1
1506453940,22325377,3906.01,0.02980825,1
1506453940,22325376,3908.29,0.21291253,1
1506453940,22325374,3908.29,0.04825101,1
1506453940,22325373,3908.29,0.24683646,1
1506453938,22325364,3909.79,0.02000239,0
1506453936,22325354,3908.00,0.23376300,1
1506453935,22325351,3910.88,0.03421676,0
1506453935,22325349,3910.88,0.01633133,0
1506453935,22325348,3910.88,0.03208705,0
1506453935,22325347,3910.88,0.03469140,0
1506453932,22325332,3910.88,0.03928149,1
1506453931,22325322,3910.00,0.07806005,0
1506453930,22325317,3910.00,0.23693714,0
1506453929,22325309,3910.00,0.00295423,1
1506453929,22325307,3911.07,4.00000000,1
1506453929,22325306,3913.48,0.11724858,1
1506453928,22325297,3915.30,0.23684459,0
1506453927,22325291,3916.86,0.59847173,1
1506453927,22325288,3916.79,0.16968997,0
1506453926,22325283,3913.48,0.33301781,1
1506453926,22325279,3913.48,0.02342990,0
1506453926,22325276,3912.17,0.02601117,1
1506453925,22325270,3912.17,0.22955741,1
1506453924,22325265,3912.17,0.45254318,0
1506453924,22325260,3912.17,0.05245682,1
1506453923,22325251,3912.00,0.14518500,1
1506453923,22325246,3912.00,0.40157000,0
1506453922,22325241,3912.00,0.01097493,0
1506453921,22325236,3911.06,0.07584271,1
1506453921,22325235,3912.00,0.02345217,0
1506453921,22325232,3912.00,0.96557290,1
1506453920,22325229,3913.07,0.02345217,0
1506453919,22325222,3914.30,0.18719765,1
1506453918,22325220,3914.30,1.00000000,1
1506453918,22325219,3914.30,0.02339428,0
1506453917,22325218,3912.00,0.03442710,1
1506453917,22325215,3912.17,0.08120000,0
1506453916,22325210,3912.17,0.23699828,0
1506453915,22325207,3912.50,0.11727795,1
1506453914,22325203,3912.50,0.02345559,0
1506453911,22325190,3912.50,0.05863769,0
1506453909,22325182,3914.00,0.05861522,0
1506453908,22325178,3914.00,0.01031106,1
1506453908,22325173,3914.00,0.01313298,0
1506453907,22325172,3914.00,0.00016702,1
1506453907,22325169,3914.00,0.23684626,0
1506453907,22325168,3914.00,0.08800000,0
1506453906,22325165,3914.00,0.23701584,0
1506453906,22325164,3914.00,0.21528690,0
1506453906,22325163,3914.00,0.02172894,0
1506453905,22325159,3914.00,0.02344486,0
1506453905,22325157,3914.00,0.95482620,1
1506453900,22325146,3914.00,0.04517380,1
1506453897,22325138,3914.30,0.02398903,1
1506453895,22325135,3914.30,0.01811150,1
1506453895,22325133,3914.30,0.03000000,1
1506453892,22325127,3915.55,0.50500000,1
1506453880,22325101,3916.37,0.22846100,1
1506453878,22325099,3916.37,0.22846100,1
1506453877,22325097,3917.05,0.04114000,1
1506453877,22325096,3917.05,0.04043100,1
1506453876,22325095,3917.05,0.04161148,1
1506453876,22325094,3922.68,0.05848552,1
1506453874,22325090,3922.68,1.08266762,0
1506453874,22325089,3919.00,0.12520600,0
1506453873,22325086,3917.05,0.02702800,1
1506453872,22325082,3922.73,0.11700780,0
1506453871,22325077,3922.73,0.23648836,0
1506453870,22325072,3922.73,0.02339442,0
1506453869,22325069,3922.73,0.11697210,0
1506453869,22325066,3914.31,0.02335789,1
1506453869,22325062,3922.73,0.05848477,0
1506453867,22325057,3922.73,0.02339442,0
1506453867,22325052,3914.33,1.69708551,1
1506453866,22325050,3919.00,0.15449563,1
1506453866,22325045,3919.00,0.10360374,0
1506453866,22325044,3919.00,0.20219140,0
1506453866,22325043,3919.00,0.13785416,0
1506453861,22325034,3918.10,0.11712126,0
1506453860,22325032,3918.93,1.20904175,1
1506453860,22325031,3918.93,0.59815306,0
1506453859,22325029,3918.93,0.05854148,0
1506453859,22325028,3918.93,0.02341710,1
1506453858,22325026,3918.21,0.11710704,0
1506453857,22325022,3918.11,0.19033921,1
1506453857,22325021,3917.93,0.01772852,0
1506453856,22325016,3917.35,0.02870509,1
1506453856,22325013,3917.93,0.00762179,1
1506453855,22325011,3919.00,0.23671344,1
1506453855,22325008,3919.00,0.15980352,1
1506453854,22325005,3917.35,0.05459262,0
1506453854,22325002,3917.34,0.22918826,0
1506453853,22324999,3916.66,0.38400000,0
1506453852,22324992,3917.33,0.02342661,0
1506453850,22324987,3917.34,0.06581174,0
1506453850,22324986,3917.34,0.17100000,0
1506453849,22324984,3917.34,0.02342661,0
1506453848,22324982,3917.34,0.05856525,0
1506453846,22324978,3917.34,0.05856525,0
1506453844,22324976,3917.34,0.23683673,0
1506453835,22324961,3912.08,0.04174000,1
1506453832,22324959,3912.07,0.07000000,1
1506453828,22324922,3914.30,0.01560827,0
1506453827,22324918,3912.07,0.13340625,1
1506453826,22324916,3912.05,0.11710000,1
1506453824,22324914,3912.05,0.22723100,1
1506453823,22324912,3911.54,0.01554514,1
1506453822,22324909,3912.04,0.23077600,1
1506453822,22324905,3912.04,0.11975700,1
1506453817,22324896,3912.85,0.02345349,1
1506453816,22324895,3912.14,0.09717449,0
1506453815,22324888,3914.18,0.02687621,1
1506453813,22324879,3917.35,0.02342655,0
1506453812,22324872,3916.54,0.05860000,1
1506453811,22324868,3917.35,0.05856510,0
1506453811,22324859,3917.35,0.16341573,1
1506453810,22324857,3917.35,0.07339742,1
1506453810,22324856,3917.35,0.02044003,1
1506453810,22324854,3917.35,0.09669017,1
1506453809,22324848,3916.19,0.02345094,1
1506453809,22324845,3916.19,0.13010800,1
1506453808,22324843,3912.85,0.01617939,0
1506453807,22324839,3912.85,0.02345349,0
1506453806,22324836,3912.85,0.05854044,0
1506453806,22324826,3911.95,0.04431687,0
1506453805,22324824,3912.89,0.02345325,1
1506453805,22324822,3917.04,0.10091588,1
1506453804,22324810,3917.03,0.03548412,0
1506453804,22324809,3912.89,0.05860000,0
