date,tid,price,amount,type
1506470439,22339692,0.07450384,4.72355961,1
1506470438,22339691,0.07441000,5.98054294,1
1506470437,22339690,0.07441000,0.41653867,0
1506470283,22339588,0.07441000,0.00013048,0
1506470282,22339584,0.07439900,0.20194452,1
1506470281,22339583,0.07439900,0.45000000,0
1506469789,22339429,0.07430000,0.33395300,1
1506469622,22339349,0.07430000,0.49990754,1
1506469554,22339329,0.07430000,1.19289368,0
1506469554,22339327,0.07430000,0.00000028,0
1506469543,22339325,0.07425045,0.32032984,1
1506469539,22339319,0.07429974,1.86220000,0
1506469538,22339318,0.07429974,0.50000000,0
1506469532,22339316,0.07429974,0.14884500,0
1506469527,22339315,0.07429987,10.00000000,0
1506469520,22339312,0.07429987,1.86220100,0
1506469510,22339310,0.07429987,1.86160000,0
1506469506,22339309,0.07429987,1.86160000,0
1506469493,22339308,0.07429987,1.86130000,0
1506469453,22339305,0.07429987,0.50000000,0
1506469451,22339304,0.07430000,0.49999972,0
1506469451,22339303,0.07430000,0.58326313,0
1506469451,22339302,0.07429000,0.41666915,0
1506469431,22339296,0.07428987,3.93835600,0
1506469384,22339289,0.07429945,0.50000000,0
1506469330,22339281,0.07429973,1.85960000,0
1506469297,22339271,0.07429987,0.50000000,0
1506469261,22339260,0.07430000,0.00006772,1
1506469207,22339243,0.07430000,0.30695828,1
1506469206,22339242,0.07430000,0.69297400,1
1506469206,22339241,0.07430000,0.19296100,1
1506469202,22339236,0.07430000,0.30703900,1
1506469186,22339224,0.07422917,3.48655000,1
1506469186,22339222,0.07422917,0.20142858,1
1506469186,22339221,0.07422917,0.20142858,1
1506469185,22339220,0.07422917,0.61052561,1
1506469171,22339209,0.07430000,0.50000000,1
1506469128,22339188,0.07437189,2.59658200,0
1506469125,22339185,0.07437189,0.09500000,0
1506468902,22339112,0.07437230,3.50000000,0
1506468723,22339084,0.07438110,0.19570900,0
1506468466,22338971,0.07430847,2.89509600,0
1506468458,22338967,0.07430889,2.78341400,0
1506468423,22338963,0.07430986,0.21988900,0
1506468423,22338962,0.07430000,0.20160000,0
1506468373,22338957,0.07430499,3.31803983,0
1506468365,22338956,0.07424000,0.14685200,0
1506468365,22338955,0.07423999,0.54131764,0
1506468364,22338954,0.07423999,7.70386183,0
1506468364,22338953,0.07423999,0.14250305,0
1506468288,22338940,0.07412202,1.98381446,1
1506468268,22338937,0.07431656,0.40224100,0
1506468267,22338936,0.07431657,2.21861700,0
1506468246,22338913,0.07425999,0.13441600,0
1506468190,22338889,0.07411868,13.73532500,1
1506468171,22338879,0.07423997,2.09089700,0
1506468165,22338875,0.07413501,0.95605200,1
1506468160,22338867,0.07414700,0.59046700,1
1506468159,22338865,0.07414700,2.91011100,1
1506468155,22338858,0.07414700,0.59845886,1
1506468154,22338856,0.07416001,26.13301279,1
1506468154,22338855,0.07419858,0.54138815,1
1506468154,22338854,0.07420000,0.04866616,1
1506468151,22338839,0.07420000,0.45133384,1
1506468137,22338824,0.07419858,0.22999500,1
1506468126,22338822,0.07420000,0.72995500,1
1506468126,22338821,0.07420000,0.27004500,1
1506468091,22338810,0.07430987,10.00000000,0
1506468067,22338798,0.07420000,0.22995500,1
1506467994,22338779,0.07419858,0.64528600,1
1506467994,22338778,0.07420000,0.20160000,1
1506467912,22338753,0.07430000,0.16115300,0
1506467904,22338752,0.07430987,2.68644200,0
1506467885,22338748,0.07432299,2.23810168,0
1506467884,22338747,0.07423000,0.18669132,0
1506467882,22338742,0.07423000,0.50000000,0
1506467702,22338697,0.07423000,0.72949256,0
1506467702,22338695,0.07421762,0.68669144,0
1506467694,22338689,0.07422000,0.21347400,0
1506467693,22338686,0.07421996,0.40000000,0
1506467642,22338673,0.07421765,0.59112754,0
1506467641,22338672,0.07421762,1.90887246,0
1506467439,22338550,0.07413000,4.98000000,0
1506467428,22338546,0.07421990,0.38913471,0
1506467427,22338545,0.07412500,4.95126100,0
1506467427,22338544,0.07412500,0.04873900,0
1506467427,22338543,0.07403028,0.34993100,0
1506467272,22338487,0.07402000,0.12107000,0
1506467271,22338484,0.07402000,0.08093000,0
1506467213,22338459,0.07403031,0.40465200,1
1506467203,22338457,0.07410000,0.29978629,1
1506467198,22338451,0.07410000,0.20021371,1
1506467193,22338450,0.07404000,0.20200000,1
1506467157,22338442,0.07400039,0.41678856,1
1506467152,22338441,0.07418397,1.68840646,0
1506467152,22338440,0.07406900,0.58313454,0
1506467133,22338438,0.07409200,0.18669144,1
1506467133,22338437,0.07410000,0.24384195,1
1506467132,22338436,0.07410000,0.15267805,1
1506467128,22338435,0.07421997,9.63780200,0
1506467118,22338432,0.07419695,0.92381610,0
1506467117,22338431,0.07410000,0.10348000,1
1506467116,22338430,0.07410005,0.89652000,1
1506467105,22338428,0.07410005,2.98570800,0
1506467046,22338403,0.07409200,0.50000000,1
1506467046,22338402,0.07410000,0.19814213,1
1506467042,22338399,0.07410000,0.12459367,1
1506467036,22338396,0.07410000,0.17726420,1
1506467017,22338392,0.07409200,0.30864422,1
1506467016,22338391,0.07409201,0.69135578,1
1506466983,22338377,0.07421400,1.63607000,1
1506466963,22338371,0.07415700,2.35776800,0
1506466962,22338370,0.07415700,0.93963386,0
1506466962,22338369,0.07415000,0.20180000,0
1506466956,22338366,0.07415800,0.75169900,0
1506466955,22338364,0.07415800,0.95462700,0
1506466949,22338348,0.07400008,0.47086688,1
1506466948,22338347,0.07416500,5.00000000,0
1506466947,22338346,0.07400008,0.52913312,1
1506466937,22338337,0.07400005,0.47086688,1
1506466928,22338329,0.07409200,1.10753966,1
1506466928,22338328,0.07410000,0.82050000,1
1506466925,22338319,0.07410000,0.17950000,1
1506466923,22338317,0.07410001,0.23253558,1
1506466921,22338314,0.07405601,0.50000000,0
1506466903,22338295,0.07400003,3.36456000,0
1506466901,22338288,0.07406800,5.00000000,1
1506466900,22338287,0.07407000,0.30800000,1
1506466900,22338286,0.07408000,0.20180000,1
1506466897,22338280,0.07410000,0.40529153,1
1506466896,22338279,0.07410000,0.09470847,1
1506466883,22338275,0.07422000,3.40651600,0
1506466877,22338272,0.07410001,1.00000000,1
1506466877,22338271,0.07422000,11.59115837,0
1506466860,22338262,0.07422000,1.54170800,0
1506466860,22338261,0.07421982,2.06622900,0
1506466810,22338199,0.07410005,2.80507924,1
1506466810,22338198,0.07410006,3.95291076,1
1506466760,22338180,0.07406500,1.00000000,1
1506466717,22338160,0.07421996,0.21425300,0
1506466705,22338152,0.07422000,2.06177401,0
1506466705,22338151,0.07421000,1.10577874,0
1506466705,22338150,0.07420999,0.19947625,0
1506466693,22338141,0.07420997,0.14050900,0
1506466656,22338124,0.07410000,0.49993253,1
1506466651,22338121,0.07421997,0.17303200,0
1506466646,22338105,0.07422000,10.00000000,0
1506466638,22338091,0.07422000,11.96773300,0
1506466500,22338010,0.07419800,0.27000000,0
1506466500,22338009,0.07417990,2.03000000,0
1506466499,22338008,0.07417990,0.66781500,0
1506466498,22338006,0.07417990,2.03218500,0
1506466497,22338005,0.07417990,2.70000000,0
1506466496,22338003,0.07417990,0.50000000,0
1506466435,22337989,0.07416800,1.11077400,0
1506466429,22337987,0.07416300,3.41315200,0
1506466429,22337985,0.07415000,0.20190000,0
1506466407,22337978,0.07399100,0.20219621,1
1506466404,22337973,0.07399100,4.79780379,1
1506466404,22337972,0.07399600,0.00007297,1
1506466404,22337971,0.07400000,0.20190000,1
1506466404,22337969,0.07400000,0.00012418,1
1506466401,22337965,0.07400000,0.49987582,1
1506466345,22337916,0.07418000,0.30799500,0
1506466286,22337888,0.07400000,0.99987969,1
1506466286,22337887,0.07400000,0.49933991,1
1506466284,22337881,0.07400000,0.00066009,1
1506466283,22337880,0.07401000,0.00010876,1
1506466283,22337879,0.07401013,4.65149000,1
1506466281,22337876,0.07401000,0.30789124,1
1506466252,22337870,0.07399600,0.14992703,1
1506466216,22337854,0.07400000,0.15000000,0
1506466211,22337853,0.07400000,0.00022721,1
1506466210,22337851,0.07400000,0.99977279,1
1506466210,22337850,0.07400000,0.50000000,1
1506466210,22337849,0.07401800,0.00010411,1
1506466208,22337847,0.07401800,0.14627186,1
1506466206,22337842,0.07401800,0.20089050,1
1506466205,22337840,0.07401800,4.65273353,1
1506466198,22337809,0.07406143,0.10300000,1
1506466181,22337803,0.07409000,0.28688514,1
1506466176,22337797,0.07409000,0.29810000,0
1506466176,22337796,0.07399613,0.83752192,0
1506466176,22337795,0.07399613,0.28699270,0
1506466174,22337792,0.07410800,0.29810000,0
1506466172,22337784,0.07399000,0.20190000,0
1506466169,22337783,0.07399613,0.50000000,0
1506466161,22337781,0.07399600,0.15000000,1
1506466153,22337760,0.07400000,0.15000000,0
1506466152,22337753,0.07400000,1.00000000,1
1506466151,22337752,0.07400000,0.35000000,1
1506466151,22337747,0.07400000,0.15000000,1
1506466150,22337740,0.07400220,1.10577874,1
1506466064,22337711,0.07410000,0.50000000,1
1506465927,22337682,0.07403200,0.59507000,1
1506465927,22337681,0.07410000,0.50000000,1
1506465920,22337679,0.07406000,0.20190000,0
1506465843,22337638,0.07421999,0.20000000,0
1506465786,22337616,0.07421999,0.20000000,0
1506465707,22337603,0.07421998,0.31555789,0
1506465701,22337596,0.07421998,0.10338274,0
1506465697,22337592,0.07421999,0.10338274,0
1506465245,22337437,0.07422487,4.30000000,0
1506465242,22337433,0.07422487,0.33803000,1
1506465241,22337432,0.07416500,0.15000000,0
1506465011,22337365,0.07414100,1.36780013,1
1506465011,22337364,0.07413000,0.30700000,0
1506465009,22337363,0.07412000,0.20082422,0
1506464883,22337297,0.07400000,0.15000000,1
1506464881,22337293,0.07396000,0.30700000,1
1506464756,22337230,0.07400001,0.72810801,1
1506464756,22337228,0.07401000,0.20082422,1
1506464647,22337189,0.07400000,135.28868919,0
1506464612,22337185,0.07400000,2.70000000,0
1506464610,22337184,0.07400000,1.51131081,0
1506464582,22337169,0.07400000,0.50000000,1
1506464515,22337146,0.07397501,0.24667000,1
1506464476,22337132,0.07392501,2.01913000,1
1506464474,22337125,0.07410000,1.81144287,1
1506464473,22337116,0.07405000,147.00810595,0
1506464402,22337056,0.07405000,2.00000000,0
1506464379,22336993,0.07410000,0.99189405,1
1506464346,22336977,0.07405001,0.00810595,0
1506464346,22336976,0.07405001,0.50000000,0
1506464247,22336926,0.07420100,5.74200000,0
1506464183,22336904,0.07420100,5.00000000,0
1506464170,22336897,0.07412400,0.15000000,0
1506464170,22336896,0.07410499,4.84865800,0
1506464157,22336889,0.07410499,4.24974200,0
1506464156,22336888,0.07410499,56.30360000,0
1506464151,22336884,0.07410499,14.24840000,0
1506464142,22336881,0.07410499,70.34960000,0
1506464142,22336880,0.07410000,0.20240000,0
1506464101,22336856,0.07410499,0.21115200,0
1506464074,22336818,0.07390175,0.65374100,1
1506464073,22336817,0.07390175,0.20250000,1
1506464073,22336816,0.07390175,0.08196600,1
1506464073,22336815,0.07391000,0.20240000,1
1506464070,22336808,0.07409000,4.99999958,0
1506464070,22336805,0.07406000,0.20229042,0
1506464069,22336800,0.07404996,3.21079640,0
1506464069,22336797,0.07404000,0.00000046,0
1506464017,22336755,0.07404000,1.10320300,0
1506463932,22336708,0.07391000,0.20229042,1
1506463932,22336707,0.07400000,0.00010958,1
1506463926,22336701,0.07400000,0.99989042,1
1506463926,22336700,0.07400000,0.00009148,1
1506463924,22336697,0.07400000,0.49990852,1
1506463680,22336534,0.07402500,5.00000000,0
1506463680,22336533,0.07400000,0.30700000,0
1506463678,22336530,0.07394000,2.70000000,0
1506463678,22336529,0.07394000,0.00000037,0
1506463671,22336522,0.07394000,2.68875800,0
1506463568,22336461,0.07394000,0.01124163,0
1506463568,22336460,0.07393000,0.19046900,0
1506463531,22336446,0.07394000,0.01113100,0
1506463530,22336445,0.07393999,0.26132500,0
1506463368,22336251,0.07390000,0.96482030,1
1506463365,22336245,0.07390000,6.04749838,1
1506463365,22336244,0.07390000,0.23031700,1
1506463364,22336241,0.07390000,4.81510815,1
1506463364,22336239,0.07390001,1.23250785,1
1506463363,22336236,0.07390000,1.21905100,1
1506463362,22336230,0.07390000,6.27760300,1
1506463359,22336223,0.07390000,6.27740800,1
1506463358,22336221,0.07390000,1.21879800,1
1506463357,22336219,0.07390000,6.27740300,1
1506463350,22336202,0.07390000,4.67435486,1
1506463350,22336201,0.07390001,1.36188714,1
1506463349,22336192,0.07390000,1.21849100,1
1506463348,22336187,0.07390000,6.27738000,1
1506463345,22336171,0.07390000,0.14238202,1
1506463339,22336168,0.07390000,0.17979337,1
1506463339,22336167,0.07390001,0.10497068,1
1506463337,22336163,0.07390001,1.39987700,1
1506463334,22336153,0.07390000,6.59695224,1
1506463287,22336101,0.07380000,6.75878064,1
1506463284,22336098,0.07380000,2.47900285,1
1506463284,22336097,0.07380000,4.29029972,1
1506463284,22336096,0.07380001,1.66506828,1
1506463283,22336094,0.07380000,0.31909300,1
1506463281,22336089,0.07380000,6.47873063,1
1506463280,22336087,0.07380000,0.31856369,1
1506463279,22336084,0.07380000,0.31826559,1
1506463276,22336078,0.07380000,6.26828400,1
1506463275,22336074,0.07380000,0.81000000,1
1506463275,22336073,0.07380000,6.26213000,1
1506463272,22336066,0.07380000,6.20557319,1
1506463272,22336064,0.07380001,0.00009253,1
1506463271,22336062,0.07380001,1.83976195,1
1506463245,22336043,0.07380001,0.13892200,1
1506463238,22336026,0.07380000,1.56903212,1
1506463237,22336024,0.07380000,0.24041151,1
1506463237,22336023,0.07380001,1.74886949,1
1506463236,22336021,0.07381000,0.20160000,1
1506463230,22336010,0.07380000,2.18906700,1
1506463228,22336006,0.07380000,2.18721100,1
1506463226,22335999,0.07380000,9.40763144,1
1506463225,22335998,0.07380000,2.18543800,1
1506463221,22335983,0.07380000,1.86510900,1
1506463220,22335980,0.07380000,0.31851400,1
1506463218,22335971,0.07380000,0.24939750,1
1506463218,22335970,0.07380001,1.93245250,1
1506463205,22335934,0.07380001,2.18007700,1
1506463201,22335914,0.07380004,2.43867500,1
1506463186,22335868,0.07384691,0.15986424,1
1506463183,22335853,0.07401900,0.94313932,0
1506463183,22335852,0.07401000,0.20250000,0
1506463179,22335841,0.07381000,1.77691410,0
1506463179,22335840,0.07380003,0.85108500,0
1506463177,22335823,0.07380003,0.09177000,1
1506463176,22335819,0.07381000,0.20250000,1
1506463172,22335789,0.07381000,1.22308590,1
1506463145,22335707,0.07398300,0.62741832,0
1506463144,22335704,0.07394899,2.87946235,0
1506463056,22335677,0.07394898,0.07934354,0
1506463032,22335673,0.07394953,0.31490698,0
1506463032,22335672,0.07394000,0.20230000,0
1506463032,22335670,0.07393999,0.64531102,0
1506463002,22335654,0.07380000,0.47546800,1
1506463002,22335652,0.07380001,2.43615425,1
1506462981,22335642,0.07380001,0.68056446,1
1506462895,22335582,0.07380000,6.12316123,1
1506462895,22335581,0.07380001,0.19313186,1
1506462894,22335579,0.07380001,1.10374780,1
1506462894,22335578,0.07390000,0.19300000,1
1506462893,22335577,0.07383000,0.30700000,0
1506462892,22335575,0.07380001,1.46644400,1
1506462892,22335573,0.07383000,0.30700000,1
1506462892,22335570,0.07385700,0.15000000,1
1506462824,22335557,0.07390000,1.00000000,1
1506462824,22335555,0.07390000,0.50000000,1
1506462824,22335553,0.07390000,0.52727712,1
1506462814,22335550,0.07390000,2.22352400,1
1506462802,22335542,0.07390000,1.70147862,1
1506462800,22335541,0.07390000,4.19656553,1
1506462787,22335536,0.07390000,9.01940501,1
1506462780,22335528,0.07390000,6.47989067,1
1506462776,22335524,0.07390000,6.47618783,1
1506462728,22335486,0.07390000,3.89485887,1
1506462725,22335481,0.07390000,8.76265494,1
1506462714,22335475,0.07390000,1.54967903,1
1506462708,22335470,0.07390000,1.54963194,1
1506462699,22335467,0.07390000,1.06977172,1
1506462680,22335459,0.07390000,8.62535198,1
1506462680,22335458,0.07390001,0.00013801,1
1506462677,22335456,0.07390001,2.85950720,1
1506462675,22335450,0.07390001,9.17450521,1
1506462673,22335449,0.07390001,1.48844811,1
1506462616,22335430,0.07390001,20.49202580,1
1506462615,22335429,0.07390001,0.00009870,1
1506462614,22335426,0.07390001,3.15973030,1
1506462610,22335425,0.07390001,46.28865000,1
1506462603,22335418,0.07390003,6.47717248,1
1506462599,22335415,0.07390001,13.48348067,0
1506462599,22335414,0.07390001,3.49152380,1
1506462595,22335406,0.07390001,23.47276774,1
1506462585,22335394,0.07390001,46.22112000,1
1506462584,22335391,0.07390001,1.26540961,1
1506462582,22335388,0.07390000,3.43270474,1
1506462582,22335386,0.07390000,4.49101800,1
1506462580,22335381,0.07390001,19.16375763,1
1506462577,22335371,0.07390001,9.64771584,1
1506462577,22335369,0.07390002,0.00009923,1
1506462576,22335368,0.07390002,3.71589115,1
1506462565,22335365,0.07390001,0.61875283,1
1506462552,22335357,0.07390001,1.08249959,1
1506462539,22335344,0.07390001,1.21781716,1
1506462528,22335336,0.07390003,4.62956362,0
1506462526,22335328,0.07390002,12.89864428,0
1506462525,22335325,0.07390002,46.17232000,1
1506462520,22335313,0.07390001,14.93945637,1
1506462520,22335312,0.07390002,0.00011752,1
1506462518,22335311,0.07390002,3.59459037,1
1506462505,22335302,0.07390001,0.34947127,1
1506462492,22335296,0.07390002,0.33949991,1
1506462479,22335291,0.07390002,0.22247968,1
1506462466,22335285,0.07390000,0.49988052,1
1506462455,22335273,0.07386700,4.08330798,1
1506462453,22335268,0.07386700,0.91658342,1
1506462453,22335266,0.07390000,0.00012445,1
1506462452,22335261,0.07390000,8.98349080,1
1506462451,22335260,0.07390000,0.44069200,1
1506462451,22335259,0.07391000,0.20230000,1
1506462447,22335249,0.07390000,23.63274074,1
1506462429,22335215,0.07404095,2.30217859,0
1506462428,22335211,0.07390000,4.53664988,1
1506462427,22335209,0.07390000,11.81792496,1
1506462427,22335207,0.07393000,0.00010671,1
1506462426,22335204,0.07393000,4.99989329,1
1506462424,22335197,0.07404095,0.00007778,0
1506462409,22335189,0.07390000,0.90196212,1
1506462395,22335163,0.07404099,0.95412179,0
1506462394,22335162,0.07403000,0.30600000,0
1506462394,22335160,0.07403000,0.20240000,0
1506462384,22335151,0.07390000,1.21227998,1
1506462381,22335146,0.07390000,1.62377010,1
1506462371,22335139,0.07390000,1.31904913,1
1506462355,22335132,0.07390000,1.21227632,1
1506462353,22335128,0.07390000,6.54177957,1
1506462352,22335124,0.07390000,2.32230041,1
1506462349,22335118,0.07390000,2.39174562,1
1506462347,22335113,0.07390000,1.46960759,1
1506462331,22335089,0.07390000,7.79918147,1
1506462328,22335080,0.07390000,4.49617538,1
1506462326,22335074,0.07390000,3.83517213,1
1506462324,22335066,0.07390000,3.83303925,1
1506462323,22335061,0.07390000,4.49228235,1
1506462323,22335060,0.07390001,0.00011941,1
1506462322,22335059,0.07390001,2.83773995,1
1506462319,22335050,0.07390000,4.05949892,1
1506462308,22335043,0.07390000,3.46218189,1
1506462292,22335038,0.07390001,1.99851408,1
1506462275,22335029,0.07390001,1.08249959,1
1506462262,22335021,0.07390001,0.94718201,1
1506462249,22335007,0.07390000,0.94718214,1
1506462236,22335000,0.07390000,0.94718214,1
1506462225,22334996,0.07390001,1.30112811,1
1506462224,22334994,0.07390001,0.48451963,1
1506462222,22334989,0.07390001,0.94718201,1
1506462209,22334980,0.07390000,5.90546780,1
1506462203,22334975,0.07390000,3.43966935,1
1506462203,22334973,0.07390001,0.00013147,1
1506462202,22334964,0.07390001,3.02149337,1
1506462191,22334957,0.07390000,3.19802394,1
1506462191,22334955,0.07390001,0.00009948,1
1506462190,22334952,0.07390001,3.26768928,1
1506462188,22334944,0.07390000,6.46115846,1
1506462176,22334932,0.07390000,3.68238052,1
1506462175,22334929,0.07390000,2.35853845,1
1506462175,22334927,0.07390001,3.91264478,1
1506462174,22334921,0.07390001,1.97201665,1
1506462172,22334914,0.07390001,1.85052149,1
1506462172,22334913,0.07390001,4.61581052,1
1506462169,22334905,0.07390001,8.23729240,1
1506462163,22334890,0.07390001,6.46179250,1
1506462161,22334882,0.07390001,6.45715745,1
1506462153,22334867,0.07390001,7.88115755,1
1506462143,22334859,0.07390001,0.94718201,1
1506462131,22334854,0.07390001,4.12779322,1
1506462131,22334852,0.07390001,8.01345369,1
1506462131,22334851,0.07391000,0.00012710,1
1506462130,22334848,0.07391000,0.20227290,1
1506462127,22334845,0.07390001,2.57215399,1
1506462126,22334842,0.07390001,0.47182800,1
1506462125,22334837,0.07390001,4.41133500,1
1506462123,22334829,0.07390001,4.81078255,1
1506462122,22334827,0.07390001,3.39914637,1
1506462112,22334821,0.07390001,4.01700893,1
1506462109,22334805,0.07390001,6.71118123,1
1506462103,22334787,0.07390001,1.34916017,1
1506462102,22334784,0.07390001,0.80065824,1
1506462101,22334780,0.07390001,3.12294238,1
1506462101,22334779,0.07390002,0.00012862,1
1506462100,22334777,0.07390002,3.59972867,1
1506462091,22334772,0.07390002,0.67658981,1
1506462078,22334733,0.07390001,0.67658990,1
1506462065,22334730,0.07390001,0.67658990,1
1506462052,22334720,0.07390002,3.08798956,1
1506462043,22334712,0.07390002,0.67654678,0
1506462024,22334705,0.07390000,0.67647214,1
1506462024,22334704,0.07390000,0.00007482,1
1506461990,22334681,0.07390000,0.36001354,1
1506461984,22334676,0.07390000,0.13991164,1
1506461974,22334672,0.07403880,0.56835750,1
1506461973,22334670,0.07401000,0.04246943,0
1506461973,22334668,0.07401000,0.15993057,0
1506461973,22334667,0.07385399,0.90505099,0
1506461972,22334663,0.07387400,0.04260100,1
1506461971,22334661,0.07387400,4.95739900,1
1506461971,22334660,0.07388000,0.04246943,1
1506461970,22334656,0.07388000,0.15993057,1
1506461961,22334651,0.07387700,1.58102685,1
1506461959,22334648,0.07387700,0.38277335,1
1506461959,22334647,0.07390000,0.42938741,1
1506461933,22334636,0.07402500,4.38971590,0
1506461933,22334635,0.07400199,0.81074563,0
1506461903,22334624,0.07385400,0.07061259,0
1506461902,22334623,0.07384400,0.20210000,1
1506461867,22334593,0.07385400,0.81237022,1
1506461854,22334586,0.07385500,0.81223488,1
1506461854,22334585,0.07390000,0.00012434,1
1506461844,22334581,0.07390000,0.30344940,1
1506461834,22334573,0.07390000,0.69642626,1
1506461834,22334572,0.07390000,0.25075588,1
1506461824,22334564,0.07390000,0.24924412,1
1506461760,22334536,0.07391000,0.20210000,1
1506461754,22334535,0.07384500,0.04400000,0
1506461753,22334534,0.07386000,0.30600000,1
1506461664,22334449,0.07402900,5.00000000,1
1506461658,22334439,0.07401000,1.00987470,1
1506461658,22334437,0.07401000,1.68562308,1
1506461657,22334433,0.07401003,4.99989597,1
1506461654,22334426,0.07401000,1.01437692,1
1506461654,22334425,0.07430000,5.37718752,0
1506461654,22334424,0.07429985,8.89100000,0
1506461654,22334423,0.07415320,20.38810000,0
1506461654,22334422,0.07415320,20.38810000,0
1506461653,22334421,0.07415320,20.38810000,0
1506461653,22334420,0.07415320,20.38810000,0
1506461653,22334419,0.07415315,0.17941248,0
1506461652,22334418,0.07415313,5.00000000,0
1506461647,22334415,0.07380000,16.31681564,1
1506461647,22334414,0.07381770,5.00000000,1
1506461647,22334412,0.07385000,1.10093744,1
1506461647,22334411,0.07385001,75.82000000,1
1506461647,22334410,0.07385002,82.88468700,1
1506461647,22334409,0.07387900,5.00000000,1
1506461647,22334407,0.07390000,2.70000000,1
1506461646,22334406,0.07390000,0.50000000,1
1506461646,22334404,0.07391000,3.00000000,1
1506461646,22334403,0.07395679,0.10335926,1
1506461643,22334389,0.07430000,40.08850000,1
1506461642,22334384,0.07430000,9.77603648,1
1506461642,22334382,0.07430000,2.02047980,1
1506461642,22334381,0.07430000,5.00000000,1
1506461641,22334378,0.07427325,0.10350605,0
1506461641,22334377,0.07406600,0.15000000,0
1506461641,22334376,0.07400999,0.20969886,0
1506461626,22334366,0.07391000,0.10335926,0
1506461620,22334358,0.07390100,0.35182204,0
1506461619,22334356,0.07390100,0.32999500,0
1506461619,22334354,0.07390100,2.83632210,0
1506461619,22334353,0.07390064,3.13785609,0
1506461619,22334352,0.07390063,0.75630311,0
1506461613,22334349,0.07390063,0.32629098,0
1506461613,22334348,0.07390063,0.37476395,0
1506461612,22334347,0.07390063,0.56720107,0
1506461555,22334325,0.07390000,0.00007168,1
1506461553,22334322,0.07390000,0.91928282,1
1506461551,22334317,0.07390000,0.08064550,1
1506461551,22334316,0.07390000,0.50000000,1
1506461551,22334315,0.07390000,0.29821783,1
1506461550,22334313,0.07390000,0.58071800,1
1506461549,22334311,0.07390000,6.21564000,1
1506461545,22334302,0.07390003,2.18242000,1
1506461530,22334295,0.07390000,0.18362459,1
1506461445,22334253,0.07391000,0.18362459,1
1506461312,22334164,0.07390000,0.76619998,1
1506461312,22334163,0.07390004,0.00000119,1
1506461312,22334162,0.07390004,1.23760000,1
1506461278,22334141,0.07390004,0.63780000,1
1506461269,22334136,0.07390003,0.49852259,1
1506461269,22334135,0.07390010,0.14222741,1
1506461268,22334134,0.07390010,0.16000000,1
1506461161,22334110,0.07400783,0.19549300,0
1506461088,22334084,0.07390100,0.32999500,1
1506461081,22334078,0.07390100,0.43891000,1
1506461080,22334077,0.07390100,0.35190400,1
1506461079,22334075,0.07390100,0.17940000,1
1506461053,22334066,0.07390100,2.56262100,1
1506461052,22334064,0.07390100,0.60377700,1
1506461035,22334060,0.07390001,0.95270600,1
1506461027,22334055,0.07390001,0.20381678,1
1506460994,22334044,0.07390002,0.57033800,1
1506460984,22334042,0.07390001,0.33742324,1
1506460984,22334041,0.07390002,0.03264076,1
1506460984,22334040,0.07390002,0.29470600,1
1506460984,22334039,0.07390002,0.11753100,1
1506460983,22334038,0.07390002,0.12553900,1
1506460981,22334035,0.07390002,0.69685800,1
1506460966,22334030,0.07390002,0.12999500,1
1506460931,22334018,0.07397301,4.03724531,1
1506460929,22334017,0.07397301,0.07082874,1
1506460922,22334006,0.07381016,19.39408000,1
1506460921,22334005,0.07409800,0.94020200,0
1506460921,22334004,0.07397300,5.00000000,0
1506460917,22334001,0.07487499,7.66801050,1
1506460917,22334000,0.07450000,7.97961210,0
1506460916,22333999,0.07427000,3.00000000,0
1506460916,22333997,0.07427000,0.23000000,1
1506460916,22333996,0.07426999,0.22645154,0
1506460916,22333995,0.07425607,0.12000000,0
1506460915,22333994,0.07424574,10.04827606,0
1506460915,22333992,0.07409689,0.20000000,0
1506460914,22333990,0.07402500,0.15000000,0
1506460914,22333989,0.07396500,5.00000000,0
1506460914,22333987,0.07396000,0.20260000,0
1506460913,22333986,0.07395900,3.50000000,0
1506460842,22333960,0.07381003,0.20999500,1
1506460725,22333922,0.07380102,0.50909014,1
1506460725,22333921,0.07380103,1.14371986,1
1506460631,22333862,0.07389998,1.18025599,0
1506460631,22333861,0.07389997,0.85781300,0
1506460580,22333830,0.07389978,0.18749700,1
1506460553,22333799,0.07380013,0.12417500,1
1506460546,22333795,0.07381000,0.14842000,0
1506460541,22333793,0.07380011,0.02856559,0
1506460541,22333792,0.07380010,0.20260000,0
1506460540,22333791,0.07380011,0.33143441,1
1506460533,22333788,0.07380011,1.69211774,1
1506460533,22333787,0.07380011,0.43000000,1
1506460533,22333786,0.07380011,2.31679685,1
1506460532,22333784,0.07380011,0.15751900,1
1506460522,22333774,0.07380011,0.67824000,1
1506460513,22333761,0.07380011,0.47589200,1
1506460513,22333759,0.07381000,0.20260000,1
1506460501,22333740,0.07395900,1.50000000,0
1506460453,22333717,0.07389989,1.49861155,0
1506460341,22333671,0.07389990,1.82563222,0
1506460328,22333668,0.07389992,2.70000000,0
1506460328,22333667,0.07389991,1.69211800,0
1506460275,22333631,0.07380001,1.69211774,1
1506460111,22333564,0.07381100,2.80246400,1
1506460073,22333530,0.07390000,0.30799000,1
1506460072,22333527,0.07392300,0.75924232,0
1506460071,22333526,0.07390000,0.29645400,0
1506460071,22333525,0.07388000,0.80012188,0
1506460064,22333482,0.07384000,0.00000583,0
1506460062,22333478,0.07384000,2.91803900,0
1506460041,22333463,0.07384000,2.08195517,0
1506460041,22333462,0.07383999,2.91803983,0
1506460036,22333456,0.07380001,0.00004942,0
1506460013,22333445,0.07383999,0.20000000,0
1506459977,22333397,0.07383999,0.20000000,0
1506459971,22333386,0.07383999,0.14855000,0
1506459947,22333357,0.07380001,0.68802300,1
1506459947,22333356,0.07380001,0.13105800,1
1506459941,22333349,0.07385998,0.20000000,0
1506459938,22333345,0.07380001,1.31634390,1
1506459938,22333344,0.07380001,1.73854700,1
1506459930,22333335,0.07380001,0.23710400,1
1506459914,22333322,0.07380001,0.68802300,1
1506459908,22333315,0.07380001,0.17521000,1
1506459899,22333307,0.07385999,0.20000000,0
1506459890,22333304,0.07380001,0.90160400,1
1506459866,22333282,0.07380020,0.97300800,1
1506459862,22333277,0.07388000,0.20000000,0
1506459834,22333265,0.07380020,4.02699200,1
1506459760,22333214,0.07380000,0.54891400,1
1506459757,22333210,0.07380000,11.30604554,1
1506459757,22333209,0.07380001,0.95320746,1
1506459750,22333205,0.07380001,0.17452021,1
1506459749,22333204,0.07380001,0.67597800,1
1506459749,22333203,0.07380001,0.20741732,1
1506459749,22333202,0.07380001,1.79694938,1
1506459740,22333192,0.07380001,0.14061557,1
1506459740,22333191,0.07380001,0.18703300,1
1506459740,22333190,0.07380001,0.34985900,1
1506459734,22333179,0.07380001,0.47567300,1
1506459701,22333153,0.07380001,0.18703300,1
1506459700,22333149,0.07380001,0.61483460,1
1506459668,22333125,0.07380000,0.46041700,1
1506459651,22333115,0.07380001,0.14061500,1
1506459623,22333099,0.07370506,0.46041700,1
1506459621,22333096,0.07370506,7.64797100,1
1506459602,22333068,0.07370505,0.80670200,1
1506459598,22333061,0.07370504,6.80233035,1
1506459596,22333058,0.07370503,7.92118400,0
1506459595,22333056,0.07370503,0.14851000,0
1506459578,22333027,0.07389999,0.20000000,0
1506459578,22333026,0.07370012,3.58714526,1
1506459569,22333010,0.07370010,6.49350951,1
1506459568,22333007,0.07370010,1.27183641,1
1506459566,22333001,0.07370010,6.49305714,1
1506459566,22332998,0.07370010,3.96371294,1
1506459565,22332995,0.07370010,3.53579348,1
1506459564,22332990,0.07370008,2.52939280,1
1506459564,22332989,0.07370009,3.96378520,1
1506459528,22332952,0.07381000,3.53042531,0
1506459527,22332947,0.07381000,0.20000000,0
1506459525,22332946,0.07381000,0.12546307,0
1506459524,22332945,0.07380999,1.10242693,0
1506459512,22332935,0.07381000,1.05838947,0
1506459512,22332934,0.07380999,1.10222153,0
1506459481,22332916,0.07381000,0.42671646,0
1506459474,22332909,0.07381000,0.14859132,0
1506459457,22332898,0.07381000,0.20000000,0
1506459431,22332887,0.07377996,0.53645283,0
1506459430,22332884,0.07377996,0.40000000,0
1506459417,22332876,0.07377996,0.20000000,0
1506459413,22332871,0.07377996,0.14861717,0
1506459408,22332864,0.07377996,0.20000000,0
1506459397,22332806,0.07377998,0.14861000,0
1506459397,22332804,0.07370000,5.84247800,1
1506459387,22332794,0.07379371,0.06450000,0
1506459387,22332793,0.07378000,0.13550000,0
1506459384,22332791,0.07370000,107.90594400,1
1506459368,22332739,0.07379493,0.20000000,0
1506459359,22332716,0.07360801,1.23489000,1
1506459357,22332711,0.07370000,1.00000000,1
1506459357,22332710,0.07370000,0.50000000,1
1506459356,22332709,0.07370000,1.74701375,1
1506459356,22332708,0.07370000,2.02420200,1
1506459349,22332704,0.07379494,0.14863000,0
1506459343,22332698,0.07371170,0.20000000,0
1506459340,22332693,0.07370000,0.16633630,1
1506459340,22332691,0.07370000,0.24097400,1
1506459339,22332690,0.07370000,1.43537500,1
1506459339,22332689,0.07371000,0.08300000,1
1506459319,22332679,0.07370000,2.22772700,1
1506459317,22332674,0.07382000,0.15000000,0
1506459312,22332672,0.07370000,17.42592200,1
1506459308,22332656,0.07379495,2.29215237,0
1506459308,22332655,0.07379494,0.90164200,1
1506459307,22332653,0.07379494,1.06991900,0
1506459307,22332652,0.07379494,0.16806000,0
1506459306,22332651,0.07379494,2.32686200,0
1506459302,22332644,0.07370000,1.54892455,1
1506459302,22332643,0.07370000,0.89991840,1
1506459300,22332638,0.07370000,35.23343000,1
1506459287,22332628,0.07370000,0.15025800,1
1506459286,22332623,0.07370000,0.89991900,1
1506459278,22332611,0.07360003,0.04624723,1
1506459278,22332609,0.07361211,0.20000000,1
1506459278,22332607,0.07370000,2.25587075,1
1506459278,22332605,0.07370001,1.02223202,1
1506459277,22332601,0.07370001,1.67776798,1
1506459273,22332590,0.07370000,1.06431400,1
1506459273,22332586,0.07379501,0.14828000,0
1506459262,22332555,0.07370000,1.67981525,1
1506459251,22332531,0.07391000,0.00954600,0
1506459250,22332530,0.07379501,0.13872400,0
1506459250,22332528,0.07372200,1.37381525,1
1506459249,22332527,0.07373000,0.30600000,1
1506459246,22332522,0.07370000,0.67999500,0
1506459245,22332517,0.07360001,0.99391944,0
1506459243,22332510,0.07375801,1.00000000,0
1506459243,22332509,0.07375801,0.50000000,0
1506459242,22332504,0.07360001,44.73335736,1
1506459242,22332502,0.07360002,0.66757517,1
1506459242,22332500,0.07367500,5.00000000,1
1506459242,22332497,0.07370000,1.00012188,1
1506459242,22332496,0.07370000,85.79844659,1
1506459241,22332494,0.07375801,3.33097603,1
1506459241,22332493,0.07379501,4.51770578,1
1506459240,22332485,0.07379501,17.46196900,1
1506459238,22332474,0.07379501,6.83701700,1
1506459235,22332465,0.07379501,26.42530822,1
1506459235,22332464,0.07381000,0.20250000,1
1506459235,22332463,0.07381001,0.59699178,1
1506459232,22332454,0.07380000,0.14600000,0
1506459228,22332452,0.07379999,2.35037828,0
1506459227,22332451,0.07379999,0.10300000,0
1506459226,22332450,0.07379999,0.14827000,0
1506459200,22332407,0.07392000,3.98345900,0
1506459200,22332406,0.07391999,0.68958600,0
1506459196,22332402,0.07391991,0.20000000,0
1506459192,22332394,0.07391993,0.20000000,0
1506459182,22332384,0.07391996,0.14827000,0
1506459180,22332381,0.07391997,0.19610400,0
1506459160,22332366,0.07391998,0.20000000,0
1506459154,22332351,0.07379829,0.14827000,0
1506459140,22332324,0.07379836,5.34008382,1
1506459140,22332323,0.07379839,2.08925618,1
1506459139,22332322,0.07379832,0.98496500,1
1506459139,22332321,0.07379832,3.29899125,1
1506459139,22332320,0.07379836,5.20904475,1
1506459132,22332296,0.07379826,0.74264000,1
1506459129,22332287,0.07379825,3.98941802,1
1506459129,22332285,0.07379825,3.05974798,1
1506459128,22332283,0.07379825,0.22142400,1
1506459123,22332271,0.07379825,0.14827207,0
1506459123,22332270,0.07379824,0.63245593,1
1506459123,22332268,0.07392000,0.17869200,0
1506459123,22332266,0.07379827,0.22130800,0
1506459122,22332264,0.07379825,0.43045300,1
1506459120,22332259,0.07379824,7.41197300,1
1506459120,22332258,0.07379827,1.06301600,1
1506459119,22332256,0.07379824,3.92104100,1
1506459119,22332255,0.07379824,3.15227218,1
1506459112,22332223,0.07391999,0.20000000,0
1506459100,22332201,0.07391999,0.20000000,0
1506459089,22332185,0.07391999,0.20000000,0
1506459076,22332179,0.07392000,0.14826337,0
1506459075,22332175,0.07392301,1.98289749,0
1506459075,22332174,0.07390000,0.00000251,0
1506459074,22332173,0.07390000,1.00000000,1
1506459074,22332172,0.07390000,0.07024749,1
1506459074,22332171,0.07392300,0.20000000,1
1506459070,22332164,0.07392301,0.20000000,1
1506459069,22332163,0.07392301,1.07024749,1
1506459065,22332154,0.07390000,0.42975251,1
1506459055,22332147,0.07398996,1.98290000,0
1506459048,22332144,0.07392300,4.71527600,0
1506459047,22332142,0.07392300,0.12390000,0
1506459047,22332141,0.07392300,0.16082400,0
1506459036,22332126,0.07396500,0.19989487,1
1506459035,22332122,0.07396500,5.00000000,0
1506459035,22332121,0.07396499,10.87674363,0
1506459034,22332111,0.07387595,0.22083869,0
1506459034,22332110,0.07387595,0.05016100,0
1506459034,22332108,0.07384900,0.00000031,0
1506459024,22332089,0.07383999,0.19989453,1
1506459021,22332082,0.07384900,0.99999969,0
1506459021,22332080,0.07384899,0.54949331,0
1506459006,22332069,0.07383999,0.20000000,0
1506458995,22332062,0.07383999,0.20000000,0
1506458976,22332054,0.07383999,0.20000000,0
1506458964,22332051,0.07383999,0.20000000,0
1506458955,22332046,0.07382999,0.01286470,1
1506458952,22332043,0.07382000,0.13563001,0
1506458947,22332041,0.07382999,0.00017883,0
1506458947,22332040,0.07382999,0.19982117,0
1506458902,22332018,0.07380000,0.49990380,1
1506458900,22332015,0.07374000,0.33306211,1
1506458880,22331993,0.07374000,4.66693789,1
1506458878,22331990,0.07381000,0.00011109,1
1506458875,22331985,0.07381000,0.19988891,1
1506458870,22331978,0.07381000,0.19987550,1
1506458856,22331968,0.07381000,0.14800000,0
1506458845,22331963,0.07381000,0.00000017,1
1506458843,22331962,0.07381000,5.00000000,0
1506458843,22331961,0.07380997,1.46977983,0
1506458838,22331954,0.07380996,0.20000000,0
1506458831,22331945,0.07380996,0.20000000,0
1506458815,22331935,0.07380999,0.20000000,0
1506458778,22331891,0.07384496,0.20000000,0
1506458766,22331876,0.07384498,0.14850971,0
1506458761,22331859,0.07384499,0.19978000,0
1506458748,22331846,0.07370000,0.20234900,1
1506458744,22331841,0.07370000,8.71807213,1
1506458744,22331840,0.07370001,3.14447787,1
1506458740,22331837,0.07384999,0.50000000,0
1506458739,22331836,0.07384999,0.20000000,0
1506458733,22331819,0.07384999,0.20000000,0
1506458721,22331779,0.07384999,0.20000000,0
1506458708,22331763,0.07370001,1.81078000,1
1506458697,22331747,0.07387571,0.14848000,0
1506458688,22331699,0.07387573,0.20000000,0
1506458686,22331695,0.07373000,0.13563001,1
1506458676,22331691,0.07387575,0.20000000,0
1506458652,22331683,0.07375000,4.49976084,1
1506458637,22331659,0.07387584,0.20000000,0
1506458626,22331653,0.07387587,0.20000000,0
1506458621,22331650,0.07375000,0.50023916,1
1506458621,22331649,0.07380000,0.00011084,1
1506458620,22331645,0.07380000,0.49988916,1
1506458617,22331643,0.07387589,0.20000000,0
1506458609,22331639,0.07387592,0.20000000,0
1506458594,22331626,0.07387595,0.14848000,0
1506458584,22331617,0.07387598,0.14848000,0
1506458577,22331609,0.07386189,0.14837354,1
1506458568,22331601,0.07387890,0.01053500,0
1506458567,22331600,0.07386000,0.18946500,0
1506458565,22331596,0.07373000,0.18946500,1
1506458562,22331594,0.07387891,0.00415900,0
1506458562,22331593,0.07387891,0.14432100,0
1506458550,22331584,0.07387893,0.14848000,0
1506458514,22331561,0.07387900,1.30970046,0
1506458486,22331540,0.07372002,0.14235064,1
1506458447,22331518,0.07387194,1.34685767,0
1506458438,22331511,0.07387196,0.13503175,0
1506458405,22331485,0.07383200,1.99987800,0
1506458392,22331476,0.07383199,0.50365594,0
1506458392,22331475,0.07381000,3.00000000,0
1506458377,22331458,0.07379999,5.00000006,0
1506458377,22331457,0.07379999,4.05991694,0
1506458332,22331416,0.07370003,4.51003700,1
1506458324,22331406,0.07370003,4.84995733,1
1506458310,22331399,0.07370003,0.67534700,1
1506458167,22331321,0.07370024,1.05616591,0
1506458167,22331320,0.07370024,0.00000009,0
1506458166,22331318,0.07370024,3.31804000,0
1506458160,22331313,0.07370026,2.56431524,1
1506458158,22331308,0.07370026,0.13568476,1
1506458014,22331186,0.07370004,0.47227800,1
1506458008,22331182,0.07370004,2.68258145,1
1506458007,22331177,0.07370004,0.97098239,1
1506458006,22331175,0.07370004,4.07844500,1
1506457994,22331164,0.07370003,1.54625902,1
1506457994,22331163,0.07370003,0.32745400,1
1506457988,22331140,0.07381999,0.12163018,1
1506457987,22331133,0.07381999,2.70000000,0
1506457940,22331080,0.07370000,4.70655312,1
1506457939,22331076,0.07370000,3.20020943,1
1506457939,22331075,0.07370001,3.27988299,1
1506457922,22331057,0.07370001,0.13568520,1
1506457885,22331041,0.07370004,0.13568514,1
1506457847,22331004,0.07370004,0.61014893,1
1506457843,22330989,0.07370004,1.32279100,1
1506457822,22330957,0.07383913,0.93888809,0
1506457719,22330848,0.07370000,0.33364745,1
1506457629,22330764,0.07370000,3.00618500,1
1506457602,22330722,0.07370001,0.93578408,1
1506457591,22330713,0.07370001,3.76785228,1
1506457579,22330702,0.07370001,3.76785228,1
1506457568,22330695,0.07370001,1.05234911,1
1506457427,22330536,0.07382000,0.08116982,0
1506457427,22330535,0.07381999,0.13568518,0
1506457414,22330524,0.07370001,0.13568520,1
1506457382,22330472,0.07370001,0.84815342,1
1506457188,22330295,0.07370004,30.96371297,1
1506457185,22330289,0.07370004,0.92585514,1
1506457185,22330286,0.07370004,0.92192423,1
1506457184,22330284,0.07370004,0.00392077,1
1506457183,22330280,0.07370004,0.18607923,1
1506457183,22330278,0.07370004,0.66000000,1
1506457183,22330277,0.07370004,1.85000500,1
1506457183,22330276,0.07371000,0.00379857,1
1506457182,22330268,0.07371000,0.10708163,1
1506457181,22330261,0.07370697,0.09191980,0
1506457180,22330260,0.07370004,0.18999500,1
1506457179,22330258,0.07370000,3.13672438,1
1506457179,22330257,0.07370001,3.24797843,1
1506457178,22330256,0.07370004,0.65325657,1
1506457177,22330252,0.07370004,2.04674343,1
1506457172,22330232,0.07389400,0.05943475,1
1506457172,22330226,0.07389400,1.65000000,1
1506457171,22330220,0.07384000,0.30600000,0
1506457171,22330218,0.07383996,1.00000000,0
1506457171,22330217,0.07383996,0.04870685,0
1506457170,22330215,0.07383996,1.65129315,0
1506457141,22330177,0.07383996,1.00000000,0
1506457071,22330036,0.07379478,2.62831473,0
1506457030,22329970,0.07370001,0.55967732,1
1506456990,22329933,0.07370000,7.70913552,1
1506456990,22329932,0.07370001,0.02238618,1
1506456988,22329928,0.07370001,1.73056965,0
1506456987,22329926,0.07370000,0.79310720,1
1506456987,22329924,0.07370000,4.00107192,1
1506456952,22329879,0.07370001,0.46103500,1
1506456933,22329865,0.07370000,2.69799916,1
1506456933,22329864,0.07370001,1.01902084,1
1506456894,22329840,0.07370001,2.04104700,1
1506456891,22329836,0.07378901,0.45700500,0
1506456891,22329835,0.07378901,0.25999500,0
1506456882,22329828,0.07370000,1.33433300,1
1506456882,22329826,0.07370001,1.12598990,1
1506456866,22329808,0.07370001,1.05644700,1
1506456790,22329757,0.07370500,1.53899700,0
1506456789,22329756,0.07370000,0.20290000,1
1506456789,22329755,0.07370001,1.35508550,0
1506456784,22329749,0.07370002,1.37076700,0
1506456782,22329744,0.07370000,2.15926610,1
1506456782,22329743,0.07370001,1.05579290,1
1506456781,22329741,0.07370004,1.56479700,1
1506456780,22329737,0.07370004,1.10736700,1
1506456780,22329735,0.07370004,0.15348800,1
1506456779,22329728,0.07370004,0.61075500,1
1506456778,22329725,0.07370500,1.59274700,1
1506456778,22329718,0.07370004,3.71052400,1
1506456777,22329715,0.07370004,4.53206900,1
1506456775,22329708,0.07370500,0.84848326,1
1506456775,22329705,0.07370500,1.59282139,1
1506456689,22329658,0.07383997,0.74733102,0
1506456653,22329636,0.07370500,0.13567601,1
1506456640,22329631,0.07370500,2.99438700,1
1506456639,22329627,0.07370500,1.38546000,1
1506456639,22329626,0.07372000,0.20290000,1
1506456531,22329556,0.07370502,0.12380000,0
1506456481,22329526,0.07384000,1.87269000,0
1506456460,22329520,0.07370505,0.13568521,1
1506456423,22329510,0.07370502,1.55403700,0
1506456416,22329508,0.07370500,0.47595800,1
1506456402,22329501,0.07370501,0.13000000,1
1506456385,22329494,0.07370502,7.55517000,1
1506456363,22329483,0.07370500,0.54682644,1
1506456353,22329477,0.07370001,0.38999500,1
1506456232,22329402,0.07360086,1.03434000,1
1506456229,22329401,0.07373000,0.14863000,0
1506456217,22329398,0.07374100,4.05808532,0
1506456215,22329395,0.07373000,0.20300000,0
1506456119,22329356,0.07360073,0.28666000,1
1506456065,22329327,0.07360073,0.07563383,1
1506456051,22329308,0.07360073,2.03029300,1
1506456050,22329307,0.07360073,12.46110700,1
1506456045,22329297,0.07360073,1.11797007,1
1506456039,22329286,0.07360073,0.10333500,1
1506456039,22329285,0.07360073,0.10329700,1
1506455980,22329228,0.07376000,0.16738950,0
1506455978,22329227,0.07375600,0.15000000,0
1506455908,22329157,0.07360040,0.20296000,1
1506455815,22329115,0.07360036,0.00004016,1
1506455811,22329110,0.07361000,0.20300000,0
1506455810,22329108,0.07360037,1.05895700,1
1506455810,22329107,0.07361000,0.20300000,1
1506455763,22329091,0.07377199,0.69571500,0
1506455750,22329077,0.07377199,1.22108815,0
1506455750,22329076,0.07374996,0.63251185,0
1506455685,22329024,0.07374996,0.49999900,0
1506455646,22329011,0.07374998,1.00349300,0
1506455646,22329010,0.07374998,1.24878264,0
1506455646,22329009,0.07374998,3.31804009,0
1506455646,22329008,0.07374997,0.86206327,0
1506455645,22329007,0.07374996,2.70000000,0
1506455619,22328995,0.07360009,0.14328400,1
1506455600,22328986,0.07360009,0.15131300,1
1506455597,22328983,0.07374997,0.07565650,0
1506455594,22328981,0.07360009,0.20462038,1
1506455593,22328978,0.07374997,0.68318700,0
1506455593,22328977,0.07374997,0.07565650,0
1506455468,22328887,0.07374999,0.06762753,0
1506455456,22328869,0.07360003,0.00003590,0
1506455440,22328849,0.07360004,0.98422200,1
1506455422,22328814,0.07360004,2.58538900,1
1506455417,22328789,0.07360003,1.18915102,1
1506455352,22328721,0.07362307,0.03450464,1
1506455352,22328720,0.07362308,0.98724436,1
1506455351,22328719,0.07362308,0.18550710,1
1506455323,22328694,0.07362307,0.63475000,1
1506455323,22328693,0.07362307,0.30825400,1
1506455323,22328692,0.07362307,0.54325741,1
1506455323,22328691,0.07362308,0.35674259,1
1506455323,22328690,0.07362308,1.06401800,1
1506455262,22328592,0.07375000,0.50000000,0
1506455257,22328539,0.07362300,0.96999200,0
1506455257,22328538,0.07362300,1.43675229,0
1506455257,22328537,0.07362300,0.20300000,0
1506455257,22328536,0.07362300,0.42468824,0
1506455256,22328535,0.07360003,0.61218900,1
1506455255,22328532,0.07362300,0.50000000,0
1506455250,22328523,0.07362300,0.33579769,0
1506455250,22328522,0.07362300,0.16420231,0
1506455245,22328521,0.07362300,0.50000000,0
1506455244,22328519,0.07360001,0.39245100,1
1506455244,22328518,0.07360001,2.88681090,1
1506455244,22328517,0.07360002,1.43244610,1
1506455243,22328514,0.07362000,0.90000000,1
1506455241,22328486,0.07362300,0.10418000,0
1506455236,22328471,0.07362653,0.10418000,1
1506455227,22328465,0.07362000,1.03950900,1
1506455214,22328452,0.07360002,0.96348600,1
1506455211,22328448,0.07362300,2.54999500,1
1506455208,22328443,0.07362300,1.18951900,1
1506455202,22328435,0.07362300,0.00000007,1
1506455202,22328434,0.07377251,0.29699993,1
1506455198,22328431,0.07377251,0.20300000,1
1506455188,22328423,0.07379499,0.10393720,0
1506455185,22328421,0.07360001,6.80171800,0
1506455182,22328413,0.07360001,0.13271000,1
1506455182,22328412,0.07360001,4.98064400,1
1506455180,22328409,0.07360001,4.32568800,1
1506455179,22328406,0.07360002,0.78515907,0
1506455179,22328404,0.07360002,0.89879375,0
1506455177,22328401,0.07360001,0.78437700,1
1506455176,22328400,0.07360001,3.26130162,1
1506455176,22328399,0.07360002,0.20300038,1
1506455166,22328390,0.07360002,1.15725200,1
1506455166,22328388,0.07360002,0.50046900,1
1506455156,22328378,0.07361000,0.20300000,1
1506455146,22328366,0.07360001,0.00000025,1
1506455146,22328365,0.07360002,1.81779375,1
1506455146,22328364,0.07360002,0.23825200,1
1506455098,22328098,0.07360002,0.32046600,1
1506455090,22328047,0.07362000,1.22562900,1
1506455089,22328043,0.07360997,1.34073860,0
1506455087,22328017,0.07360997,0.25500000,0
1506455082,22327969,0.07360996,0.22403000,0
1506455077,22327917,0.07360996,0.50000000,0
1506455075,22327905,0.07360002,0.29736900,1
1506455075,22327903,0.07360002,0.20310000,1
1506455072,22327871,0.07360996,0.50000000,0
1506455066,22327850,0.07360002,0.20310000,1
1506455040,22327834,0.07360001,3.33849500,1
1506455034,22327827,0.07360002,2.57253784,1
1506455022,22327809,0.07362000,0.18180100,1
1506455019,22327806,0.07361000,0.20310000,0
1506455019,22327805,0.07360001,0.95422863,1
1506455019,22327804,0.07360002,0.41080937,1
1506455018,22327801,0.07360001,1.58401300,1
1506455013,22327795,0.07360002,2.11430970,1
1506455013,22327794,0.07360002,0.72827359,1
1506455013,22327792,0.07361000,0.20310000,1
1506455012,22327791,0.07373000,0.10419841,1
1506454989,22327761,0.07361000,0.09880159,0
1506454988,22327760,0.07361000,0.10419841,0
1506454985,22327756,0.07360002,0.19770784,1
1506454985,22327755,0.07360004,0.25389716,1
1506454953,22327703,0.07374884,0.11474485,0
1506454953,22327702,0.07374825,2.93397120,0
1506454952,22327700,0.07374824,0.14987000,0
1506454897,22327472,0.07360002,0.33261200,1
1506454891,22327416,0.07374824,0.20000000,0
1506454866,22327351,0.07360002,0.18443400,1
1506454865,22327345,0.07360002,0.14392500,1
1506454859,22327320,0.07360001,1.01019400,1
1506454858,22327316,0.07360001,0.17668900,1
1506454858,22327315,0.07360001,0.62758900,1
1506454858,22327313,0.07374824,0.01996800,1
1506454857,22327312,0.07374824,0.18003200,1
1506454850,22327298,0.07374825,0.38406889,0
1506454850,22327296,0.07374824,1.78410203,0
1506454833,22327277,0.07360001,0.14582300,1
1506454828,22327271,0.07374889,0.17610639,0
1506454827,22327270,0.07360002,0.02389361,0
1506454810,22327248,0.07360001,0.13287678,1
1506454810,22327247,0.07360001,0.33045000,1
1506454810,22327246,0.07360002,0.10400000,0
1506454809,22327244,0.07360002,3.23111363,0
1506454808,22327242,0.07360001,0.14582300,1
1506454807,22327237,0.07360001,0.27691500,1
1506454806,22327236,0.07360001,0.14392500,1
1506454805,22327234,0.07360001,0.61725774,1
1506454805,22327230,0.07360001,1.13741000,1
1506454805,22327228,0.07360001,0.20250000,1
1506454803,22327215,0.07360002,0.10400000,0
1506454798,22327200,0.07360001,0.61871623,1
1506454798,22327198,0.07360002,3.57029136,1
1506454784,22327167,0.07360002,0.14367037,1
1506454774,22327151,0.07360002,0.14532931,1
1506454764,22327137,0.07360002,0.65316402,1
1506454762,22327133,0.07381387,0.20000000,0
1506454717,22327061,0.07360004,0.14381976,1
1506454716,22327060,0.07360001,20.67424506,1
1506454716,22327059,0.07360003,0.15000000,1
1506454716,22327058,0.07360003,3.96936268,1
1506454716,22327057,0.07360003,2.54862226,1
1506454708,22327039,0.07360003,0.15137774,1
1506454705,22327023,0.07381387,0.07568887,0
1506454701,22326998,0.07381387,0.07568887,0
1506454634,22326858,0.07360001,23.60355560,1
1506454634,22326857,0.07360002,3.70143440,1
1506454561,22326792,0.07360004,0.98056605,1
1506454557,22326788,0.07381399,0.37446682,0
1506454557,22326786,0.07360004,1.44349681,1
1506454557,22326785,0.07370000,0.00012319,1
1506454512,22326681,0.07370000,0.49997952,1
1506454502,22326674,0.07370000,0.49989729,1
1506454502,22326673,0.07370000,0.50000000,1
1506454382,22326594,0.07370000,0.49987409,1
1506454314,22326572,0.07366104,0.19446532,1
1506454314,22326571,0.07367000,0.30600000,1
1506454313,22326568,0.07370000,0.00013039,1
1506454305,22326561,0.07370000,0.17196893,1
1506454303,22326556,0.07370000,0.32790068,1
1506454299,22326549,0.07377004,0.27043662,0
1506454281,22326510,0.07360002,3.37411639,1
1506454279,22326505,0.07366104,0.20000000,0
1506454267,22326484,0.07365000,0.30528000,0
1506454266,22326482,0.07360002,36.98397037,1
1506454265,22326481,0.07360002,2.14360554,1
1506454264,22326472,0.07360002,3.36160235,1
1506454262,22326465,0.07360002,1.86248407,1
1506454261,22326459,0.07360002,3.33830168,1
1506454261,22326458,0.07364000,0.00638537,1
1506454257,22326449,0.07364000,0.29889463,1
1506454251,22326437,0.07360002,2.14162306,1
1506454245,22326427,0.07366104,2.14494100,0
1506454243,22326413,0.07360001,4.07579161,1
1506454243,22326410,0.07362000,0.08036000,1
1506454243,22326409,0.07364001,0.15101740,1
1506454243,22326408,0.07366103,23.02373953,1
1506454243,22326407,0.07366104,3.29257674,1
1506454241,22326399,0.07366103,41.39926047,1
1506454241,22326398,0.07370000,0.01730954,1
1506454236,22326364,0.07370000,0.98269046,1
1506454236,22326362,0.07370000,0.19248350,1
1506454231,22326323,0.07370000,2.04614389,1
1506454230,22326314,0.07371113,2.68605298,0
1506454226,22326287,0.07370000,90.70315403,1
1506454226,22326285,0.07370001,2.20495843,1
1506454226,22326284,0.07371113,2.68612914,1
1506454209,22326166,0.07371113,0.33601086,1
1506454203,22326113,0.07370000,6.05335159,1
1506454202,22326108,0.07370000,15.52404201,1
1506454202,22326106,0.07374900,5.00000000,1
1506454202,22326103,0.07376000,0.20250000,1
1506454202,22326101,0.07380000,0.50000000,1
1506454202,22326098,0.07381000,0.25700000,1
1506454202,22326094,0.07381001,5.67406799,1
1506454189,22325958,0.07377004,3.63751200,1
1506454139,22325873,0.07390022,1.27796600,0
1506454124,22325857,0.07389100,5.00000000,0
1506454123,22325855,0.07382600,0.15000000,0
1506454050,22325774,0.07370000,13.48082498,1
1506454050,22325773,0.07370001,2.11180120,1
1506454049,22325772,0.07370003,0.13277381,1
1506454049,22325771,0.07380000,0.07185365,1
1506454024,22325685,0.07380000,0.42814635,1
1506453962,22325482,0.07370000,0.60135579,0
1506453953,22325432,0.07370000,0.50000000,0
1506453952,22325424,0.07364002,0.73070920,1
1506453872,22325083,0.07360002,1.70114400,1
1506453871,22325080,0.07360002,1.72797348,1
1506453871,22325079,0.07360003,0.05082652,1
1506453867,22325055,0.07360003,1.72797800,1
1506453857,22325023,0.07375482,0.37573666,0
1506453816,22324892,0.07360002,0.07571015,1
1506453796,22324763,0.07360002,2.15043487,1
1506453781,22324643,0.07360002,0.39169100,1
1506453778,22324621,0.07360002,4.44780000,1
1506453777,22324600,0.07360002,2.44788600,1
1506453773,22324578,0.07360002,1.37971400,1
1506453773,22324574,0.07360003,2.59858972,1
1506453773,22324572,0.07360003,2.70000000,1
1506453742,22324398,0.07360003,0.39392576,1
1506453742,22324396,0.07360008,0.08494613,1
1506453734,22324373,0.07363100,0.14860345,1
1506453694,22324324,0.07363100,0.37648800,1
1506453688,22324305,0.07363101,0.37650300,0
1506453680,22324276,0.07363100,0.23000000,1
1506453658,22324212,0.07369994,0.50000000,0
1506453651,22324207,0.07369997,0.49118507,0
1506453647,22324203,0.07363100,0.14660000,1
1506453638,22324195,0.07363100,0.23000000,1
1506453632,22324170,0.07363100,0.15000000,1
1506453632,22324168,0.07363100,0.39957700,1
1506453632,22324167,0.07363100,0.15000000,1
1506453632,22324163,0.07370000,0.12198100,1
1506453593,22323990,0.07370000,0.23000000,1
1506453593,22323988,0.07370000,0.14801900,1
1506453578,22323956,0.07370000,0.13570000,1
1506453499,22323848,0.07368000,0.04828000,1
1506453498,22323847,0.07370000,0.50000000,1
1506453441,22323782,0.07360000,0.14492500,1
1506453441,22323780,0.07360000,0.50000000,1
1506453441,22323778,0.07360001,6.86207500,1
1506453437,22323762,0.07360001,0.32242000,1
1506453431,22323753,0.07360001,0.32250500,1
1506453374,22323694,0.07360706,2.70685176,1
1506453344,22323656,0.07360706,1.13110600,1
1506453338,22323639,0.07376460,0.20000000,0
1506453332,22323631,0.07360706,0.37740200,1
1506453322,22323612,0.07360706,2.12916600,1
1506453293,22323578,0.07376485,0.20000000,0
1506453289,22323576,0.07376499,0.00442911,0
1506453289,22323575,0.07376499,0.18557589,0
1506453289,22323574,0.07366000,0.00999500,0
1506453258,22323530,0.07360704,2.62637066,1
1506453258,22323527,0.07370000,0.50000000,1
1506453254,22323508,0.07366000,1.70843745,1
1506453205,22323421,0.07366000,0.94365200,1
1506453200,22323403,0.07370000,0.50000000,1
1506453177,22323352,0.07381643,1.08718913,0
1506453154,22323347,0.07381697,0.20000000,0
1506453146,22323335,0.07366800,0.15000000,1
1506453133,22323307,0.07370000,0.50000000,1
1506453107,22323259,0.07381837,0.20000000,0
1506453098,22323249,0.07366000,1.49345100,1
1506453091,22323239,0.07381918,1.36173041,0
1506453085,22323230,0.07381950,0.56883220,0
1506453050,22323209,0.07370000,0.50000000,0
1506453032,22323184,0.07370000,0.14857000,0
1506453027,22323183,0.07370000,0.20000000,0
1506453023,22323182,0.07370000,0.16606000,0
1506453018,22323178,0.07370000,0.14857000,0
1506453007,22323168,0.07366868,0.04543000,1
1506453007,22323167,0.07367600,0.15000000,1
1506453007,22323166,0.07369971,0.14857000,1
1506453004,22323159,0.07370000,0.06095000,0
1506453003,22323157,0.07369971,0.20000000,0
1506452995,22323145,0.07370000,0.20000000,0
1506452990,22323142,0.07369971,0.13553000,1
1506452987,22323141,0.07370000,0.50000000,1
1506452987,22323140,0.07371000,0.08180000,1
1506452978,22323137,0.07379000,0.14847000,0
1506452861,22323097,0.07371391,0.23112000,1
1506452861,22323096,0.07373000,0.12000000,1
1506452861,22323095,0.07380000,0.50000000,1
1506452743,22322716,0.07380000,1.00000000,1
1506452691,22322481,0.07390000,0.50000000,1
1506452682,22322441,0.07377600,1.42428985,1
1506452682,22322440,0.07388108,0.07571015,1
1506452658,22322322,0.07390023,1.12000000,1
1506452646,22322291,0.07390022,0.20477500,1
1506452641,22322276,0.07390022,3.96287200,1
1506452641,22322275,0.07390022,5.89235300,1
1506452640,22322274,0.07390022,0.82801300,1
1506452638,22322268,0.07390022,6.61556000,1
1506452580,22322055,0.07390017,6.84850000,1
1506452571,22322011,0.07390015,6.84850000,1
1506452562,22321970,0.07390013,9.47970000,1
1506452553,22321930,0.07390011,1.25621632,1
1506452553,22321929,0.07390012,3.65528368,1
1506452544,22321906,0.07390011,3.65520000,1
1506452382,22321549,0.07390000,0.49989446,1
1506452361,22321538,0.07390000,0.99997936,1
1506452361,22321536,0.07390000,0.50000000,1
1506452361,22321535,0.07390000,1.42069252,1
1506452361,22321534,0.07390015,0.00002064,1
1506452354,22321530,0.07390015,27.79010000,1
1506452330,22321524,0.07390015,0.90000000,1
1506452316,22321517,0.07390015,0.80590000,1
1506452301,22321506,0.07390015,44.62997936,1
1506452301,22321505,0.07390016,3.84012064,1
1506452273,22321487,0.07390011,48.62140000,1
1506452263,22321485,0.07390009,17.38516157,1
1506452263,22321484,0.07390010,0.00010251,1
1506452263,22321482,0.07390010,4.24312823,1
1506452247,22321476,0.07390010,0.13530000,1
1506452210,22321463,0.07391300,0.15000000,1
1506452195,22321455,0.07390003,2.23274935,1
1506452164,22321447,0.07390001,28.86420000,1
1506452156,22321436,0.07390001,6.87806105,1
1506452155,22321430,0.07390001,5.61500547,1
1506452154,22321424,0.07390001,2.92060000,1
1506452154,22321423,0.07390001,14.10317442,1
1506452144,22321414,0.07390149,3.44054555,1
1506452144,22321413,0.07390149,1.50082544,1
1506452143,22321410,0.07390149,0.82242200,1
1506452118,22321397,0.07390149,5.91770000,1
1506452109,22321392,0.07390149,48.85330000,1
1506452108,22321388,0.07390149,1.00295700,1
1506452106,22321383,0.07390149,1.00238845,1
1506452104,22321379,0.07390149,6.51003656,1
1506452102,22321373,0.07390149,0.71937700,1
1506452100,22321369,0.07390149,5.42440000,1
1506452097,22321363,0.07390149,0.71904800,1
1506452014,22321311,0.07391400,0.15000000,1
1506451844,22321244,0.07390109,0.07571234,1
1506451837,22321242,0.07391000,0.20220000,1
1506451822,22321233,0.07401800,1.03364943,0
1506451822,22321231,0.07400899,0.02892657,0
1506451818,22321230,0.07400899,0.14767353,0
1506451818,22321229,0.07400000,0.07571461,0
1506451818,22321228,0.07394309,2.66582986,0
1506451817,22321227,0.07394309,0.22338785,0
1506451804,22321168,0.07394310,4.32273961,0
1506451802,22321165,0.07394310,0.27606139,0
1506451802,22321164,0.07394310,0.87365161,0
1506451786,22321150,0.07390000,7.43073605,1
1506451786,22321149,0.07391000,5.00000000,1
1506451786,22321147,0.07391500,0.15000000,1
1506451786,22321146,0.07393001,0.07571234,1
1506451786,22321145,0.07394310,0.87365161,1
1506451784,22321142,0.07394310,7.87386800,1
1506451783,22321141,0.07394310,5.61559700,1
1506451782,22321136,0.07394310,1.59353400,1
1506451781,22321134,0.07394310,1.59339900,1
1506451781,22321133,0.07394310,20.34466100,1
1506451780,22321131,0.07394310,1.09339900,1
1506451780,22321130,0.07400000,0.50000000,1
1506451777,22321127,0.07394310,6.28820000,1
1506451737,22321089,0.07395000,0.07571461,1
1506451718,22321076,0.07394310,26.05269039,1
1506451718,22321074,0.07398000,0.07571461,1
1506451718,22321073,0.07400000,1.00000000,1
1506451718,22321072,0.07400000,0.50000000,1
1506451718,22321071,0.07400001,0.00006500,1
1506451695,22321018,0.07400001,4.15940000,1
1506451685,22321011,0.07400001,1.78000000,1
1506451682,22321008,0.07400001,0.14353500,1
1506451608,22320981,0.07400000,0.15146098,1
1506451605,22320978,0.07410982,0.07573049,0
1506451601,22320976,0.07400000,0.15149800,1
1506451601,22320975,0.07400000,0.09298451,1
1506451601,22320974,0.07409986,0.07573049,1
1506451546,22320951,0.07400000,0.16804800,1
1506451527,22320947,0.07395022,0.63284700,1
1506451495,22320926,0.07405045,0.28434100,0
1506451491,22320920,0.07400000,0.50000000,1
1506451477,22320910,0.07395017,1.35090000,1
1506451323,22320832,0.07405000,1.22664000,0
1506451323,22320830,0.07405000,0.20190000,0
1506451321,22320829,0.07404999,0.20190000,0
1506451309,22320825,0.07391831,0.23391700,1
1506451291,22320812,0.07391831,0.38541500,1
1506451291,22320811,0.07391831,0.13431600,1
1506451287,22320808,0.07391831,0.38541500,1
1506451287,22320807,0.07391831,5.02633900,1
1506451284,22320797,0.07391831,0.76557300,1
1506451284,22320796,0.07391831,0.18351500,1
1506451284,22320795,0.07393000,0.20190000,1
1506451270,22320784,0.07391829,19.71606400,1
1506451246,22320764,0.07391826,2.08205500,1
1506451160,22320697,0.07391813,0.69532400,1
1506451159,22320695,0.07391813,2.08205500,1
1506451158,22320694,0.07391813,1.95963400,1
1506451157,22320688,0.07391813,2.08205500,1
1506451105,22320655,0.07391805,3.71387400,1
1506451104,22320653,0.07391805,2.08205500,1
1506451047,22320629,0.07391210,2.19041711,0
1506451047,22320628,0.07391209,0.21876611,1
1506451046,22320624,0.07391209,4.90005389,1
1506451046,22320622,0.07391210,4.27235511,1
1506451046,22320620,0.07391800,2.91806200,1
1506451045,22320618,0.07391800,2.08193800,1
1506450991,22320601,0.07407819,0.30553200,0
1506450991,22320600,0.07407000,0.20220000,0
1506450991,22320599,0.07406999,0.35050000,0
1506450980,22320562,0.07391203,1.22999500,1
1506450956,22320556,0.07390901,0.07574344,1
1506450940,22320547,0.07400901,0.23499300,1
1506450937,22320542,0.07400902,1.90550756,0
1506450937,22320541,0.07400902,2.49194700,0
1506450935,22320539,0.07408000,0.07574344,1
1506450920,22320517,0.07410000,1.00000000,1
1506450920,22320516,0.07410000,0.34851042,1
1506450919,22320514,0.07410000,0.15148958,1
1506450916,22320513,0.07410892,0.07574479,0
1506450910,22320508,0.07410894,0.07574479,1
1506450899,22320497,0.07400009,1.39627000,1
1506450753,22320422,0.07400000,0.20220000,1
1506450688,22320398,0.07400000,0.14950000,1
1506450670,22320397,0.07398964,0.50000000,1
1506450669,22320396,0.07398964,0.50000000,1
1506450667,22320395,0.07398964,0.50000000,1
1506450666,22320394,0.07398964,0.50000000,1
1506450663,22320393,0.07398964,0.50000000,1
1506450660,22320392,0.07400000,0.50000000,1
1506450658,22320390,0.07400000,0.50000000,1
1506450656,22320389,0.07400000,0.50000000,1
1506450654,22320388,0.07400003,0.50000000,1
1506450614,22320385,0.07400003,0.95778700,1
1506450601,22320372,0.07400011,0.20000000,0
1506450514,22320357,0.07399000,0.09850984,0
1506450512,22320356,0.07399000,0.10359016,0
1506450480,22320342,0.07400000,0.18136888,1
1506450480,22320341,0.07400010,0.36150406,1
1506450323,22320287,0.07400203,0.15151384,1
1506450280,22320277,0.07403900,1.71400616,1
1506450280,22320276,0.07409200,0.00151384,1
1506450280,22320275,0.07410000,0.50000000,1
1506450115,22320169,0.07408200,0.07424308,0
1506450112,22320168,0.07408200,0.07575692,0
1506450084,22320151,0.07400999,1.17986000,0
1506450084,22320150,0.07400999,0.76430100,0
1506450072,22320145,0.07400016,3.34842139,0
1506450071,22320144,0.07400011,0.10389300,0
1506450070,22320141,0.07400011,2.55281600,0
1506450070,22320140,0.07400000,0.47759568,1
1506450062,22320130,0.07400046,0.50000000,1
1506450062,22320128,0.07401000,0.20210000,1
1506450053,22320122,0.07400047,0.76473900,1
1506450052,22320121,0.07400047,0.62349200,1
1506450052,22320120,0.07400047,0.72995500,1
1506450052,22320119,0.07400047,0.50000000,1
1506450010,22320085,0.07400030,2.24802900,1
1506449989,22320072,0.07400022,0.10300000,1
1506449961,22320064,0.07400012,0.20000000,1
1506449960,22320063,0.07400003,1.77004500,0
1506449959,22320062,0.07400008,0.11174000,1
1506449959,22320061,0.07400011,3.35772100,1
1506449867,22320003,0.07400010,0.20000000,1
1506449816,22319959,0.07400000,0.20000500,1
1506449812,22319957,0.07400000,0.29999500,1
1506449805,22319950,0.07393907,1.69948069,1
1506449792,22319938,0.07410000,8.85142857,0
1506449792,22319937,0.07406600,0.15000000,0
1506449792,22319934,0.07406400,5.00000000,0
1506449791,22319931,0.07406383,3.63403730,0
1506449787,22319928,0.07406369,13.65944701,0
1506449787,22319927,0.07401951,1.01159995,0
1506449787,22319926,0.07399884,3.34842165,0
1506449787,22319925,0.07399000,0.00230000,0
1506449781,22319917,0.07399000,0.20000000,1
1506449774,22319915,0.07390043,0.07575688,1
1506449766,22319908,0.07390043,0.59999500,1
1506449766,22319907,0.07390043,0.41173500,1
1506449733,22319890,0.07390043,2.07448600,1
1506449732,22319887,0.07390043,5.18962800,1
1506449731,22319885,0.07390043,1.08151254,1
1506449731,22319882,0.07390042,0.40810227,0
1506449730,22319880,0.07390042,0.32886710,0
1506449730,22319878,0.07390042,0.00012790,1
1506449729,22319877,0.07390042,2.38463544,1
1506449727,22319874,0.07390042,1.39387571,0
1506449726,22319871,0.07390042,3.77860000,1
1506449693,22319790,0.07390041,3.79272335,1
1506449691,22319783,0.07390040,0.62650000,1
1506449686,22319761,0.07390039,0.30745000,1
1506449686,22319759,0.07390039,1.00000000,1
1506449678,22319737,0.07390039,3.00289188,1
1506449678,22319735,0.07390039,3.29812364,1
1506449674,22319724,0.07390037,3.73477167,1
1506449674,22319723,0.07391000,0.00008108,1
1506449674,22319722,0.07391000,0.20221892,1
1506449622,22319674,0.07390030,1.57570000,1
1506449615,22319666,0.07390026,5.35443666,0
1506449615,22319665,0.07390026,3.34842165,0
1506449613,22319664,0.07390000,0.12654312,1
1506449613,22319663,0.07390000,0.07575688,1
1506449602,22319648,0.07390029,0.04990773,1
1506449601,22319647,0.07390029,2.66494300,1
1506449601,22319645,0.07390029,13.96609000,1
1506449597,22319641,0.07390029,2.05115231,1
1506449597,22319638,0.07390029,6.97001700,1
1506449597,22319637,0.07390029,30.31820000,1
1506449596,22319636,0.07391000,0.20230000,1
1506449596,22319631,0.07390029,4.73432900,1
1506449587,22319609,0.07390029,1.35350000,1
1506449584,22319603,0.07390029,3.15179670,1
1506449584,22319602,0.07402994,1.09230848,0
1506449584,22319601,0.07402000,0.15155652,0
1506449582,22319597,0.07401999,2.01560500,0
1506449581,22319593,0.07390029,5.21406426,1
1506449567,22319491,0.07390028,0.60208900,1
1506449535,22319436,0.07390027,10.36404000,1
1506449504,22319418,0.07390027,8.03903315,1
1506449504,22319417,0.07390028,0.23965685,1
1506449503,22319412,0.07390028,3.64599300,1
1506449494,22319393,0.07390026,0.91928074,1
1506449494,22319389,0.07403999,2.67404019,1
1506449493,22319383,0.07403999,0.25497573,0
1506449493,22319381,0.07403999,0.79287073,0
1506449481,22319368,0.07390026,1.11799600,1
1506449454,22319364,0.07390040,0.00008845,1
1506449450,22319356,0.07390040,5.25890000,1
1506449378,22319309,0.07390040,2.51940355,1
1506449302,22319188,0.07390040,0.62767000,1
1506449287,22319183,0.07390040,2.04393800,1
1506449157,22319120,0.07390027,2.95538800,1
1506449007,22319062,0.07391000,0.15155652,1
1506449003,22319057,0.07405099,0.07577826,0
1506449000,22319055,0.07405099,0.07577826,0
1506448959,22319034,0.07405099,0.09751441,0
1506448959,22319033,0.07404500,0.15000000,0
1506448773,22318926,0.07390000,0.15159378,1
1506448770,22318922,0.07402300,0.07579689,0
1506448767,22318916,0.07402285,0.07579689,0
1506448692,22318822,0.07400000,0.50000000,1
1506448663,22318786,0.07395300,0.19000000,1
1506448644,22318778,0.07395600,4.99995902,0
1506448643,22318777,0.07395300,0.07578636,1
1506448632,22318759,0.07390199,1.15022500,0
1506448631,22318753,0.07394878,0.54895600,1
1506448631,22318752,0.07394878,0.26000000,1
1506448630,22318750,0.07395300,2.28054400,0
1506448630,22318749,0.07390199,1.55000000,0
1506448630,22318748,0.07390199,0.00000500,0
1506448630,22318747,0.07390199,0.88999500,0
1506448629,22318745,0.07390199,0.25944200,0
1506448627,22318740,0.07390199,1.54635300,0
1506448612,22318730,0.07390199,0.89420500,0
1506448612,22318729,0.07389000,0.07920000,0
1506448612,22318728,0.07386478,0.02659500,0
1506448506,22318683,0.07386478,0.12340000,0
1506448497,22318677,0.07392000,0.12350000,0
1506448471,22318675,0.07386499,0.50000000,0
1506448469,22318674,0.07386498,1.00000000,1
1506448285,22318553,0.07372005,1.14484000,1
1506448284,22318551,0.07372005,1.14535200,1
1506448256,22318533,0.07372001,0.26900000,1
1506448234,22318523,0.07388399,0.10348498,0
1506448196,22318512,0.07388399,0.76323744,0
1506448179,22318495,0.07382400,5.00000000,1
1506448179,22318491,0.07389048,0.10358872,1
1506448168,22318485,0.07394878,0.00102170,0
1506448168,22318484,0.07394878,0.18991524,0
1506448162,22318479,0.07376400,1.05528293,1
1506448162,22318478,0.07380000,1.00000000,1
1506448162,22318477,0.07380000,0.50000000,1
1506448160,22318476,0.07381000,0.20270000,1
1506448105,22318442,0.07380000,0.46188364,1
1506448104,22318441,0.07380000,0.50000000,1
1506448104,22318440,0.07381401,0.07578636,1
1506448050,22318407,0.07394876,0.31688796,0
1506448014,22318368,0.07382408,0.13331500,1
1506448003,22318356,0.07382407,1.03755100,1
1506447990,22318341,0.07382405,0.89145400,1
1506447989,22318340,0.07382405,2.03960600,1
1506447988,22318338,0.07382405,8.08668300,1
1506447986,22318336,0.07382403,5.92218055,1
1506447986,22318334,0.07382404,2.16054445,1
1506447985,22318328,0.07382404,2.03863400,1
1506447984,22318323,0.07382403,8.08272500,1
1506447982,22318317,0.07382403,2.43068500,1
1506447975,22318301,0.07382403,2.63250700,1
1506447975,22318300,0.07382403,0.60000000,1
1506447974,22318294,0.07382403,0.07578100,1
1506447974,22318293,0.07382403,6.88277100,1
1506447963,22318279,0.07382401,4.05969000,1
1506447962,22318278,0.07382401,2.58448900,1
1506447962,22318275,0.07382401,3.46643400,1
1506447961,22318273,0.07382401,4.05786400,1
1506447959,22318260,0.07382401,6.38606099,1
1506447957,22318254,0.07382400,0.32613700,1
1506447956,22318250,0.07382400,4.67386300,1
1506447944,22318215,0.07379000,0.07578100,1
1506447944,22318213,0.07380000,0.26338900,1
1506447944,22318211,0.07394878,1.00000000,1
1506447907,22318173,0.07380000,0.23661100,1
1506447848,22318131,0.07380000,0.50000000,1
1506447807,22318019,0.07380000,0.50000000,1
1506447803,22317999,0.07380003,1.51277717,1
1506447780,22317989,0.07394986,0.20000000,0
1506447751,22317961,0.07380000,0.15161304,1
1506447747,22317955,0.07394993,0.07580652,0
1506447744,22317951,0.07394993,0.07580652,0
1506447687,22317890,0.07394999,0.07150229,0
1506447674,22317869,0.07390229,0.75035071,0
1506447674,22317868,0.07389000,0.17814700,0
1506447650,22317854,0.07388992,0.13230500,0
1506447650,22317853,0.07388000,0.20280000,0
1506447615,22317806,0.07368100,0.06346000,0
1506447614,22317805,0.07369000,0.20280000,1
1506447608,22317797,0.07370000,0.50000000,1
1506447607,22317794,0.07388992,0.49750000,0
1506447567,22317759,0.07380068,3.34842165,0
1506447559,22317752,0.07380000,2.59580169,0
1506447548,22317714,0.07380000,0.14844000,0
1506447539,22317707,0.07380000,0.20000000,0
1506447536,22317706,0.07380000,0.14844000,0
1506447530,22317701,0.07380000,0.20000000,0
1506447530,22317699,0.07362703,3.32330008,1
1506447530,22317698,0.07362704,3.29266480,1
1506447530,22317697,0.07364000,1.40160112,1
1506447529,22317696,0.07364000,1.79915807,1
1506447529,22317695,0.07364000,0.61727281,1
1506447529,22317694,0.07364000,1.18196800,1
1506447520,22317662,0.07362703,32.38865189,1
1506447519,22317661,0.07362704,0.61727281,1
1506447512,22317624,0.07362704,2.95623429,1
1506447512,22317623,0.07370000,0.24258777,1
1506447508,22317610,0.07370000,0.25741223,1
1506447508,22317608,0.07375178,0.07150229,1
1506447507,22317602,0.07375199,1.42999379,0
1506447507,22317601,0.07375198,0.02990047,0
1506447486,22317556,0.07375198,0.20000000,0
1506447480,22317518,0.07362701,6.97903000,1
1506447480,22317517,0.07362702,2.70000000,1
1506447476,22317503,0.07375198,0.08708966,0
1506447472,22317494,0.07375198,0.67632462,0
1506447467,22317491,0.07362702,0.14849000,0
1506447465,22317487,0.07362701,1.35633157,1
1506447464,22317486,0.07362702,3.64656143,1
1506447464,22317483,0.07362702,0.32899600,1
1506447455,22317448,0.07375199,0.49008062,0
1506447455,22317447,0.07362701,0.22794876,1
1506447450,22317444,0.07375200,0.65724770,0
1506447444,22317438,0.07362701,16.33099881,1
1506447444,22317437,0.07362702,4.39288119,1
1506447442,22317433,0.07370000,0.11397438,0
1506447441,22317430,0.07362702,2.41371400,0
1506447438,22317425,0.07362701,0.35693247,1
1506447438,22317424,0.07362702,3.88451475,1
1506447438,22317422,0.07370000,0.60405500,1
1506447438,22317421,0.07375204,0.07279178,1
1506447435,22317406,0.07370000,0.39594500,1
1506447434,22317405,0.07370000,0.50000000,1
1506447430,22317381,0.07370001,1.19988085,1
1506447429,22317379,0.07370001,1.50000000,1
1506447341,22317221,0.07375204,0.11049010,1
1506447337,22317220,0.07380000,0.07583635,0
1506447336,22317219,0.07380000,0.50000000,0
1506447334,22317218,0.07380000,0.07583635,0
1506447273,22317187,0.07380000,0.00009281,1
1506447260,22317176,0.07380000,0.49990719,1
1506447237,22317160,0.07376000,0.13599500,0
1506447138,22317092,0.07370026,0.07583633,1
1506447055,22317042,0.07371000,0.13599500,1
1506447004,22317023,0.07372004,0.17000000,0
1506446987,22317003,0.07370000,0.09556386,1
1506446987,22317002,0.07370000,0.07583633,1
1506446963,22316903,0.07372000,0.17814700,1
1506446959,22316862,0.07432509,13.93761202,0
1506446959,22316858,0.07416791,0.41895863,0
1506446958,22316856,0.07413484,0.20000000,0
1506446958,22316855,0.07405100,0.15000000,0
1506446958,22316854,0.07396200,5.00000000,0
1506446958,22316851,0.07393607,6.20884890,0
1506446958,22316849,0.07393019,3.34842165,0
1506446958,22316847,0.07392000,2.70000000,0
1506446957,22316845,0.07392000,0.20250000,0
1506446956,22316826,0.07376104,1.90414478,1
1506446937,22316761,0.07376104,0.69784000,1
1506446935,22316759,0.07376104,0.36965206,1
1506446934,22316756,0.07376104,2.84215725,1
1506446934,22316754,0.07380000,0.00006775,1
1506446922,22316748,0.07380000,0.49993225,1
1506446913,22316739,0.07376103,6.99197124,1
1506446903,22316726,0.07376103,1.19389000,1
1506446894,22316718,0.07376103,1.20109400,1
1506446894,22316717,0.07377000,0.20250000,1
1506446894,22316716,0.07380000,0.31076642,1
1506446893,22316714,0.07380000,0.15205200,1
1506446875,22316699,0.07380000,0.53718158,1
1506446875,22316698,0.07380000,0.50000000,1
1506446824,22316675,0.07380002,6.94621763,1
1506446813,22316659,0.07390674,2.57409219,0
1506446813,22316657,0.07390000,0.20305673,0
1506446812,22316655,0.07380000,0.22999500,1
1506446766,22316633,0.07390674,0.63145401,0
1506446766,22316632,0.07388999,0.14464599,0
1506446761,22316624,0.07380000,0.15170302,1
1506446757,22316623,0.07389999,0.07585151,0
1506446754,22316621,0.07389999,0.07585151,0
1506446705,22316614,0.07380000,0.10740112,0
1506446691,22316605,0.07375711,1.18289600,1
1506446690,22316602,0.07375712,1.41754400,1
1506446662,22316595,0.07380000,0.50000000,1
1506446594,22316564,0.07380002,0.29642984,1
1506446593,22316563,0.07380001,0.35349600,0
1506446591,22316562,0.07380001,0.29649900,1
1506446590,22316559,0.07380001,5.99350600,1
1506446590,22316557,0.07380001,0.64999500,1
1506446549,22316548,0.07380000,0.18252400,1
1506446541,22316539,0.07395972,0.11850600,0
1506446541,22316538,0.07395971,0.11149400,0
1506446540,22316537,0.07380000,0.31747600,1
1506446462,22316506,0.07397676,0.48971400,0
1506446459,22316501,0.07380000,0.36493225,1
1506446449,22316494,0.07380000,0.13499500,1
1506446449,22316493,0.07381000,0.19320000,1
1506446421,22316484,0.07391996,0.30370056,0
1506446418,22316483,0.07391997,0.15185028,0
1506446414,22316482,0.07392000,0.07592514,0
1506446411,22316481,0.07392996,0.07592514,0
1506446355,22316454,0.07380000,0.09207616,0
1506446355,22316453,0.07380000,0.10792384,0
1506446321,22316430,0.07380000,0.50000000,1
1506446302,22316422,0.07379908,0.67100800,1
1506446144,22316339,0.07390000,1.00000000,1
1506446121,22316336,0.07385101,0.08578187,0
1506446115,22316335,0.07390000,0.58578187,1
1506446114,22316334,0.07390000,0.41421813,1
1506446114,22316333,0.07390000,0.50000000,1
1506445997,22316285,0.07396199,0.91759223,0
1506445997,22316284,0.07396198,0.08240777,0
1506445984,22316271,0.07396199,0.20000000,0
1506445944,22316246,0.07390996,0.30396192,0
1506445941,22316244,0.07390996,0.15198096,0
1506445939,22316243,0.07390996,0.48903381,0
1506445937,22316242,0.07390000,0.05081904,0
1506445937,22316241,0.07390000,0.07599048,0
1506445934,22316239,0.07390000,0.07599048,0
1506445926,22316237,0.07390996,0.19999968,0
1506445926,22316236,0.07390996,0.00000032,0
1506445923,22316234,0.07390996,0.18999968,0
1506445923,22316233,0.07390996,2.50717132,0
1506445914,22316228,0.07390996,0.19282868,0
1506445913,22316227,0.07390996,0.20717132,0
1506445896,22316210,0.07372005,0.27858000,1
1506445894,22316206,0.07372004,0.12857500,1
1506445863,22316198,0.07382999,1.52400268,0
1506445863,22316197,0.07382999,0.50000000,0
1506445861,22316195,0.07372000,0.07599732,0
1506445833,22316186,0.07370526,0.00222000,1
1506445833,22316185,0.07372000,0.20280000,1
1506445813,22316168,0.07385320,0.01082172,0
1506445789,22316154,0.07370520,3.02456963,1
1506445785,22316149,0.07370520,0.27300400,1
1506445784,22316147,0.07370520,0.30810700,1
1506445783,22316144,0.07370520,0.53541500,1
1506445776,22316128,0.07370518,7.95969000,1
1506445734,22316095,0.07380000,0.29702538,1
1506445733,22316094,0.07380000,0.50000000,1
1506445654,22316028,0.07380026,0.10000000,1
1506445642,22316018,0.07380023,1.73031800,1
1506445630,22316006,0.07375086,2.83663190,1
1506445630,22316005,0.07380000,0.08029810,1
1506445608,22315951,0.07380000,0.22991870,1
1506445607,22315947,0.07380000,0.18978320,1
1506445601,22315935,0.07375047,13.57861000,1
1506445560,22315864,0.07375006,13.77681000,1
1506445560,22315863,0.07380000,0.50000000,1
1506445555,22315857,0.07380003,0.36147600,1
1506445531,22315823,0.07381003,2.46910061,0
1506445488,22315785,0.07381203,0.13570000,1
1506445474,22315764,0.07393500,15.43277828,1
1506445471,22315760,0.07393000,0.33000268,0
1506445471,22315759,0.07392000,0.30500000,0
1506445471,22315758,0.07392000,0.18238204,0
1506445457,22315743,0.07381000,0.07599732,0
1506445455,22315739,0.07381000,0.20000000,1
1506445454,22315734,0.07381900,4.99999998,0
1506445454,22315732,0.07381673,1.04941602,0
1506445442,22315709,0.07361336,5.28869801,1
1506445424,22315695,0.07382471,0.20000000,1
1506445416,22315675,0.07360905,4.12450000,1
1506445415,22315674,0.07382471,2.02358300,0
1506445408,22315658,0.07382465,1.97825509,0
1506445408,22315657,0.07379337,0.00044491,0
1506445404,22315650,0.07360903,14.04174400,1
1506445398,22315637,0.07362000,0.20300000,0
1506445397,22315635,0.07360901,4.88280400,1
1506445397,22315634,0.07362000,0.20300000,1
1506445385,22315618,0.07379337,0.19955509,0
1506445382,22315610,0.07383999,1.76242000,0
1506445380,22315607,0.07383999,0.32751900,0
1506445368,22315584,0.07379337,0.12651752,0
1506445368,22315583,0.07379337,1.52239448,0
1506445367,22315581,0.07379337,1.64891200,0
1506445367,22315580,0.07379337,0.17711517,0
1506445367,22315579,0.07379337,0.16657100,0
1506445367,22315577,0.07379337,2.70000000,0
1506445367,22315576,0.07379337,5.19983400,0
1506445366,22315574,0.07379337,0.60547300,0
1506445366,22315572,0.07379337,1.42544600,0
1506445366,22315571,0.07379337,1.00000000,0
1506445366,22315570,0.07379337,0.11322000,0
1506445366,22315569,0.07379337,1.18262583,0
1506445366,22315568,0.07379337,0.50000000,0
1506445353,22315544,0.07379343,0.20000000,0
1506445352,22315543,0.07360000,0.50256370,1
1506445352,22315542,0.07360000,0.50000000,1
1506445352,22315541,0.07360000,0.72027630,1
1506445342,22315532,0.07360000,0.41273500,1
1506445314,22315507,0.07379349,0.20000000,0
1506445272,22315489,0.07360001,1.40181500,1
1506445136,22315442,0.07358086,0.13301130,0
1506445134,22315440,0.07357500,0.49891370,1
1506445134,22315439,0.07358086,0.13301130,1
1506445133,22315437,0.07360000,1.00000000,1
1506445133,22315433,0.07365115,0.13332500,1
1506445130,22315431,0.07370000,0.10414225,0
1506445129,22315429,0.07370000,0.20000000,0
1506445123,22315404,0.07365115,2.56667500,1
1506445122,22315400,0.07370000,0.18678000,1
1506445122,22315398,0.07370000,0.20280000,1
1506445121,22315394,0.07370000,0.11042000,1
1506445117,22315383,0.07370013,0.10414206,0
1506445111,22315381,0.07370013,3.09594600,1
1506445110,22315379,0.07370013,0.50953500,1
1506445109,22315377,0.07370013,0.91591100,1
1506445108,22315376,0.07370013,0.50000000,1
1506445106,22315363,0.07370013,0.17857800,1
1506445020,22315305,0.07365101,2.64212494,1
1506444997,22315297,0.07382600,0.39911498,0
1506444979,22315280,0.07370201,0.08184300,0
1506444979,22315278,0.07370201,0.11815700,0
1506444976,22315265,0.07370201,0.60000000,0
1506444968,22315254,0.07370000,0.99997617,1
1506444968,22315253,0.07370000,0.50000000,1
1506444967,22315252,0.07370201,0.00002383,1
1506444964,22315247,0.07370214,0.17027000,1
1506444961,22315220,0.07370214,0.61041600,1
1506444957,22315217,0.07370201,0.34344000,1
1506444956,22315216,0.07370201,5.15321300,1
1506444956,22315215,0.07370201,0.92100500,1
1506444954,22315210,0.07370201,0.32987300,1
1506444945,22315204,0.07370201,5.15321300,1
1506444944,22315203,0.07370201,0.34349300,1
1506444943,22315198,0.07370201,10.29114000,1
1506444942,22315196,0.07370201,0.49017180,1
1506444942,22315195,0.07370201,2.01296300,1
1506444942,22315194,0.07370201,3.48267700,1
1506444939,22315190,0.07370201,0.37833100,1
1506444937,22315188,0.07370201,0.32335800,1
1506444937,22315186,0.07370201,4.18364900,1
1506444933,22315176,0.07370201,2.10412600,1
1506444930,22315168,0.07370201,2.05890400,1
1506444930,22315166,0.07370201,4.34126800,1
1506444929,22315162,0.07370201,1.19079559,1
1506444927,22315157,0.07370201,2.71467600,1
1506444925,22315152,0.07370202,0.20000000,0
1506444922,22315137,0.07370202,2.17099538,0
1506444920,22315136,0.07370201,0.20260000,1
1506444917,22315135,0.07370201,9.49270500,1
1506444917,22315133,0.07370201,1.70230600,1
1506444907,22315123,0.07370201,0.58058400,1
1506444904,22315119,0.07370201,6.27044000,1
1506444904,22315116,0.07370201,3.49133903,1
1506444904,22315114,0.07370202,3.56179097,1
1506444869,22315074,0.07382699,0.11506000,0
1506444865,22315069,0.07370201,0.80924625,1
1506444841,22315049,0.07370202,0.10424100,0
1506444839,22315048,0.07386898,0.00000100,1
1506444838,22315047,0.07386898,0.31184000,1
1506444834,22315043,0.07370202,0.18815900,0
1506444828,22315038,0.07370201,0.97502000,1
1506444827,22315036,0.07370201,4.00843950,1
1506444827,22315035,0.07370202,2.40751550,1
1506444824,22315034,0.07370202,3.38014300,1
1506444823,22315033,0.07370221,6.41595500,1
1506444728,22314941,0.07380000,0.50000000,1
1506444683,22314897,0.07371700,0.44416200,1
1506444682,22314895,0.07374000,0.20260000,1
1506444682,22314894,0.07374003,0.34323300,1
1506444557,22314815,0.07390990,0.74925477,0
1506444556,22314812,0.07390991,1.78513900,1
1506444556,22314807,0.07390988,7.47972100,0
1506444489,22314738,0.07370007,1.38764695,1
1506444489,22314737,0.07370008,1.15202405,1
1506444488,22314735,0.07370008,1.92266100,1
1506444488,22314734,0.07372301,1.78514400,1
1506444485,22314728,0.07372301,6.33285600,1
1506444424,22314692,0.07380000,0.50000000,1
1506444424,22314691,0.07380000,0.50000000,1
1506444366,22314587,0.07391972,2.69999974,0
1506444366,22314585,0.07391971,1.40282026,0
1506444351,22314531,0.07391973,1.50000000,0
1506444332,22314513,0.07380001,0.53204161,1
1506444329,22314508,0.07391978,0.12390000,0
1506444320,22314505,0.07391979,1.85840000,0
1506444255,22314414,0.07373629,0.49373247,1
1506444250,22314396,0.07391999,0.13494399,0
1506444246,22314380,0.07389189,0.01584575,0
1506444246,22314379,0.07389188,1.04162325,0
1506444238,22314345,0.07389190,0.20000000,0
1506444195,22314257,0.07389200,0.06307135,0
1506444195,22314254,0.07383732,0.02853865,0
1506444195,22314253,0.07383731,0.10839000,0
1506444192,22314238,0.07383732,3.11988300,0
1506444192,22314236,0.07383732,0.20000000,0
1506444187,22314219,0.07383733,0.20000000,0
1506444183,22314203,0.07383734,3.20439000,0
1506444181,22314196,0.07372000,0.07294000,0
1506444134,22314043,0.07383998,0.79730000,0
1506444128,22314040,0.07384000,0.20270000,0
1506444120,22314035,0.07373706,0.50000000,0
1506444115,22314031,0.07373706,0.20000000,0
1506444095,22314017,0.07373706,0.20000000,0
1506444047,22313981,0.07370487,0.71891100,1
1506444044,22313977,0.07370488,0.20000000,0
1506444013,22313958,0.07370487,0.95561400,1
1506443990,22313949,0.07370487,0.49208913,1
1506443990,22313948,0.07370488,1.91727787,1
1506443989,22313946,0.07370488,2.31666100,1
1506443958,22313924,0.07370485,1.95975400,1
1506443951,22313919,0.07370484,0.37064700,1
1506443951,22313918,0.07370484,4.45282400,1
1506443949,22313914,0.07370484,0.45438000,1
1506443938,22313902,0.07370479,1.39729400,1
1506443931,22313894,0.07383984,0.20000000,0
1506443924,22313886,0.07370477,3.22148300,1
1506443924,22313883,0.07370477,4.65010900,1
1506443924,22313882,0.07370477,1.09662600,1
1506443902,22313858,0.07370472,1.39652300,1
1506443894,22313847,0.07370431,3.35619800,1
1506443885,22313829,0.07370390,0.13589000,1
1506443873,22313815,0.07370347,3.46838800,1
1506443872,22313813,0.07370347,0.23392600,1
1506443871,22313809,0.07370334,0.61614300,1
1506443854,22313736,0.07370330,0.72211150,1
1506443851,22313720,0.07370330,7.59772114,1
1506443850,22313715,0.07370330,7.97075735,1
1506443847,22313705,0.07370330,3.96900655,1
1506443842,22313693,0.07370329,0.20544538,1
1506443795,22313630,0.07383999,0.08799000,0
1506443784,22313628,0.07376200,1.69055886,1
1506443784,22313627,0.07380000,0.00006775,1
1506443784,22313625,0.07380000,0.49993225,1
1506443777,22313621,0.07376800,1.33712200,1
1506443774,22313616,0.07370315,2.49020000,1
1506443774,22313615,0.07371000,0.20270000,1
1506443773,22313614,0.07376801,0.82864900,1
1506443772,22313612,0.07376601,0.20347300,0
1506443772,22313610,0.07376601,1.36287800,0
1506443772,22313608,0.07375000,0.30500000,0
1506443772,22313607,0.07370315,0.12990600,1
1506443771,22313606,0.07375000,0.30500000,1
1506443769,22313586,0.07376601,0.00350000,1
1506443769,22313585,0.07376800,5.00000000,1
1506443712,22313541,0.07391997,5.00000000,1
1506443706,22313539,0.07384500,2.80819278,0
1506443706,22313538,0.07384499,1.01775978,0
1506443706,22313537,0.07384499,0.67411519,0
1506443705,22313536,0.07384499,0.49993225,0
1506443703,22313534,0.07384500,1.01776000,0
1506443694,22313530,0.07377258,2.33066161,0
1506443694,22313529,0.07377257,0.14835139,0
1506443690,22313527,0.07377257,0.53098700,0
1506443677,22313518,0.07377273,2.24565300,0
1506443676,22313513,0.07377273,0.50000000,0
1506443674,22313509,0.07377273,0.44970000,0
1506443647,22313476,0.07377287,11.72007300,0
1506443645,22313474,0.07377286,7.03930500,0
1506443644,22313472,0.07376901,0.13544000,1
1506443636,22313463,0.07378000,0.08150000,1
1506443636,22313462,0.07380000,0.50000000,1
1506443582,22313346,0.07392300,0.35662961,1
1506443582,22313345,0.07392113,0.33937039,1
1506443581,22313343,0.07392000,0.30400000,0
1506443560,22313295,0.07371013,0.14846000,0
1506443559,22313294,0.07371000,0.05394000,0
1506443558,22313292,0.07370098,3.70161000,1
1506443558,22313291,0.07371000,0.30400000,1
1506443558,22313290,0.07371013,0.14846000,1
1506443554,22313286,0.07387300,5.00000000,0
1506443547,22313285,0.07384300,0.15000000,0
1506443547,22313284,0.07384000,4.00000000,0
1506443526,22313244,0.07383486,0.85435100,0
1506443518,22313228,0.07370080,2.06180937,1
1506443516,22313221,0.07370080,2.06180937,1
1506443500,22313180,0.07370080,1.36505981,1
1506443498,22313171,0.07370080,3.01424137,1
1506443496,22313164,0.07370080,3.01373934,1
1506443425,22313088,0.07383511,0.20000000,0
1506443420,22313083,0.07383513,0.20000000,0
1506443413,22313077,0.07383515,0.20000000,0
1506443411,22313076,0.07383515,0.20000000,0
1506443395,22313054,0.07370080,0.23807000,1
1506443392,22313049,0.07370080,0.14999500,1
1506443387,22313044,0.07370080,0.92207500,1
1506443373,22313023,0.07370080,1.45229700,1
1506443370,22313014,0.07370080,0.92207500,1
1506443367,22312997,0.07370080,0.38576000,1
1506443309,22312906,0.07370080,5.42886000,1
1506443301,22312877,0.07370080,0.13568374,1
1506443253,22312844,0.07383568,1.85470000,0
1506443250,22312843,0.07383569,0.14820000,0
1506443178,22312776,0.07370080,7.50654619,1
1506443177,22312772,0.07370080,0.86159600,1
1506443175,22312761,0.07370080,32.87699000,1
1506443101,22312711,0.07370078,0.02091347,1
1506443101,22312710,0.07370079,4.04963853,1
1506443099,22312705,0.07370078,3.69126487,1
1506443099,22312703,0.07370078,3.94700000,1
1506442704,22312407,0.07374800,4.99987124,1
1506442704,22312406,0.07384753,0.00012876,1
1506442686,22312389,0.07384753,0.24917124,1
1506442670,22312369,0.07370011,2.00000000,1
1506442561,22312263,0.07370000,0.24930000,1
1506442536,22312241,0.07381986,1.38000000,0
1506442530,22312237,0.07381988,1.31500000,0
1506442481,22312167,0.07381994,0.17090700,0
1506442460,22312148,0.07381997,0.86698100,0
1506442436,22312134,0.07383000,2.49531300,0
1506442436,22312133,0.07382000,0.30400000,0
1506442426,22312126,0.07380898,3.34842143,0
1506442400,22312118,0.07380856,2.07869200,1
1506442395,22312116,0.07380856,0.35353835,0
1506442395,22312115,0.07380100,3.34842165,0
1506442394,22312114,0.07380100,1.65157835,0
1506442394,22312113,0.07380099,3.34842165,0
1506442361,22312109,0.07365623,0.06073463,1
1506442360,22312108,0.07370000,0.08926037,1
1506442360,22312107,0.07370000,0.12749200,1
1506442332,22312083,0.07370000,0.28324763,1
1506442323,22312076,0.07365618,0.13404747,1
1506442321,22312074,0.07379998,1.00000000,0
1506442298,22312031,0.07379999,0.13107900,0
1506442293,22312027,0.07365613,1.39122348,1
1506442293,22312026,0.07370000,0.00013390,1
1506442286,22312014,0.07380000,0.18222100,0
1506442278,22312004,0.07370000,0.34987110,1
1506442277,22312001,0.07370001,0.50064159,1
1506442272,22311980,0.07370000,0.14999500,1
1506442178,22311885,0.07380991,0.50000000,0
1506442176,22311882,0.07373700,4.75730600,0
1506442175,22311881,0.07373700,0.24269400,0
1506442165,22311866,0.07374500,4.46098400,0
1506442162,22311864,0.07360003,2.53320500,1
1506442156,22311860,0.07360003,3.79684100,1
1506442067,22311778,0.07378000,0.00012320,1
1506442067,22311777,0.07370000,1.01507925,1
1506442067,22311776,0.07370000,0.00012306,1
1506442064,22311772,0.07370000,0.99987694,1
1506442060,22311769,0.07377800,0.50000000,0
1506442059,22311768,0.07377600,0.20000000,1
1506441998,22311721,0.07376800,0.20310000,0
1506441996,22311718,0.07374000,0.20310000,0
1506441988,22311707,0.07374700,0.10021600,0
1506441973,22311700,0.07378999,0.14652370,0
1506441971,22311697,0.07360001,0.13576908,1
1506441971,22311696,0.07365000,0.00010047,1
1506441966,22311692,0.07365000,0.99989953,1
1506441962,22311690,0.07361000,0.20310000,1
1506441961,22311688,0.07380000,0.60000000,0
1506441927,22311679,0.07380700,0.00010277,0
1506441927,22311678,0.07380437,0.49989723,0
1506441927,22311677,0.07360700,0.50000000,1
1506441927,22311676,0.07370678,0.12360000,1
1506441908,22311662,0.07378123,0.49988541,1
1506441907,22311661,0.07367100,0.00000042,0
1506441907,22311660,0.07367100,4.99999958,0
1506441907,22311659,0.07365998,0.67613942,0
1506441902,22311657,0.07365998,0.50000000,0
1506441900,22311654,0.07365998,0.30400000,0
1506441896,22311650,0.07366000,0.19600000,0
1506441896,22311649,0.07365999,0.30400000,0
1506441894,22311648,0.07366000,0.50000000,0
1506441888,22311642,0.07370578,0.07360000,1
1506441887,22311640,0.07358870,0.05000000,0
1506441877,22311635,0.07359600,0.15000000,1
1506441875,22311631,0.07360600,2.09607884,1
1506441872,22311626,0.07360600,2.90392116,1
1506441871,22311625,0.07364000,0.30400000,1
1506441871,22311624,0.07370000,0.00012184,1
1506441865,22311614,0.07370000,0.99987816,1
1506441864,22311611,0.07376400,0.50000000,0
1506441862,22311608,0.07375399,0.41143000,0
1506441861,22311607,0.07360000,0.08857000,0
1506441861,22311605,0.07360000,0.26143000,1
1506441856,22311601,0.07375399,0.23857000,0
1506441856,22311600,0.07360000,0.26143000,0
1506441855,22311598,0.07360000,0.35000000,1
1506441853,22311597,0.07375399,1.00000000,0
1506441851,22311595,0.07370000,0.50000000,0
1506441850,22311594,0.07360000,0.15000000,1
1506441850,22311592,0.07370000,0.00250000,1
1506441850,22311591,0.07370000,0.50000000,1
1506441846,22311584,0.07370000,0.49750000,1
1506441833,22311573,0.07376700,0.77269454,0
1506441832,22311570,0.07376699,0.22730546,0
1506441809,22311537,0.07370000,0.16162734,1
1506441807,22311530,0.07370000,0.30288641,1
1506441806,22311527,0.07370000,0.53548625,1
1506441806,22311526,0.07375678,0.46451375,1
1506441805,22311524,0.07383798,0.22747588,1
1506441796,22311505,0.07377381,0.95110135,0
1506441796,22311503,0.07375705,3.34842165,0
1506441795,22311500,0.07375704,0.10837820,0
1506441795,22311497,0.07373799,0.04553556,0
1506441791,22311489,0.07373778,0.30801037,1
1506441785,22311483,0.07373795,0.46451300,0
1506441784,22311478,0.07370462,0.46451375,0
1506441783,22311472,0.07373795,0.62350000,0
1506441783,22311470,0.07373795,0.89031000,0
1506441782,22311467,0.07373795,0.50000000,0
1506441782,22311460,0.07363800,4.21078291,1
1506441781,22311459,0.07370000,0.00000500,1
1506441780,22311458,0.07373795,0.50000000,0
1506441778,22311455,0.07373795,0.50000000,0
1506441776,22311454,0.07373795,0.50000000,0
1506441773,22311451,0.07373796,0.50000000,0
1506441771,22311449,0.07373796,0.50000000,0
1506441771,22311448,0.07370000,0.99999500,1
1506441767,22311444,0.07373797,0.05953700,0
1506441767,22311443,0.07373797,0.44046300,0
1506441765,22311441,0.07373797,0.50000000,0
1506441763,22311439,0.07373798,0.50000000,0
1506441761,22311438,0.07373798,0.50000000,0
1506441759,22311432,0.07373778,0.99978885,1
1506441758,22311431,0.07373799,0.50000000,0
1506441755,22311428,0.07373800,0.50000000,0
1506441752,22311426,0.07373978,0.00011350,1
1506441751,22311425,0.07373998,0.50000000,0
1506441750,22311419,0.07373978,0.99988650,1
1506441734,22311388,0.07364000,0.68063000,1
1506441734,22311387,0.07364000,0.94046300,1
1506441733,22311384,0.07364000,1.37890700,1
1506441732,22311383,0.07367818,0.05953700,1
1506441723,22311370,0.07370001,1.00323100,1
1506441722,22311368,0.07370001,0.99676900,1
1506441707,22311356,0.07370000,0.50000000,1
1506441696,22311341,0.07367818,7.31932100,1
1506441688,22311328,0.07367818,1.72343700,1
1506441688,22311327,0.07368100,5.00000000,1
1506441687,22311323,0.07367818,0.89770500,1
1506441684,22311315,0.07378078,0.10229500,1
1506441682,22311314,0.07378078,0.89770500,1
1506441673,22311301,0.07370000,1.00000000,1
1506441664,22311296,0.07370018,1.47176951,1
1506441664,22311295,0.07370018,1.00000000,1
1506441663,22311294,0.07378158,0.11480580,0
1506441663,22311293,0.07370018,1.94984700,1
1506441657,22311283,0.07370018,0.15765700,1
1506441657,22311282,0.07370018,4.34324245,1
1506441656,22311281,0.07370018,4.34336000,1
1506441656,22311279,0.07370018,2.39339300,1
1506441655,22311277,0.07370018,1.00000000,1
1506441655,22311275,0.07370018,1.56196200,1
1506441654,22311273,0.07370018,5.89880844,1
1506441654,22311272,0.07370019,0.54553556,1
1506441653,22311268,0.07370019,2.39340200,1
1506441643,22311254,0.07370018,2.15650200,1
1506441643,22311252,0.07370018,2.57970800,1
1506441643,22311250,0.07370019,0.12650000,0
1506441643,22311248,0.07370018,5.95100800,1
1506441642,22311247,0.07378078,0.12350000,1
1506441641,22311242,0.07370018,1.40651600,1
1506441641,22311241,0.07370019,0.75000000,1
1506441640,22311239,0.07370019,1.09093786,1
1506441639,22311238,0.07370019,1.40650700,1
1506441639,22311237,0.07378078,0.75000000,1
1506441629,22311195,0.07378158,0.50000000,0
1506441628,22311194,0.07378078,0.34255000,1
1506441619,22311185,0.07378078,0.41024700,1
1506441619,22311184,0.07376999,0.06760300,0
1506441619,22311183,0.07375000,0.17960000,0
1506441606,22311169,0.07370018,3.12725100,1
1506441606,22311168,0.07370018,2.15544800,1
1506441605,22311166,0.07376000,0.12340000,0
1506441604,22311160,0.07370018,5.29381200,1
1506441603,22311144,0.07370018,2.15544800,1
1506441598,22311134,0.07370018,3.12725700,1
1506441597,22311133,0.07376999,0.75000000,0
1506441597,22311132,0.07370018,0.46456409,1
1506441597,22311131,0.07370019,1.43289491,1
1506441596,22311128,0.07370019,2.15544200,1
1506441585,22311114,0.07370018,5.80707971,1
1506441585,22311113,0.07374900,1.00120000,1
1506441583,22311111,0.07370018,2.26930229,1
1506441583,22311110,0.07370019,3.10507771,1
1506441582,22311108,0.07370019,1.32496800,0
1506441581,22311105,0.07370018,4.04728100,1
1506441581,22311102,0.07370019,3.10507771,1
1506441580,22311100,0.07370019,1.32496800,1
1506441560,22311078,0.07370018,2.53078351,1
1506441553,22311055,0.07373501,3.14867307,1
1506441550,22311052,0.07373501,3.14601260,1
1506441539,22311026,0.07383478,1.00000000,1
1506441519,22310994,0.07370016,4.43023300,1
1506441509,22310969,0.07370016,6.36873700,1
1506441508,22310967,0.07370016,4.43023300,1
1506441503,22310955,0.07370016,1.11209500,1
1506441503,22310954,0.07370016,4.84036300,1
1506441499,22310940,0.07370016,4.83142900,1
1506441487,22310895,0.07370016,3.71676200,1
1506441487,22310892,0.07370016,1.11704200,1
1506441478,22310864,0.07370016,4.82648200,1
1506441474,22310857,0.07370016,4.82767000,1
1506441462,22310843,0.07370014,2.88295300,1
1506441462,22310842,0.07370014,1.94352900,1
1506441438,22310832,0.07370014,3.99999500,1
1506441415,22310815,0.07370012,0.39447600,1
1506441413,22310813,0.07370010,1.51495147,1
1506441413,22310812,0.07370011,2.91528153,1
1506441409,22310803,0.07370010,1.57043207,1
1506441388,22310775,0.07370010,1.81655084,1
1506441388,22310773,0.07370010,0.24329600,1
1506441386,22310770,0.07370009,1.57014755,1
1506441218,22310639,0.07370001,6.33744300,1
1506441217,22310637,0.07370001,4.42851200,1
1506441190,22310608,0.07374992,1.13343100,1
1506441189,22310607,0.07374992,0.81760300,1
1506441188,22310605,0.07374992,2.13597000,1
1506441186,22310594,0.07374992,4.85499600,1
1506441185,22310590,0.07380000,0.50000000,1
1506441147,22310554,0.07374991,1.32717451,1
1506441136,22310544,0.07380000,0.50000000,1
1506441113,22310534,0.07382996,1.02031655,0
1506441100,22310528,0.07382996,0.60000000,0
1506441089,22310524,0.07380000,0.13564000,1
1506441080,22310514,0.07380000,0.13550136,1
1506441041,22310488,0.07382995,0.03480356,0
1506441040,22310484,0.07374991,0.59833294,1
1506441036,22310477,0.07382995,0.29999900,0
1506441030,22310462,0.07382995,0.14846000,0
1506440992,22310409,0.07382995,0.40000000,0
1506440983,22310405,0.07382995,0.64567600,0
1506440982,22310402,0.07382995,0.18139000,0
1506440968,22310392,0.07370007,1.26383853,1
1506440968,22310391,0.07370008,0.73333990,1
1506440966,22310381,0.07370007,2.87533265,1
1506440965,22310360,0.07370007,0.73321488,1
1506440965,22310351,0.07382995,0.20000000,0
1506440965,22310349,0.07370006,5.07404125,1
1506440964,22310345,0.07370005,3.60865300,1
1506440962,22310337,0.07370005,3.60630565,1
1506440961,22310334,0.07370004,5.80731107,1
1506440961,22310332,0.07370004,1.26918555,1
1506440958,22310326,0.07382995,0.15007935,0
1506440958,22310325,0.07371900,0.14992065,0
1506440958,22310324,0.07370003,4.36299521,1
1506440958,22310323,0.07371900,0.15000000,1
1506440957,22310322,0.07372000,0.00007067,1
1506440957,22310320,0.07372000,0.80864081,1
1506440953,22310310,0.07382995,0.60066800,0
1506440951,22310304,0.07382995,1.60090800,0
1506440951,22310303,0.07382995,0.30000000,0
1506440950,22310298,0.07372002,1.60090841,0
1506440946,22310285,0.07382995,0.20000000,0
1506440897,22310259,0.07382997,0.50000000,0
1506440896,22310257,0.07382997,0.20000000,0
1506440889,22310254,0.07382998,0.06464487,0
1506440889,22310253,0.07382000,0.13535513,0
1506440875,22310237,0.07372002,1.27321248,1
1506440875,22310236,0.07380000,0.00018670,1
1506440867,22310221,0.07384698,0.50000000,0
1506440867,22310218,0.07380083,3.34842165,0
1506440864,22310209,0.07380000,0.99981330,1
1506440864,22310207,0.07380000,0.50000000,1
1506440864,22310206,0.07380001,0.00011895,1
1506440862,22310199,0.07380001,3.88447238,1
1506440859,22310194,0.07380084,2.73502483,1
1506440858,22310192,0.07380084,5.51542100,1
1506440858,22310191,0.07390000,0.20000000,1
1506440855,22310186,0.07380084,5.71329324,1
1506440855,22310185,0.07380084,8.53547285,1
1506440854,22310183,0.07381000,0.11180000,1
1506440853,22310179,0.07380084,2.93077791,1
1506440852,22310174,0.07380084,5.71339200,1
1506440850,22310170,0.07380084,5.71125749,1
1506440850,22310168,0.07380084,2.12351616,1
1506440850,22310167,0.07380084,6.51760756,1
1506440848,22310164,0.07380071,1.94585551,1
1506440848,22310163,0.07380083,0.00007428,1
1506440848,22310161,0.07380083,6.69209276,1
1506440846,22310156,0.07380083,5.46399004,1
1506440846,22310153,0.07390000,0.17894487,0
1506440846,22310152,0.07390000,0.02105513,0
1506440845,22310149,0.07380083,1.58868132,1
1506440843,22310136,0.07380083,1.88384774,1
1506440842,22310133,0.07380083,5.46209386,1
1506440840,22310128,0.07380070,5.70915205,1
1506440839,22310123,0.07380069,2.13036152,1
1506440839,22310121,0.07380069,6.49732800,1
1506440837,22310118,0.07380056,5.70853400,1
1506440836,22310115,0.07380056,0.68478356,1
1506440836,22310114,0.07380056,0.89778117,1
1506440835,22310113,0.07390000,0.12886368,0
1506440835,22310112,0.07390000,0.07113632,0
1506440835,22310110,0.07380056,2.37024700,1
1506440834,22310109,0.07380056,4.67881600,1
1506440833,22310105,0.07380055,4.12563300,1
1506440832,22310103,0.07380055,7.04649202,1
1506440830,22310098,0.07380041,5.46595881,1
1506440827,22310094,0.07380041,5.46402114,1
1506440825,22310086,0.07380041,5.46205638,1
1506440823,22310081,0.07380028,1.01891460,1
1506440813,22310072,0.07379105,0.21422653,1
1506440813,22310071,0.07379105,4.20715825,1
1506440813,22310069,0.07380000,0.20250000,1
1506440812,22310066,0.07386000,0.30300000,1
1506440800,22310038,0.07390000,1.00000000,1
1506440800,22310037,0.07390000,0.19715359,1
