date,tid,price,amount,type
1506470440,22339698,243.00,1.27271605,0
1506470440,22339697,243.00,0.22576131,0
1506470439,22339694,243.00,4.48329218,0
1506470421,22339683,243.00,6.94866000,0
1506470337,22339634,243.00,0.66078651,0
1506470337,22339633,243.00,1.13309970,0
1506470337,22339632,242.99,0.11000000,0
1506470325,22339623,243.00,8.57154403,0
1506470321,22339622,243.00,5.91100000,0
1506470321,22339621,242.99,0.13000000,0
1506470310,22339613,243.00,0.20059300,0
1506470309,22339612,243.00,6.91465600,0
1506470309,22339610,242.99,0.15000000,0
1506470297,22339605,243.00,2.65042880,0
1506470296,22339604,243.00,8.01525743,0
1506470296,22339603,242.99,0.18000000,0
1506470284,22339592,243.00,5.95040495,0
1506470284,22339591,243.00,1.01517689,0
1506470284,22339590,243.00,0.77767259,0
1506470283,22339589,242.99,0.22000000,0
1506470282,22339585,242.98,0.20206592,0
1506470277,22339582,243.00,0.60741471,0
1506470277,22339581,242.99,0.00636224,0
1506470272,22339576,242.99,0.25363776,0
1506470148,22339515,243.00,6.96772399,0
1506470148,22339514,242.99,0.31000000,0
1506470104,22339495,243.00,2.46914000,0
1506470103,22339494,243.00,4.63889000,0
1506470103,22339493,242.99,0.36000000,0
1506470010,22339481,243.00,1.13973300,0
1506470002,22339479,243.00,4.51000000,0
1506470001,22339478,242.99,0.43000000,0
1506469963,22339474,243.00,4.40726000,0
1506469963,22339473,242.99,0.51000000,0
1506469963,22339472,242.97,0.08274000,0
1506469945,22339465,243.00,8.57844500,0
1506469945,22339464,242.99,0.61000000,0
1506469930,22339462,243.00,7.54473000,0
1506469930,22339461,242.99,0.73000000,0
1506469845,22339438,243.00,0.53600000,0
1506469845,22339437,242.72,2.46924000,1
1506469844,22339436,243.00,4.05651100,0
1506469844,22339435,242.99,0.86000000,0
1506469844,22339434,242.99,0.07800000,0
1506469789,22339428,242.70,0.06325500,1
1506469789,22339427,242.73,0.08274000,1
1506469706,22339399,243.00,6.35981831,0
1506469706,22339398,242.99,1.03000000,0
1506469706,22339397,242.99,1.96922069,0
1506469687,22339395,242.99,2.43250800,0
1506469648,22339388,242.99,0.40921220,0
1506469647,22339387,242.99,4.87098613,0
1506469608,22339345,242.99,0.31807298,0
1506469607,22339344,242.97,0.08274000,0
1506469585,22339336,242.71,0.08274000,0
1506469555,22339331,242.99,0.07420900,0
1506469555,22339330,242.99,2.39503100,0
1506469554,22339328,242.99,7.60496900,0
1506469162,22339201,242.99,1.00000000,0
1506469143,22339191,242.99,0.63000000,1
1506469130,22339190,242.99,1.54000000,1
1506469118,22339183,242.99,1.83000000,0
1506469118,22339182,242.99,9.00000000,0
1506468553,22339031,243.00,2.17000000,0
1506468553,22339029,243.00,2.17000000,0
1506468552,22339027,243.00,2.17000000,0
1506468551,22339025,243.00,2.17000000,0
1506468549,22339023,242.99,1.21788327,1
1506468549,22339022,242.99,0.95211673,1
1506468544,22339020,242.99,0.30967200,1
1506468540,22339014,242.99,2.58000000,0
1506468540,22339012,242.97,0.25821127,0
1506468535,22339003,242.97,1.58603756,0
1506468535,22339002,242.81,0.08274000,0
1506468163,22338870,242.50,0.05337017,1
1506468163,22338869,242.52,3.31803983,1
1506468163,22338868,242.56,0.08274000,1
1506468151,22338842,243.00,1.15728395,0
1506468151,22338836,242.99,0.91000000,0
1506468151,22338832,242.77,0.31747371,0
1506468150,22338831,242.76,0.08274000,0
1506468001,22338783,242.55,0.31747371,1
1506468001,22338782,242.55,0.29978629,0
1506467999,22338780,242.70,0.08274000,1
1506467953,22338772,242.99,0.08117060,0
1506467840,22338732,243.00,0.72572016,0
1506467840,22338731,242.99,1.10000000,0
1506467832,22338723,243.00,1.86903300,0
1506467832,22338722,242.99,1.31000000,0
1506467809,22338719,242.99,0.45334000,0
1506467715,22338703,242.99,0.59000000,0
1506467694,22338691,243.00,13.75063100,0
1506467694,22338690,242.99,2.44000000,0
1506467693,22338688,242.99,1.75000000,0
1506467665,22338681,242.98,0.03543358,0
1506467665,22338680,242.98,3.82912317,0
1506467639,22338670,242.96,0.21688234,0
1506467481,22338565,242.98,0.27087683,0
1506467469,22338559,242.83,0.08274000,0
1506467412,22338536,242.40,0.15000000,1
1506467412,22338535,242.52,0.08274000,1
1506467412,22338534,242.54,0.08274000,1
1506467412,22338533,242.58,0.08274000,1
1506467273,22338488,242.98,0.20200000,0
1506467254,22338475,242.97,0.75458300,0
1506467223,22338471,242.98,1.34230425,0
1506466858,22338259,243.00,0.51469344,0
1506466847,22338250,242.99,0.64000000,0
1506466843,22338247,242.99,0.02469237,1
1506466835,22338236,242.99,0.77000000,0
1506466834,22338235,242.98,0.08274000,0
1506466828,22338226,242.56,0.15822900,1
1506466828,22338225,242.65,0.08274000,1
1506466816,22338209,242.62,2.46619000,1
1506466815,22338208,243.00,0.71294000,0
1506466815,22338207,242.99,0.16000000,0
1506466815,22338206,242.98,1.13000000,0
1506466798,22338182,242.57,0.19080000,1
1506466755,22338178,242.66,1.71720000,1
1506466739,22338173,242.98,2.47157009,1
1506466718,22338161,242.64,3.60000000,0
1506466708,22338155,242.99,0.19939092,0
1506466693,22338140,242.94,2.04809000,0
1506466687,22338138,242.89,2.68719000,0
1506466639,22338096,243.00,2.84671900,0
1506466638,22338092,243.00,1.93226700,0
1506466630,22338079,243.00,12.83998900,0
1506466629,22338078,243.00,9.65847500,0
1506466623,22338070,243.00,5.00000000,0
1506466620,22338066,243.00,1.00000000,0
1506466619,22338065,243.00,1.81955200,0
1506466586,22338051,243.00,0.20211800,0
1506466569,22338047,243.00,0.32774400,0
1506466557,22338038,243.00,0.19716600,0
1506466549,22338035,243.00,5.00000000,0
1506466537,22338029,243.00,0.13459000,0
1506466523,22338022,243.00,0.18842200,0
1506466499,22338007,243.00,0.79816400,0
1506466497,22338004,243.00,1.10784200,0
1506466429,22337986,243.00,11.17033707,0
1506466429,22337984,242.90,0.21461093,0
1506466407,22337977,242.90,0.20219621,0
1506466405,22337975,242.90,5.00049403,0
1506466403,22337967,242.90,0.49995883,0
1506466393,22337960,242.96,0.08274000,1
1506466357,22337940,243.00,0.08567555,0
1506466353,22337933,243.00,0.23000000,0
1506466352,22337929,243.00,0.28057614,0
1506466348,22337924,243.00,1.15193415,0
1506466347,22337923,243.00,0.88000000,0
1506466347,22337920,243.00,0.83543209,0
1506466339,22337907,243.00,0.08274000,1
1506466334,22337905,243.20,0.65807000,0
1506466334,22337904,243.19,0.11000000,0
1506466328,22337899,243.21,0.23000000,1
1506466328,22337898,243.21,1.36954784,1
1506466294,22337890,243.28,0.13000000,0
1506466285,22337886,243.28,0.39109745,1
1506466285,22337885,243.28,0.31000000,0
1506466285,22337884,243.28,0.16000000,0
1506466284,22337883,243.28,3.09090354,0
1506466284,22337882,243.28,0.70109745,0
1506466282,22337878,243.28,0.30799901,0
1506466250,22337869,243.28,0.14992703,0
1506466229,22337862,243.28,0.58710146,0
1506466218,22337856,243.28,0.15015619,0
1506466210,22337852,243.29,1.64647128,0
1506466206,22337844,243.29,4.19480167,0
1506466206,22337843,243.28,0.23000000,0
1506466198,22337810,243.28,0.10300000,0
1506466183,22337807,243.29,0.18159398,0
1506466182,22337806,243.29,0.28727033,0
1506466180,22337800,243.29,1.12466603,0
1506466174,22337793,243.29,0.29810000,0
1506466172,22337787,243.29,0.49993834,0
1506466161,22337780,243.29,0.54968761,0
1506466160,22337778,243.29,5.37675202,0
1506466158,22337771,243.29,2.59829300,0
1506466158,22337769,243.29,3.52959621,0
1506466155,22337763,243.29,3.52608421,0
1506466151,22337748,243.29,3.52257419,0
1506466150,22337745,243.29,3.18703360,0
1506466150,22337741,243.29,5.34074561,0
1506466147,22337736,243.29,0.17764330,0
1506466147,22337731,243.29,5.76735581,0
1506466064,22337712,243.28,0.50000000,0
1506465983,22337689,243.29,1.27115788,0
1506465922,22337680,243.29,1.09507000,0
1506465918,22337677,243.29,0.20190000,0
1506465908,22337673,243.29,6.00000000,0
1506465892,22337672,243.29,0.18155288,0
1506465886,22337668,243.29,2.46619000,0
1506465885,22337667,243.28,0.11000000,0
1506464990,22337347,243.29,6.78601668,0
1506464988,22337346,243.28,0.15000000,0
1506464926,22337328,243.29,50.72177700,0
1506464926,22337327,243.28,0.18000000,0
1506464925,22337326,243.27,5.09822300,0
1506464914,22337324,243.13,8.18298800,0
1506464914,22337323,243.10,228.25668143,0
1506464914,22337322,243.09,0.21000000,0
1506464914,22337321,243.08,55.33076602,0
1506464914,22337320,243.07,1.47210000,0
1506464883,22337296,243.07,0.15000000,0
1506464881,22337291,243.07,0.30700000,0
1506464873,22337287,243.00,8.12052701,0
1506464873,22337286,242.99,0.08274000,0
1506464755,22337226,242.65,0.92893223,0
1506464753,22337225,242.65,0.08274000,0
1506464608,22337182,242.87,0.08274000,0
1506464590,22337174,242.61,0.01185600,1
1506464590,22337173,242.61,1.00000000,1
1506464539,22337156,242.62,0.92917500,1
1506464539,22337155,242.72,0.08274000,1
1506464509,22337145,243.00,0.24667000,0
1506464504,22337142,243.00,0.28021317,0
1506464476,22337131,243.00,2.01913000,0
1506464475,22337129,243.00,1.81144287,0
1506464467,22337113,243.00,0.44862031,0
1506464399,22337045,243.00,1.48538641,0
1506464395,22337039,243.00,2.77820000,0
1506464391,22337032,243.00,0.50717500,0
1506464277,22336944,243.00,2.12177693,0
1506464257,22336930,243.00,0.04993100,0
1506464246,22336924,243.00,2.07307554,0
1506464212,22336915,243.00,8.98812600,0
1506464212,22336914,242.99,0.08274000,0
1506464212,22336913,242.99,0.92913400,0
1506464210,22336912,242.71,0.92913400,1
1506464210,22336911,242.72,0.08274000,1
1506464183,22336905,243.00,5.42037500,0
1506464178,22336902,243.00,4.97017900,0
1506464151,22336887,243.00,8.67917176,0
1506464151,22336886,243.00,30.95966024,0
1506464151,22336885,242.99,1.00000000,0
1506464137,22336879,242.60,67.16891566,1
1506464137,22336878,242.61,0.58278900,1
1506464136,22336877,242.61,1.00000000,1
1506464132,22336876,242.62,0.29480334,0
1506464131,22336873,242.62,0.71164783,0
1506464128,22336867,242.62,1.38006429,0
1506464122,22336865,243.00,0.36880658,0
1506464122,22336864,242.98,1.00000000,0
1506464121,22336863,242.96,0.08274000,0
1506464103,22336859,242.60,203.23564868,1
1506464103,22336858,242.65,0.08274000,1
1506464082,22336851,242.60,10.00000000,1
1506464079,22336824,242.77,0.12592165,0
1506464075,22336819,242.77,0.65374100,0
1506464069,22336799,242.60,5.00000000,1
1506464067,22336794,242.60,1.00000000,1
1506464066,22336791,242.60,16.42177753,0
1506464066,22336790,242.56,5.00000000,0
1506464064,22336789,242.51,5.00000000,1
1506464063,22336788,242.60,562.46621139,0
1506464063,22336787,242.59,1.00000000,0
1506464063,22336786,242.58,10.94000000,0
1506464063,22336785,242.50,1.59378861,0
1506464063,22336784,242.50,1.32999500,1
1506464062,22336783,242.50,0.07621639,1
1506464060,22336781,242.50,0.15377247,1
1506464060,22336780,242.50,0.87622753,1
1506464060,22336779,242.51,0.97000000,1
1506464057,22336774,242.58,0.94453446,0
1506464053,22336773,242.50,5.00000000,1
1506464034,22336767,242.50,248.00000000,1
1506464034,22336766,242.51,1.00000000,1
1506464033,22336765,242.51,1.00000000,1
1506463996,22336731,242.60,8.89108600,0
1506463991,22336729,242.60,23.38600000,0
1506463990,22336728,242.60,2.43391700,0
1506463990,22336727,242.60,5.05732500,0
1506463989,22336726,242.60,22.50875800,0
1506463984,22336725,242.60,4.53489400,0
1506463967,22336719,242.60,10.00000500,0
1506463945,22336712,242.60,1.85388531,0
1506463931,22336706,242.60,0.20240000,0
1506463927,22336702,242.60,1.00004122,0
1506463925,22336698,242.60,0.49991755,0
1506463921,22336696,242.60,1.59119000,0
1506463888,22336670,242.60,1.13303400,0
1506463859,22336651,242.60,1.10244000,0
1506463858,22336649,242.60,0.39977000,0
1506463855,22336645,242.60,1.77060300,0
1506463855,22336644,242.59,0.15000000,0
1506463847,22336640,242.60,3.93000000,0
1506463847,22336639,242.59,0.17000000,0
1506463777,22336617,242.60,0.52858200,0
1506463777,22336615,242.59,0.22036600,0
1506463773,22336614,242.59,0.02963400,0
1506463759,22336602,242.60,0.82000000,0
1506463758,22336601,242.60,0.45000000,0
1506463758,22336600,242.59,0.37000000,1
1506463757,22336599,242.60,0.45000000,0
1506463756,22336598,242.60,0.45000000,0
1506463755,22336597,242.60,0.45000000,0
1506463754,22336596,242.60,0.45000000,0
1506463753,22336594,242.60,0.45000000,0
1506463752,22336593,242.60,0.45000000,0
1506463751,22336592,242.60,0.45000000,0
1506463751,22336590,242.60,0.45000000,0
1506463750,22336589,242.60,0.45000000,0
1506463749,22336588,242.60,0.45000000,0
1506463748,22336584,242.60,0.45000000,0
1506463748,22336582,242.60,0.45000000,0
1506463747,22336581,242.60,0.45000000,0
1506463746,22336580,242.60,0.45000000,0
1506463745,22336579,242.60,0.45000000,0
1506463744,22336577,242.59,0.45000000,1
1506463741,22336569,242.60,53.32400000,0
1506463733,22336564,242.60,12.34931700,0
1506463733,22336563,242.60,6.09671500,0
1506463733,22336562,242.59,0.67000000,0
1506463715,22336558,242.60,0.03813100,0
1506463713,22336556,242.65,0.46000000,1
1506463680,22336532,243.00,12.52515200,0
1506463680,22336531,242.99,0.54181000,0
1506463677,22336528,242.99,0.45819000,0
1506463677,22336527,242.99,1.00000000,0
1506463627,22336489,242.98,0.01987817,0
1506463625,22336487,242.97,0.08274000,0
1506463590,22336471,242.97,0.01986526,0
1506463589,22336470,242.78,0.08274000,0
1506463477,22336405,242.50,4.05672017,1
1506463477,22336403,242.51,1.00000000,1
1506463477,22336402,242.52,1.90053983,1
1506463475,22336401,242.55,0.08274000,1
1506463456,22336392,242.51,0.92936800,1
1506463456,22336391,242.61,0.08274000,1
1506463409,22336356,242.51,0.08274000,0
1506463406,22336325,242.50,1.91726000,1
1506463404,22336319,242.51,0.08274000,1
1506463401,22336316,242.50,0.94000000,1
1506463400,22336312,242.50,251.20979230,0
1506463396,22336301,242.50,0.11797938,0
1506463396,22336300,242.49,0.11200000,0
1506463393,22336285,242.49,1.00800000,0
1506463382,22336264,242.49,1.32993814,0
1506463372,22336252,242.50,2.38651546,0
1506463367,22336250,242.50,1.90284022,0
1506463367,22336249,242.50,4.14498969,0
1506463364,22336243,242.50,0.22997938,0
1506463364,22336240,242.50,4.37509278,0
1506463363,22336238,242.50,1.90283957,0
1506463362,22336234,242.49,1.35000000,0
1506463361,22336229,242.50,5.59381443,0
1506463361,22336228,242.50,1.90284012,0
1506463359,22336225,242.50,4.37476288,0
1506463359,22336224,242.50,1.90284018,0
1506463358,22336220,242.50,1.90284536,0
1506463357,22336218,242.50,5.59336082,0
1506463356,22336215,242.50,1.90283994,0
1506463356,22336214,242.50,0.30284536,0
1506463354,22336210,242.50,1.80000000,0
1506463352,22336205,242.48,0.22557000,1
1506463350,22336204,242.50,1.90284008,0
1506463350,22336200,242.50,2.79340206,0
1506463350,22336197,242.49,1.34000000,0
1506463349,22336189,242.50,5.59303092,0
1506463348,22336186,242.50,0.50292783,0
1506463348,22336184,242.50,1.39991752,0
1506463339,22336166,242.50,1.40140206,0
1506463338,22336165,242.50,0.64343480,0
1506463337,22336162,242.50,3.72412371,0
1506463336,22336161,242.50,0.93184528,0
1506463336,22336160,242.49,0.03681451,0
1506463336,22336159,242.49,0.43121649,0
1506463335,22336156,242.49,0.84196900,0
1506463331,22336152,242.50,0.59971134,0
1506463331,22336151,242.50,5.72787628,0
1506463330,22336145,242.50,0.22993814,0
1506463327,22336134,242.50,1.80000000,0
1506463325,22336133,242.49,0.52902966,0
1506463322,22336131,242.49,1.03097034,1
1506463317,22336125,242.50,5.99714125,0
1506463317,22336124,242.49,0.00005462,0
1506463315,22336119,242.49,0.17559486,0
1506463315,22336118,242.49,1.67435052,0
1506463296,22336111,242.49,0.48750515,0
1506463295,22336110,242.49,0.39047422,1
1506463289,22336105,242.49,1.65952578,0
1506463289,22336104,242.49,0.39047422,0
1506463288,22336103,242.47,2.16243991,0
1506463285,22336099,242.47,0.31896729,0
1506463283,22336095,242.47,6.27446100,0
1506463282,22336093,242.47,6.16616489,0
1506463281,22336090,242.47,0.31896729,0
1506463280,22336086,242.47,0.31856369,0
1506463278,22336083,242.47,0.31826559,0
1506463277,22336082,242.47,2.47465625,0
1506463277,22336081,242.47,0.39098000,0
1506463277,22336080,242.47,1.25653409,0
1506463277,22336079,242.44,2.14611366,0
1506463276,22336076,242.44,0.81000000,0
1506463275,22336072,242.44,6.26213000,0
1506463273,22336070,242.44,7.73460634,0
1506463272,22336067,242.41,0.06660923,0
1506463272,22336065,242.41,0.12595372,0
1506463265,22336056,242.41,0.59016700,0
1506463264,22336053,242.41,0.23000205,0
1506463253,22336047,242.45,2.04715000,1
1506463245,22336042,242.50,0.13892200,0
1506463244,22336041,242.50,5.08101030,0
1506463244,22336038,242.49,1.75148454,0
1506463244,22336036,242.49,0.31851546,0
1506463239,22336030,242.50,1.25195876,0
1506463238,22336028,242.50,0.31835051,0
1506463237,22336025,242.50,0.90000000,0
1506463236,22336022,242.50,2.19088100,0
1506463230,22336011,242.50,0.05906700,0
1506463229,22336009,242.49,2.13000000,0
1506463228,22336005,242.50,2.18721100,0
1506463227,22336003,242.50,9.09703093,0
1506463226,22336001,242.50,0.31843298,0
1506463225,22335997,242.50,2.18543800,0
1506463224,22335995,242.50,8.03047423,0
1506463223,22335992,242.50,0.31851546,0
1506463222,22335985,242.50,1.05871068,0
1506463221,22335981,242.50,2.50214432,0
1506463220,22335977,242.50,6.16309278,0
1506463219,22335975,242.50,0.31851546,0
1506463217,22335968,242.50,3.55805100,0
1506463217,22335966,242.50,3.99810310,0
1506463216,22335965,242.49,2.16000000,0
1506463216,22335958,242.50,0.31859793,0
1506463209,22335948,242.50,0.75825478,0
1506463206,22335938,242.50,3.52886592,0
1506463205,22335931,242.50,5.86292783,0
1506463204,22335929,242.50,2.02144329,0
1506463204,22335928,242.49,0.74000000,0
1506463202,22335918,242.50,0.26688118,0
1506463201,22335915,242.50,2.75868041,0
1506463201,22335913,242.50,2.26651894,0
1506463200,22335908,242.50,6.82556701,0
1506463199,22335906,242.50,0.32000000,0
1506463197,22335900,242.50,2.26423497,0
1506463196,22335896,242.50,4.27864894,0
1506463191,22335895,242.50,0.39823861,0
1506463191,22335890,242.50,0.53616495,0
1506463190,22335888,242.50,0.39835051,0
1506463190,22335887,242.50,7.85156574,0
1506463190,22335886,242.49,0.49000000,0
1506463188,22335883,242.50,0.44214432,0
1506463188,22335881,242.50,8.58857731,0
1506463187,22335878,242.50,0.16828973,0
1506463187,22335876,242.50,1.24000000,0
1506463186,22335871,242.50,1.29563218,0
1506463185,22335866,242.50,2.84676288,0
1506463184,22335865,242.50,3.67686597,0
1506463184,22335864,242.50,2.91964590,0
1506463184,22335859,242.50,1.60185449,0
1506463183,22335856,242.50,0.30663917,0
1506463179,22335839,242.50,2.97909288,0
1506463178,22335837,242.50,0.04766940,0
1506463178,22335836,242.49,0.57000000,0
1506463177,22335822,242.50,1.32302777,0
1506463176,22335816,242.50,0.20203900,0
1506463176,22335813,242.50,7.11121649,0
1506463175,22335811,242.50,0.15414012,0
1506463174,22335805,242.50,0.16812932,0
1506463174,22335802,242.50,7.69620618,0
1506463173,22335799,242.50,0.63830300,0
1506463172,22335787,242.50,0.52869741,0
1506463172,22335786,242.49,0.32900000,0
1506463167,22335770,242.50,23.02210000,0
1506463167,22335766,242.50,2.97467282,0
1506463162,22335745,242.50,10.91000000,0
1506463162,22335743,242.60,0.15000000,1
1506463162,22335741,242.61,1.00000000,1
1506463162,22335740,242.64,0.32900000,1
1506463161,22335739,242.88,2.04547500,1
1506463161,22335738,242.89,0.50919900,1
1506463151,22335709,242.99,0.17955000,0
1506463146,22335708,242.99,0.50234567,0
1506463097,22335686,243.00,2.21629629,0
1506463096,22335685,242.99,0.74000000,0
1506463083,22335681,242.97,0.02520259,1
1506463082,22335680,242.97,0.98829900,1
1506463080,22335679,242.98,1.01170100,1
1506463031,22335668,242.99,0.11169700,1
1506463029,22335667,242.99,0.90000000,0
1506463002,22335653,243.00,1.63115226,0
1506463002,22335651,243.00,0.67030930,0
1506463002,22335650,242.99,0.00000500,0
1506463001,22335649,242.99,0.60999500,0
1506462987,22335644,243.00,0.39719433,0
1506462968,22335638,243.00,0.22000000,0
1506462967,22335636,243.03,1.01142900,1
1506462948,22335608,243.08,2.68804508,0
1506462946,22335606,243.07,0.60000000,0
1506462913,22335591,243.07,0.63851100,1
1506462909,22335589,243.07,0.37300000,0
1506462902,22335588,243.07,0.45700000,0
1506462899,22335587,243.08,4.09124568,0
1506462896,22335585,243.08,2.46486753,0
1506462896,22335584,243.08,1.06750357,0
1506462893,22335576,243.08,0.70594043,0
1506462892,22335574,243.08,0.60748923,0
1506462892,22335572,243.07,0.26358418,0
1506462892,22335571,243.07,0.19641582,0
1506462857,22335565,243.08,1.15264551,0
1506462857,22335564,243.07,0.00355820,0
1506462857,22335563,243.07,0.54644180,0
1506462824,22335556,243.08,1.37710818,0
1506462824,22335554,243.07,0.65000000,0
1506462814,22335549,243.08,1.15549156,0
1506462814,22335548,243.08,1.06803785,0
1506462811,22335546,243.09,0.29085936,1
1506462807,22335545,243.09,0.43009997,1
1506462807,22335544,243.09,0.34990003,1
1506462798,22335540,243.09,0.92000000,0
1506462789,22335539,243.10,1.06803784,0
1506462788,22335538,243.10,7.95347593,0
1506462783,22335534,243.10,5.41336898,0
1506462782,22335533,243.10,0.82853784,0
1506462782,22335532,243.09,0.23950000,0
1506462782,22335531,243.09,0.86050000,0
1506462779,22335527,243.10,5.41188811,0
1506462779,22335526,243.10,1.06800987,0
1506462732,22335492,243.20,3.89527138,0
1506462732,22335491,243.20,1.06977796,0
1506462732,22335490,243.20,0.25004111,0
1506462732,22335489,243.19,0.81800987,0
1506462731,22335488,243.19,0.48199013,0
1506462726,22335485,243.20,8.76455592,0
1506462715,22335477,243.19,1.55000000,0
1506462700,22335469,243.19,1.06817434,0
1506462688,22335465,243.19,0.35000000,1
1506462687,22335464,243.20,0.99805034,0
1506462682,22335463,243.20,8.62685032,0
1506462680,22335461,243.20,0.69934962,0
1506462680,22335460,243.19,1.09242669,0
1506462676,22335454,243.19,0.47757331,0
1506462676,22335453,243.16,1.01107800,0
1506462620,22335440,243.19,45.41094793,0
1506462619,22335439,243.19,15.76906945,0
1506462619,22335438,243.19,3.49385254,0
1506462618,22335434,243.19,1.06825939,0
1506462617,22335433,243.19,0.82774250,0
1506462617,22335432,243.18,1.27000000,0
1506462605,22335422,243.19,1.06825939,0
1506462605,22335421,243.19,5.42181010,0
1506462604,22335420,243.08,2.47341000,1
1506462603,22335417,243.19,17.00888194,0
1506462598,22335413,243.19,16.97500447,0
1506462597,22335412,243.19,5.44232904,0
1506462597,22335411,243.19,0.25222461,0
1506462597,22335410,243.18,0.85000000,0
1506462595,22335405,243.19,46.29003000,0
1506462588,22335402,243.19,4.70718368,0
1506462587,22335401,243.19,0.62000000,0
1506462587,22335400,243.19,0.61996792,0
1506462586,22335399,243.19,1.06040544,0
1506462586,22335398,243.19,2.76932232,0
1506462586,22335397,243.18,0.67021055,0
1506462585,22335395,243.18,0.33978945,0
1506462582,22335387,243.19,8.89925572,0
1506462581,22335385,243.19,5.78510630,0
1506462581,22335384,243.19,3.43283029,0
1506462580,22335380,243.19,4.20638184,0
1506462579,22335379,243.19,0.28451647,0
1506462579,22335378,243.19,0.29548912,0
1506462579,22335377,243.19,4.25874470,0
1506462578,22335374,243.19,1.86332579,0
1506462578,22335372,243.18,0.62000000,0
1506462567,22335367,243.18,0.61971309,0
1506462554,22335359,243.19,1.08462519,0
1506462546,22335355,243.19,0.13584610,0
1506462545,22335354,243.19,0.47522832,0
1506462545,22335352,243.18,0.73000000,0
1506462540,22335348,243.19,1.22023931,0
1506462535,22335343,243.19,46.22211000,0
1506462530,22335342,243.19,3.03101013,0
1506462530,22335341,243.18,0.87000000,0
1506462530,22335340,243.10,0.73584300,0
1506462529,22335337,243.10,1.28735254,0
1506462528,22335335,243.10,0.28279008,0
1506462528,22335334,243.10,9.83254553,0
1506462527,22335332,243.10,2.80360886,0
1506462526,22335329,243.10,2.04118541,0
1506462526,22335326,243.29,2.58839245,0
1506462524,22335324,243.29,6.14246372,0
1506462524,22335323,243.29,0.50020533,0
1506462524,22335322,243.29,2.44464068,0
1506462523,22335321,243.29,3.46129364,0
1506462523,22335320,243.28,0.00030801,0
1506462522,22335316,243.28,0.34969199,0
1506462516,22335310,243.29,2.61630390,0
1506462494,22335299,243.28,0.22282050,0
1506462481,22335293,243.28,0.22262833,0
1506462468,22335288,243.50,0.10020533,0
1506462468,22335287,243.49,0.40000000,0
1506462458,22335281,243.50,0.91691991,0
1506462458,22335280,243.50,1.91885010,0
1506462457,22335279,243.50,1.24858317,0
1506462456,22335275,243.50,0.91691991,0
1506462456,22335274,243.50,1.11979471,0
1506462455,22335272,243.50,7.87010266,0
1506462454,22335270,243.50,0.64344969,0
1506462452,22335263,243.50,4.15075975,0
1506462452,22335262,243.49,0.48000000,0
1506462451,22335258,243.50,0.64299794,0
1506462451,22335257,243.50,9.90016427,0
1506462450,22335256,243.50,0.64299200,0
1506462449,22335255,243.50,5.50701567,0
1506462449,22335253,243.50,0.20170878,0
1506462449,22335251,243.49,0.05043122,0
1506462443,22335244,243.49,0.50956878,0
1506462434,22335237,243.50,0.64303901,0
1506462434,22335233,243.50,0.86533880,0
1506462433,22335228,243.50,3.74994900,0
1506462432,22335227,243.50,1.60755646,0
1506462431,22335226,243.50,5.24952772,0
1506462430,22335220,243.50,0.31987679,0
1506462429,22335218,243.50,4.68558521,0
1506462428,22335213,243.50,0.85789997,0
1506462427,22335206,243.50,0.30624229,0
1506462426,22335205,243.50,4.53664988,0
1506462426,22335202,243.50,0.51862422,0
1506462426,22335201,243.49,0.67000000,0
1506462420,22335194,243.50,0.50832096,0
1506462414,22335192,243.50,14.32959000,0
1506462414,22335191,243.49,0.80000000,0
1506462408,22335184,243.49,0.90196212,0
1506462395,22335165,243.50,0.20915812,0
1506462386,22335154,243.50,0.09314168,0
1506462386,22335153,243.49,1.12000000,0
1506462383,22335149,243.50,0.41174537,0
1506462382,22335147,243.50,1.00402464,0
1506462372,22335141,243.49,1.32000000,0
1506462356,22335133,243.50,1.21314168,0
1506462355,22335131,243.50,4.22246406,0
1506462354,22335130,243.50,2.32402464,0
1506462353,22335127,243.50,0.70151500,0
1506462351,22335123,243.50,2.32230041,0
1506462350,22335121,243.50,1.17470225,0
1506462349,22335119,243.50,0.23166324,0
1506462348,22335114,243.50,1.13191514,0
1506462347,22335112,243.49,0.00007404,0
1506462347,22335111,243.49,0.33761841,0
1506462345,22335110,243.49,0.17023718,1
1506462345,22335109,243.49,0.14000000,1
1506462345,22335108,243.49,0.92207037,1
1506462336,22335102,243.50,0.32435319,0
1506462335,22335101,243.50,5.93468172,0
1506462335,22335099,243.49,0.92215606,0
1506462334,22335095,243.49,0.62353182,0
1506462334,22335094,243.49,0.32431212,0
1506462330,22335088,243.50,2.49938398,0
1506462329,22335087,243.50,1.67568788,0
1506462329,22335084,243.50,0.32422999,0
1506462328,22335081,243.50,3.29987679,0
1506462327,22335079,243.50,0.21379876,0
1506462327,22335077,243.50,2.31930186,0
1506462326,22335075,243.50,1.30266941,0
1506462325,22335073,243.50,0.66041067,0
1506462325,22335070,243.50,2.53310061,0
1506462324,22335069,243.50,1.30205338,0
1506462323,22335062,243.50,0.80882956,0
1506462322,22335057,243.50,2.24476386,0
1506462321,22335055,243.50,0.59889117,0
1506462320,22335054,243.50,1.77472279,0
1506462320,22335052,243.49,1.69000000,0
1506462309,22335044,243.50,1.46218189,0
1506462308,22335042,243.49,0.00007793,0
1506462308,22335041,243.49,1.99992207,0
1506462293,22335039,243.49,2.00000000,0
1506462275,22335030,243.49,1.08328884,0
1506462263,22335024,243.50,0.94784394,0
1506462261,22335020,243.50,0.91479400,0
1506462258,22335019,243.49,0.63020637,0
1506462258,22335018,243.49,0.35424406,0
1506462258,22335017,243.49,0.24621134,0
1506462257,22335016,243.49,0.23832600,0
1506462257,22335015,243.49,0.14743931,0
1506462256,22335014,243.49,0.76357292,0
1506462250,22335009,243.49,0.94788286,0
1506462237,22335003,243.49,0.70167152,0
1506462237,22335002,243.49,0.24620341,0
1506462226,22334998,243.50,1.30205338,0
1506462224,22334993,243.49,0.70955686,0
1506462224,22334992,243.49,0.23831622,0
1506462211,22334986,243.50,0.48459958,0
1506462210,22334985,243.50,3.23059548,0
1506462210,22334983,243.50,0.07567129,0
1506462209,22334981,243.49,0.05319934,0
1506462206,22334979,243.50,0.68357288,0
1506462204,22334976,243.50,3.02365503,0
1506462203,22334974,243.50,0.65864476,0
1506462203,22334972,243.49,2.10000000,0
1506462193,22334962,243.50,0.44176591,0
1506462193,22334961,243.50,0.53277207,0
1506462192,22334959,243.50,2.73720739,0
1506462190,22334951,243.50,2.75868583,0
1506462189,22334950,243.50,3.70706366,0
1506462189,22334946,243.50,0.86872689,0
1506462188,22334945,243.49,1.89000000,0
1506462179,22334942,243.50,3.68501026,0
1506462178,22334941,243.50,1.77478440,0
1506462177,22334938,243.50,2.59063655,0
1506462176,22334933,243.50,0.20119096,0
1506462176,22334930,243.50,1.77219712,0
1506462175,22334924,243.50,1.12022587,0
1506462175,22334922,243.49,0.79000000,0
1506462173,22334919,243.50,4.74797473,0
1506462171,22334911,243.50,1.71835728,0
1506462171,22334910,243.50,4.74804929,0
1506462170,22334909,243.50,1.77675564,0
1506462170,22334906,243.50,1.71835728,0
1506462166,22334899,243.50,3.16069817,0
1506462165,22334898,243.50,0.63946611,0
1506462163,22334889,243.50,2.66624229,0
1506462163,22334888,243.50,2.33100616,0
1506462162,22334886,243.50,3.20075975,0
1506462162,22334885,243.49,0.93000000,0
1506462155,22334879,243.50,2.22944558,0
1506462154,22334876,243.50,1.52652977,0
1506462154,22334871,243.50,2.84082135,0
1506462153,22334868,243.49,1.29000000,0
1506462144,22334861,243.49,0.94788286,0
1506462132,22334858,243.50,4.13071868,0
1506462132,22334857,243.50,3.88858316,0
1506462131,22334853,243.50,0.20242299,0
1506462130,22334849,243.50,4.12780287,0
1506462127,22334846,243.50,1.74624230,0
1506462126,22334843,243.50,1.58657084,0
1506462125,22334838,243.50,7.45531699,0
1506462124,22334836,243.50,0.47182751,0
1506462123,22334831,243.50,2.88121149,0
1506462123,22334828,243.49,1.53000000,0
1506462111,22334820,243.50,4.01700893,0
1506462110,22334818,243.50,2.83880903,0
1506462110,22334816,243.50,3.87716632,0
1506462109,22334810,243.50,0.21273101,0
1506462109,22334809,243.49,0.23835729,0
1506462108,22334800,243.49,1.04287475,0
1506462108,22334797,243.49,0.53876796,0
1506462107,22334793,243.50,2.15133470,0
1506462104,22334792,243.50,0.36024640,0
1506462104,22334791,243.50,1.69667351,0
1506462103,22334785,243.50,0.48800821,0
1506462102,22334781,243.50,0.66993839,0
1506462101,22334778,243.49,1.48000000,0
1506462090,22334769,243.49,0.67658981,0
1506462077,22334732,243.49,0.67658990,0
1506462064,22334729,243.49,0.67658990,0
1506462053,22334721,243.50,3.09018480,0
1506462047,22334717,243.50,0.67700205,0
1506462025,22334707,243.50,0.67700205,0
1506462018,22334703,243.50,0.03489000,0
1506462016,22334702,243.50,8.19297746,0
1506461989,22334680,243.50,0.25001354,0
1506461989,22334679,243.49,0.11000000,0
1506461984,22334675,243.50,0.42955000,0
1506461984,22334674,243.49,0.14000000,0
1506461973,22334669,243.50,1.70295687,0
1506461972,22334665,243.50,0.94784394,0
1506461972,22334662,243.50,3.29860369,0
1506461971,22334659,243.49,0.16000000,0
1506461960,22334650,243.50,1.58102685,0
1506461958,22334646,243.50,0.76964115,0
1506461958,22334645,243.49,0.04251961,0
1506461950,22334644,243.49,0.14748039,0
1506461948,22334642,243.50,0.58229979,0
1506461937,22334637,243.49,0.23000000,0
1506461886,22334618,243.50,0.36706366,0
1506461886,22334617,243.50,0.17994172,0
1506461883,22334613,243.50,0.20147844,0
1506461883,22334611,243.50,0.50878850,0
1506461883,22334607,243.46,3.52182905,1
1506461868,22334596,243.50,0.20147844,0
1506461868,22334595,243.50,0.61096509,0
1506461856,22334591,243.50,0.40657085,0
1506461855,22334590,243.50,0.30365503,0
1506461855,22334589,243.50,0.10217659,0
1506461854,22334584,243.50,0.12318811,0
1506461845,22334583,243.50,0.30365503,0
1506461841,22334580,243.50,0.23761806,0
1506461825,22334567,243.50,0.24910769,0
1506461823,22334563,243.51,8.17080800,1
1506461724,22334513,243.75,0.17968102,0
1506461721,22334505,243.75,0.00545000,0
1506461720,22334504,243.74,0.11000000,0
1506461703,22334476,243.75,0.26965917,0
1506461701,22334475,243.74,0.13000000,0
1506461684,22334469,243.75,0.02377500,0
1506461684,22334468,243.74,0.15000000,0
1506461674,22334462,243.70,3.09812937,0
1506461672,22334460,243.70,9.01994255,0
1506461660,22334446,243.70,0.76245385,0
1506461660,22334445,243.70,1.75679113,0
1506461659,22334442,243.70,5.00677061,0
1506461658,22334435,243.69,0.18000000,0
1506461645,22334397,243.70,8.19946655,0
1506461645,22334396,243.70,192.42579934,0
1506461644,22334393,243.70,1.62839556,0
1506461644,22334390,243.70,0.20984817,0
1506461643,22334388,243.70,8.19950759,0
1506461642,22334383,243.70,50.39766000,0
1506461642,22334380,243.70,2.02047980,0
1506461636,22334369,243.70,0.99314500,0
1506461636,22334368,243.69,0.21000000,0
1506461622,22334364,243.70,0.04743800,0
1506461622,22334363,243.70,17.40409500,0
1506461621,22334362,243.70,28.51647000,0
1506461620,22334360,243.70,24.90994400,0
1506461620,22334357,243.70,5.79921800,0
1506461619,22334355,243.69,0.25000000,0
1506461619,22334351,243.70,11.60900000,0
1506461576,22334338,243.70,1.01226400,0
1506461575,22334336,243.70,8.06127600,0
1506461574,22334335,243.69,1.00000000,0
1506461574,22334334,243.69,0.11000000,0
1506461574,22334333,243.68,0.08274000,0
1506461563,22334328,243.70,14.71795900,0
1506461563,22334327,243.69,0.13000000,0
1506461556,22334326,243.27,8.17216200,1
1506461551,22334320,243.29,6.67579623,1
1506461551,22334318,243.39,1.08266577,1
1506461548,22334310,243.28,0.37455523,1
1506461548,22334309,243.39,1.00000000,1
1506461548,22334308,243.40,6.79679577,1
1506461548,22334307,243.40,0.11812700,1
1506461547,22334306,243.41,0.08274000,1
1506461515,22334287,243.74,2.96262130,1
1506461515,22334286,243.74,1.24132518,1
1506461514,22334285,243.74,0.15000000,1
1506461500,22334280,243.74,0.18000000,1
1506461497,22334279,243.75,1.40395400,0
1506461487,22334275,243.74,0.22000000,1
1506461485,22334274,243.75,0.16000000,0
1506461482,22334268,243.75,1.00000000,0
1506461479,22334267,243.75,0.08506200,0
1506461476,22334266,243.74,0.26000000,0
1506461453,22334259,243.75,0.07500000,0
1506461451,22334258,243.75,20.73248370,0
1506461451,22334257,243.74,0.31000000,0
1506461451,22334256,243.74,1.65262130,0
1506461451,22334255,243.74,1.00000000,0
1506461337,22334179,243.75,7.59740389,0
1506461335,22334178,243.74,0.37000000,0
1506461322,22334174,243.75,0.79911000,0
1506461322,22334173,243.74,0.44000000,0
1506461272,22334139,243.75,0.63780000,0
1506461268,22334133,243.74,0.16000000,0
1506461239,22334127,243.75,3.31000000,0
1506461239,22334126,243.74,0.19000000,0
1506461158,22334109,243.75,0.17923077,0
1506461158,22334108,243.74,0.23000000,0
1506461112,22334094,243.75,0.72126000,0
1506461110,22334093,243.74,0.28000000,0
1506461087,22334081,243.74,0.32999500,0
1506461076,22334074,243.26,0.43890875,0
1506461075,22334073,243.65,0.20000000,1
1506461075,22334072,243.66,0.35190323,1
1506461075,22334071,243.75,0.01924102,1
1506461073,22334070,243.74,0.39000000,0
1506461048,22334061,243.66,3.16639829,1
1506461033,22334058,243.66,1.52296299,1
1506461027,22334056,243.74,0.20381678,0
1506460997,22334047,243.65,1.80000000,1
1506460993,22334043,243.66,0.57033815,0
1506460969,22334032,243.67,0.25007600,1
1506460965,22334028,243.74,0.12999500,0
1506460948,22334026,243.67,2.25068394,1
1506460943,22334023,243.67,0.00219391,1
1506460943,22334022,243.69,3.13785609,1
1506460929,22334016,243.74,0.20000000,1
1506460925,22334010,243.74,0.15000000,0
1506460916,22333998,243.75,19.39408000,0
1506460915,22333991,243.74,0.23000000,0
1506460911,22333985,243.67,1.39704615,1
1506460900,22333979,243.67,3.60000000,1
1506460841,22333959,243.74,0.20999500,0
1506460814,22333952,243.75,6.24972700,0
1506460769,22333937,243.74,0.11568044,0
1506460759,22333934,243.75,2.21112396,0
1506460754,22333932,243.70,0.04189076,1
1506460754,22333931,243.74,0.23000000,0
1506460744,22333930,243.75,1.15200000,0
1506460736,22333928,243.74,0.27000000,0
1506460731,22333925,243.74,0.12000000,0
1506460720,22333920,243.74,0.12000000,0
1506460710,22333910,243.73,0.08037828,0
1506460705,22333907,243.73,0.72340448,0
1506460700,22333902,243.73,0.19621724,0
1506460695,22333901,243.71,0.10000000,0
1506460685,22333898,243.71,0.90000000,0
1506460633,22333865,243.75,2.32295900,0
1506460633,22333864,243.74,0.18000000,0
1506460628,22333859,243.75,1.50978500,0
1506460628,22333858,243.74,0.18000000,0
1506460597,22333838,243.75,3.62839859,0
1506460597,22333837,243.74,0.32810000,0
1506460597,22333836,243.74,0.21000000,0
1506460585,22333832,243.74,0.07250282,0
1506460579,22333827,243.74,0.18749718,0
1506460558,22333804,243.29,1.17886754,1
1506460558,22333803,243.33,0.32810000,1
1506460558,22333802,243.51,0.49203746,1
1506460556,22333801,243.74,0.19999500,1
1506460550,22333798,243.74,0.23000500,1
1506460550,22333797,243.74,0.06999500,1
1506460537,22333790,243.74,0.36000000,1
1506460531,22333781,243.75,5.78975500,0
1506460531,22333780,243.74,0.43000000,0
1506460517,22333767,243.75,0.67824000,0
1506460512,22333756,243.75,0.06849200,0
1506460512,22333755,243.74,0.61000000,0
1506460508,22333749,243.74,0.54900000,0
1506460495,22333739,243.74,0.03055900,0
1506460491,22333736,243.74,0.04244100,0
1506460490,22333735,243.74,0.65700000,0
1506460483,22333731,243.75,3.60000000,0
1506460478,22333729,243.74,0.48622829,0
1506460473,22333728,243.74,0.38377171,0
1506460468,22333727,243.75,0.21500000,0
1506460463,22333723,243.75,1.93500000,0
1506460459,22333722,243.75,0.46400000,0
1506460458,22333721,243.74,1.03000000,0
1506460453,22333718,243.75,0.36943262,0
1506460453,22333716,243.74,0.82645697,0
1506460446,22333714,243.74,0.39354303,0
1506460399,22333699,243.75,9.70235906,0
1506460399,22333698,243.74,1.45000000,0
1506460399,22333697,243.74,5.00000000,0
1506460397,22333696,243.73,5.40584094,0
1506460360,22333679,243.71,0.40929794,0
1506460356,22333676,243.74,1.71999500,0
1506460329,22333670,243.75,0.71379744,0
1506460329,22333669,243.74,2.05000000,0
1506460323,22333661,243.75,8.92949219,0
1506460322,22333659,243.74,2.42269521,0
1506460320,22333656,243.74,0.00730479,0
1506460320,22333655,243.74,2.03893300,0
1506460315,22333653,243.74,0.00420000,0
1506460313,22333652,243.73,1.00000000,0
1506460304,22333640,243.71,0.65282693,0
1506460272,22333626,243.73,1.52848400,0
1506460234,22333614,243.74,1.69211774,0
1506460218,22333607,243.74,0.12430582,0
1506460200,22333600,243.73,1.88310836,0
1506460171,22333594,243.72,0.25080702,0
1506460116,22333568,243.52,1.50000000,1
1506460110,22333563,243.74,2.91999500,0
1506460096,22333560,243.74,0.65610897,0
1506460094,22333559,243.74,0.20532059,0
1506460094,22333558,243.70,1.00000000,0
1506460094,22333557,243.65,0.05708941,0
1506460078,22333536,243.65,0.94291059,0
1506460077,22333535,243.51,0.20274303,0
1506460073,22333531,243.51,0.12575697,0
1506460002,22333432,243.61,0.04547200,0
1506459939,22333346,242.88,1.86086100,1
1506459938,22333343,242.90,1.00000000,1
1506459938,22333342,242.90,0.32850000,0
1506459938,22333340,243.25,1.00000000,1
1506459936,22333338,243.44,0.08274000,0
1506459936,22333337,243.44,4.02789900,1
1506459913,22333321,243.74,0.11802300,0
1506459913,22333320,243.73,0.57000000,0
1506459865,22333281,243.74,0.48427960,0
1506459865,22333280,243.74,0.48872840,0
1506459833,22333264,243.73,4.02699200,0
1506459814,22333249,243.74,0.31127160,0
1506459814,22333248,243.72,0.32800000,0
1506459814,22333247,243.50,0.75777455,0
1506459793,22333235,243.50,0.04140249,0
1506459792,22333233,243.50,0.20082296,0
1506459747,22333200,243.64,2.26333684,1
1506459745,22333199,243.64,0.33426806,1
1506459743,22333195,243.63,0.08274000,0
1506459737,22333185,242.83,12.25925322,1
1506459737,22333184,242.99,0.67750678,1
1506459737,22333183,242.99,0.08274000,1
1506459736,22333182,242.99,0.32900000,1
1506459650,22333114,243.72,0.14061557,0
1506459620,22333095,243.62,7.56523100,1
1506459620,22333094,243.23,0.08274000,0
1506459611,22333086,243.25,0.03288527,0
1506459611,22333083,243.25,0.02466395,0
1506459594,22333054,242.53,50.00000000,0
1506459585,22333038,242.49,4.01528724,0
1506459584,22333037,242.52,45.90197276,1
1506459584,22333036,242.54,0.08274000,1
1506459580,22333031,243.11,0.20032084,0
1506459577,22333024,242.49,24.49402724,0
1506459577,22333022,242.51,10.88000000,1
1506459577,22333020,242.51,14.29797276,1
1506459577,22333019,243.01,0.32800000,1
1506459571,22333013,243.00,13.23193350,0
1506459570,22333011,243.00,6.49390946,0
1506459568,22333009,243.00,1.27189300,0
1506459567,22333006,243.00,5.22160494,0
1506459567,22333003,243.00,1.18911185,0
1506459566,22333000,242.98,0.08274000,0
1506459566,22332996,243.00,1.86008300,0
1506459565,22332994,242.99,0.32800000,0
1506459564,22332988,243.00,13.99268442,0
1506459562,22332985,243.00,0.08274000,0
1506459562,22332983,243.13,3.31803983,1
1506459562,22332981,243.18,2.01000000,1
1506459562,22332980,243.19,0.32800000,1
1506459561,22332979,243.50,1.00000000,1
1506459535,22332960,243.90,3.59645300,0
1506459535,22332959,243.89,0.11000000,1
1506459535,22332958,243.89,0.55000000,1
1506459534,22332957,243.70,1.00000000,0
1506459534,22332956,243.66,2.04354700,0
1506459532,22332955,243.50,1.00000000,0
1506459528,22332951,243.50,0.20000000,0
1506459528,22332949,243.44,1.00000000,0
1506459523,22332941,243.35,1.04438300,0
1506459523,22332940,243.35,1.00000000,0
1506459515,22332939,243.30,0.48617498,0
1506459514,22332938,243.30,0.61625000,0
1506459467,22332904,243.14,1.12460500,0
1506459453,22332897,243.11,1.00000000,0
1506459431,22332888,243.10,1.00000000,1
1506459430,22332886,243.10,0.15000000,0
1506459430,22332885,243.10,1.00000000,0
1506459408,22332863,242.97,0.67640600,0
1506459408,22332862,242.93,1.01159400,0
1506459400,22332810,242.97,0.84382800,0
1506459400,22332809,242.95,1.01147200,0
1506459394,22332802,242.99,0.12195476,0
1506459382,22332785,242.90,0.15000000,0
1506459381,22332784,242.65,1.01233400,0
1506459381,22332783,242.60,0.15000000,0
1506459381,22332782,242.59,0.11040646,0
1506459381,22332780,242.59,18.52442400,0
1506459381,22332778,242.59,1.16233400,0
1506459380,22332772,242.58,2.04878300,1
1506459379,22332770,242.59,10.60989100,0
1506459379,22332767,242.58,0.65000000,0
1506459379,22332765,242.50,0.54000000,0
1506459379,22332764,242.46,0.08274000,0
1506459366,22332738,242.50,2.89440500,0
1506459366,22332737,242.50,52.24938300,0
1506459366,22332736,242.50,5.00000000,0
1506459364,22332734,242.50,5.94619500,0
1506459364,22332733,242.50,2.37100000,0
1506459364,22332732,242.50,77.70000000,0
1506459364,22332731,242.50,29.96404100,0
1506459364,22332730,242.50,13.91506600,0
1506459363,22332729,242.50,77.70000000,0
1506459363,22332728,242.50,3.61566500,0
1506459363,22332727,242.49,0.54000000,0
1506459362,22332726,242.50,5.88720000,0
1506459362,22332725,242.50,11.00888100,0
1506459362,22332724,242.50,77.70000000,0
1506459362,22332723,242.50,24.58142900,0
1506459361,22332722,242.50,12.37680000,0
1506459361,22332721,242.50,2.36777000,0
1506459361,22332720,242.23,1.89818000,1
1506459361,22332719,242.24,0.08274000,1
1506459360,22332718,242.50,16.48216500,0
1506459360,22332717,242.50,77.70000000,0
1506459357,22332712,242.59,0.34683726,0
1506459345,22332700,242.59,1.91801900,0
1506459339,22332688,242.59,2.12568522,0
1506459320,22332680,242.58,0.63991859,0
1506459318,22332678,242.56,2.22772700,0
1506459312,22332673,242.56,0.75000000,0
1506459307,22332654,242.56,0.90164180,0
1506459302,22332645,242.56,2.47341000,0
1506459301,22332641,242.56,1.54892455,0
1506459298,22332637,242.58,0.30797830,1
1506459296,22332636,242.58,0.76000000,1
1506459295,22332635,242.59,31.17343000,0
1506459295,22332634,242.58,4.06000000,0
1506459286,22332624,242.59,0.15017640,0
1506459286,22332622,242.58,0.00008141,0
1506459285,22332621,242.58,0.89991859,0
1506459282,22332620,242.59,2.02420200,0
1506459282,22332619,242.59,2.27508100,0
1506459282,22332618,242.59,1.89858200,0
1506459278,22332612,242.59,41.18570000,0
1506459278,22332608,242.59,62.38704800,0
1506459278,22332603,242.59,6.91038000,0
1506459276,22332598,242.59,1.67776798,0
1506459273,22332591,242.59,2.11435000,0
1506459273,22332588,242.57,1.41000000,0
1506459272,22332584,242.59,1.06423338,0
1506459272,22332583,242.58,0.00008141,0
1506459271,22332578,242.58,1.06991859,0
1506459266,22332575,242.59,77.70000000,0
1506459264,22332569,242.30,4.93711574,0
1506459264,22332568,242.30,25.58098800,0
1506459264,22332566,242.30,5.00000000,0
1506459263,22332563,242.30,42.38636400,0
1506459263,22332561,242.30,10.90651800,0
1506459263,22332560,242.30,4.70421000,0
1506459263,22332559,242.30,25.07100600,0
1506459262,22332558,242.30,5.00000000,0
1506459262,22332557,242.30,77.70000000,0
1506459262,22332556,242.30,12.53580000,0
1506459261,22332554,242.29,1.67981525,0
1506459257,22332546,242.30,1.05686200,0
1506459257,22332545,242.29,1.27000000,0
1506459254,22332541,242.30,0.40244752,0
1506459248,22332525,242.30,0.43183300,0
1506459248,22332524,242.30,1.67981525,0
1506459245,22332519,242.19,18.92012234,0
1506459245,22332518,242.19,20.69600000,0
1506459244,22332516,242.18,0.58000000,0
1506459243,22332508,242.19,63.74891500,0
1506459243,22332506,242.19,1.17800000,0
1506459243,22332505,242.19,64.11924000,0
1506459242,22332503,242.00,30.93127403,0
1506459242,22332501,242.00,3.40312600,0
1506459242,22332499,242.00,2.00000000,0
1506459242,22332498,242.00,2.60213700,0
1506459242,22332495,242.00,9.20758500,0
1506459241,22332491,242.00,0.18183497,1
1506459241,22332490,242.06,0.99404800,1
1506459241,22332489,242.09,0.67999500,1
1506459240,22332488,242.19,88.19200371,0
1506459240,22332487,242.18,1.00000000,0
1506459240,22332486,242.18,1.00000000,0
1506459240,22332484,242.10,54.85617910,0
1506459239,22332479,242.10,20.95088997,0
1506459239,22332477,242.09,0.68000000,0
1506459239,22332476,242.06,0.99405303,0
1506459220,22332447,242.06,1.00000000,0
1506459218,22332443,242.06,0.61988119,0
1506459217,22332440,242.06,0.73713040,0
1506459215,22332431,242.06,0.20321000,0
1506459215,22332428,242.06,0.34845247,0
1506459204,22332412,242.06,0.68991159,0
1506459200,22332408,242.06,1.35442000,0
1506459162,22332370,242.06,0.16062454,0
1506459158,22332365,242.01,1.01220431,0
1506459158,22332364,242.01,0.18628099,1
1506459157,22332357,242.06,0.42098061,0
1506459156,22332354,242.02,0.80067500,0
1506459153,22332349,242.02,8.19932500,1
1506459153,22332348,242.05,1.00000000,1
1506459153,22332347,242.06,1.15172873,0
1506459152,22332345,242.06,1.94645955,0
1506459148,22332337,242.06,0.37314789,1
1506459145,22332327,242.10,0.98496500,0
1506459144,22332326,242.10,5.29223862,0
1506459139,22332319,242.10,8.42272595,0
1506459138,22332318,242.10,9.49300136,0
1506459132,22332295,242.19,0.58472237,0
1506459132,22332293,242.19,0.19976052,0
1506459129,22332284,242.19,0.74264007,0
1506459127,22332282,242.19,0.03130800,0
1506459127,22332281,242.18,0.19000000,0
1506459122,22332265,242.19,7.83000950,0
1506459121,22332262,242.19,0.65176101,0
1506459119,22332254,242.19,8.13632918,0
1506459118,22332251,242.19,0.33865972,0
1506459116,22332242,242.19,0.20000825,0
1506459114,22332232,242.19,27.06223100,0
1506459114,22332231,242.18,0.23000000,0
1506459103,22332207,242.19,0.53753851,0
1506459103,22332206,242.18,0.06998349,0
1506459103,22332204,242.18,0.20001651,0
1506459091,22332187,242.18,0.20001651,0
1506459084,22332183,242.19,1.27172000,0
1506459079,22332181,242.19,1.98653949,0
1506459071,22332166,242.18,0.36000000,1
1506459069,22332162,242.19,1.27024749,0
1506459067,22332160,242.18,0.05685211,0
1506459066,22332157,242.18,0.37314789,0
1506459053,22332146,242.19,1.85900000,0
1506459049,22332145,242.19,1.86648500,0
1506459047,22332140,242.19,0.83481680,0
1506459047,22332137,242.18,0.51000000,0
1506459040,22332132,242.19,0.42687022,0
1506459039,22332131,242.19,0.54981625,0
1506459037,22332127,242.19,0.20000825,0
1506459036,22332125,242.19,7.88782479,0
1506459036,22332123,242.18,0.22078619,1
1506459035,22332120,242.19,0.76675724,0
1506459035,22332117,242.19,0.21810393,0
1506459034,22332113,242.19,0.21685199,0
1506459034,22332112,242.18,0.61000000,0
1506459027,22332098,242.19,0.54985754,0
1506459025,22332093,242.19,0.20000825,0
1506459022,22332085,242.19,2.55507200,0
1506459022,22332084,242.19,10.00000000,0
1506459022,22332083,242.19,45.50543200,0
1506459021,22332081,242.18,0.72000000,0
1506459008,22332070,242.18,0.20014039,0
1506458997,22332064,242.18,0.20009909,0
1506458981,22332057,242.00,42.71816503,0
1506458977,22332055,242.00,0.20016528,0
1506458959,22332050,241.99,0.11500000,0
1506458959,22332049,241.99,0.15800000,0
1506458912,22332025,242.00,0.25000000,0
1506458903,22332020,242.00,0.50033057,0
1506458899,22332014,242.00,0.33306211,0
1506458893,22332007,242.00,1.72488204,0
1506458891,22332003,242.00,0.18645708,0
1506458880,22331992,242.00,4.66693789,0
1506458877,22331988,242.18,0.19993226,0
1506458876,22331986,242.18,0.19992567,0
1506458870,22331979,242.18,0.19997522,0
1506458859,22331972,242.18,0.14790651,0
1506458843,22331960,242.19,11.84921900,0
1506458840,22331957,242.19,0.14092492,0
1506458840,22331956,242.18,0.05916591,0
1506458837,22331953,242.18,1.10083409,0
1506458833,22331949,242.18,0.20005780,0
1506458816,22331937,242.19,0.08155766,0
1506458816,22331936,242.18,1.38000000,0
1506458815,22331934,242.18,2.01000000,0
1506458815,22331933,242.10,26.01844234,0
1506458804,22331929,242.10,0.13900000,0
1506458804,22331928,242.10,0.31200000,0
1506458804,22331927,242.10,0.03895200,0
1506458803,22331925,242.10,1.17705408,0
1506458802,22331921,242.10,7.03728512,0
1506458802,22331919,242.10,3.06351579,0
1506458799,22331912,242.10,0.08414730,0
1506458781,22331893,242.10,0.20024783,0
1506458769,22331879,242.10,0.14865757,0
1506458765,22331871,242.10,2.75930000,0
1506458760,22331857,242.10,0.62195700,0
1506458748,22331847,242.10,0.20234900,0
1506458743,22331839,242.10,0.03900000,0
1506458738,22331835,242.10,8.15809197,0
1506458738,22331834,242.09,1.05000000,0
1506458738,22331833,242.09,1.00000000,0
1506458738,22331832,242.00,1.65445803,0
1506458736,22331828,242.00,0.18628099,0
1506458729,22331807,242.00,0.88070247,0
1506458727,22331804,242.00,1.57682336,0
1506458723,22331783,242.00,0.20020661,0
1506458707,22331762,242.00,1.81078000,0
1506458703,22331755,242.00,4.40245840,0
1506458702,22331753,242.00,0.31108057,0
1506458702,22331752,242.00,1.00000000,0
1506458699,22331748,242.00,2.52630400,0
1506458687,22331697,242.00,14.48000000,0
1506458685,22331693,242.00,0.13563001,0
1506458684,22331692,242.00,3.51200000,0
1506458652,22331684,242.00,4.49976084,0
1506458649,22331677,242.00,0.20000000,0
1506458636,22331658,242.00,0.20000000,0
1506458631,22331656,242.00,0.04400000,0
1506458629,22331655,242.00,0.14800000,0
1506458624,22331651,242.00,0.20300000,0
1506458621,22331647,242.00,0.50008264,0
1506458618,22331644,242.00,0.20000000,0
1506458616,22331641,242.00,0.05100000,0
1506458612,22331640,242.00,0.04300000,0
1506458600,22331633,242.00,6.66190250,0
1506458596,22331628,242.00,0.14848000,0
1506458586,22331621,242.00,4.42404958,0
1506458584,22331619,241.99,1.75886533,0
1506458578,22331610,241.99,0.14855985,0
1506458565,22331597,241.99,0.18946500,0
1506458561,22331592,241.99,0.14848000,0
1506458560,22331591,241.99,0.41220712,0
1506458531,22331572,242.19,0.47288242,0
1506458530,22331571,242.18,0.90000000,0
1506458521,22331566,242.18,0.27025000,0
1506458519,22331565,242.10,0.08274000,1
1506458516,22331564,242.10,0.34712100,0
1506458501,22331549,241.72,0.00526806,1
1506458501,22331548,241.73,3.32894398,1
1506458501,22331547,241.90,0.08274000,1
1506458498,22331546,241.89,0.06215231,1
1506458473,22331537,241.80,1.18109302,1
1506458473,22331536,241.95,3.31803983,1
1506458472,22331535,242.02,2.00086715,1
1506458469,22331533,242.18,0.13590000,0
1506458462,22331526,242.19,2.98814979,0
1506458459,22331524,242.18,1.15000000,0
1506458457,22331523,242.17,1.00000000,0
1506458423,22331505,242.19,4.71410876,0
1506458416,22331497,242.19,1.94854200,0
1506458414,22331495,242.19,59.00999803,0
1506458414,22331494,242.18,1.21587800,0
1506458414,22331493,242.15,1.01758197,0
1506458412,22331491,242.18,0.15412200,0
1506458412,22331490,242.18,2.00000000,0
1506458392,22331474,242.19,8.24134400,0
1506458392,22331473,242.18,1.63000000,0
1506458382,22331463,242.19,29.21861300,0
1506458382,22331462,242.18,1.93000000,0
1506458382,22331461,242.11,2.23638700,0
1506458377,22331456,242.11,1.40108300,0
1506458363,22331450,242.05,1.77191694,0
1506458363,22331449,242.03,0.00008306,0
1506458359,22331443,242.03,4.05991694,0
1506458335,22331426,242.05,0.17085500,0
1506458335,22331424,242.05,4.06000000,0
1506458333,22331418,242.00,0.00000580,0
1506458323,22331405,241.99,4.84995733,0
1506458310,22331398,242.00,0.67534700,0
1506458263,22331365,242.00,8.29952318,0
1506458263,22331364,241.99,0.40347682,0
1506458202,22331335,241.98,0.12157000,0
1506458197,22331330,241.98,2.98040000,0
1506458171,22331322,241.97,4.84772727,0
1506458163,22331315,241.51,4.59652318,1
1506458163,22331314,241.60,0.40347682,1
1506458159,22331312,241.88,3.21577181,0
1506458159,22331311,241.88,4.85219943,0
1506458157,22331306,241.88,0.13568476,0
1506458061,22331253,242.00,3.91380000,0
1506458059,22331244,242.00,0.38488002,0
1506458058,22331243,241.98,0.40281398,0
1506458058,22331242,241.96,0.28282000,0
1506458057,22331239,241.96,0.04818000,0
1506458057,22331238,241.95,0.08274000,0
1506458052,22331224,241.33,0.01239230,1
1506458052,22331222,241.68,0.08274000,1
1506458041,22331209,241.52,0.33100000,1
1506458041,22331208,241.65,0.47227800,1
1506458029,22331195,242.00,0.37476000,0
1506458007,22331179,241.96,2.68258145,0
1506458006,22331174,241.96,5.04942739,0
1506457989,22331161,242.00,0.25168400,0
1506457988,22331134,241.99,0.08274000,1
1506457987,22331130,241.95,0.13724897,0
1506457986,22331123,241.96,0.19375103,1
1506457985,22331121,241.99,1.53304500,0
1506457985,22331120,241.96,0.08274000,0
1506457977,22331113,241.50,0.72949700,1
1506457966,22331106,241.50,0.17141300,0
1506457965,22331105,241.02,4.39338900,1
1506457965,22331104,241.46,2.05050500,1
1506457964,22331102,241.57,0.33100000,1
1506457964,22331101,241.61,0.08274000,1
1506457964,22331100,241.65,0.40281398,1
1506457952,22331093,241.61,0.08274000,1
1506457951,22331092,241.61,0.21569926,1
1506457937,22331074,242.00,0.33010000,1
1506457936,22331071,242.00,3.33600000,0
1506457934,22331069,241.99,0.22410966,1
1506457933,22331067,242.00,0.66400000,0
1506457922,22331055,241.98,0.05294520,0
1506457921,22331054,241.90,0.08274000,0
1506457885,22331038,241.98,0.05294514,0
1506457884,22331037,241.98,0.08274000,0
1506457863,22331012,241.00,0.03155469,1
1506457863,22331011,241.00,0.06215231,1
1506457863,22331010,241.30,1.00000000,1
1506457863,22331009,241.30,13.90000000,1
1506457863,22331008,241.32,0.33010000,1
1506457863,22331007,241.33,0.08274000,1
1506457863,22331006,241.34,9.93000000,1
1506457847,22331002,241.20,0.97000000,1
1506457847,22331001,241.78,0.33000000,1
1506457846,22331000,241.02,2.00000000,1
1506457845,22330999,241.20,3.00000000,1
1506457845,22330998,241.29,2.01000000,1
1506457845,22330997,241.41,2.09532871,1
1506457845,22330996,241.67,2.05003600,1
1506457845,22330995,241.77,0.28723210,1
1506457845,22330994,241.86,0.61023034,1
1506457845,22330992,241.87,0.08274000,1
1506457823,22330961,242.28,0.98241803,0
1506457823,22330959,242.00,0.00000468,0
1506457817,22330950,242.00,3.88180000,0
1506457727,22330857,242.00,1.00000000,0
1506457724,22330854,242.00,1.89654731,0
1506457724,22330852,242.00,0.12619835,0
1506457719,22330849,242.00,0.18607438,0
1506457714,22330840,242.00,0.70000000,0
1506457706,22330829,242.00,0.29339628,0
1506457705,22330825,242.00,3.04597900,0
1506457704,22330824,242.00,1.00000000,0
1506457640,22330775,242.29,0.18632000,0
1506457629,22330765,242.30,3.00618500,0
1506457629,22330763,242.30,2.96303723,0
1506457627,22330760,242.30,1.37776000,0
1506457627,22330759,242.29,1.63000000,0
1506457615,22330747,242.29,1.94000000,0
1506457615,22330745,242.29,0.40063195,0
1506457541,22330658,242.30,7.35171292,0
1506457541,22330657,242.29,0.71000000,0
1506457541,22330656,242.29,1.94829708,0
1506457493,22330616,242.29,0.06170292,0
1506457456,22330594,242.29,0.23810309,0
1506457456,22330592,242.28,0.06951943,0
1506457456,22330591,242.18,0.10786145,0
1506457454,22330583,242.17,0.08274000,0
1506457413,22330523,241.70,0.06951943,1
1506457413,22330521,241.74,2.04990800,1
1506457413,22330520,241.74,0.25000000,1
1506457413,22330519,241.75,0.08274000,1
1506457413,22330518,242.26,0.05294520,0
1506457413,22330517,242.25,0.08274000,0
1506457403,22330508,241.85,0.16080665,1
1506457403,22330506,242.01,0.08274000,1
1506457403,22330504,242.02,0.18999500,1
1506457392,22330488,242.30,14.21643300,0
1506457392,22330486,242.29,0.70000000,0
1506457370,22330464,242.29,0.70000000,0
1506457369,22330461,242.30,0.10196500,0
1506457368,22330460,242.30,0.67822918,0
1506457368,22330458,242.29,1.00000000,0
1506457368,22330457,242.28,0.19431482,0
1506457355,22330453,242.28,0.13568518,0
1506457345,22330450,242.20,0.08274000,0
1506457313,22330442,241.74,0.43597664,1
1506457313,22330441,241.76,0.33000000,1
1506457301,22330437,241.90,1.00000000,1
1506457301,22330436,241.95,0.08274000,1
1506457282,22330394,242.30,6.70371440,0
1506457280,22330393,242.29,0.53000000,0
1506457280,22330392,242.29,0.16555381,0
1506457280,22330391,242.29,0.83444619,0
1506457269,22330382,241.98,0.31979400,1
1506457269,22330381,242.18,4.06000000,1
1506457257,22330377,241.30,2.01000000,1
1506457257,22330376,241.50,3.00000000,1
1506457257,22330374,241.80,3.00000000,1
1506457257,22330373,241.90,0.16555381,1
1506457257,22330372,241.90,0.83444619,1
1506457257,22330371,241.96,2.04933100,1
1506457257,22330370,242.15,0.30010324,1
1506457256,22330369,242.17,2.93053328,1
1506457244,22330358,242.29,0.14018159,0
1506457187,22330293,242.30,30.96371297,0
1506457185,22330288,242.30,0.46758000,0
1506457185,22330285,242.30,3.92020222,0
1506457184,22330283,242.29,0.65000000,0
1506457183,22330275,242.30,49.61374400,0
1506457182,22330266,242.30,0.10708163,0
1506457177,22330253,242.30,7.03795938,0
1506457177,22330249,242.30,2.04674343,0
1506457172,22330230,242.30,0.01843913,0
1506457172,22330228,242.29,0.13291542,0
1506457172,22330225,242.29,0.02708458,0
1506457167,22330207,242.30,40.08581900,0
1506457167,22330206,242.30,1.76433600,0
1506457167,22330205,242.30,4.16775800,0
1506457167,22330204,242.29,0.19000000,0
1506457127,22330165,242.30,2.53157219,0
1506457127,22330164,242.29,0.23000000,0
1506457104,22330107,242.30,0.36125900,0
1506457104,22330106,242.29,0.27000000,0
1506457080,22330048,242.29,0.32000000,0
1506457078,22330043,242.30,0.03177879,0
1506457072,22330039,242.30,0.28630623,0
1506457070,22330035,242.30,2.69042100,0
1506457070,22330033,242.30,1.47567400,0
1506457070,22330032,242.29,0.38000000,0
1506457060,22330015,242.30,5.19678085,0
1506457058,22330012,242.29,1.92525156,0
1506457058,22330011,242.29,0.45000000,0
1506457058,22330010,242.29,3.14000000,0
1506457034,22329978,242.30,1.94291100,0
1506457033,22329977,242.29,0.43000000,0
1506457020,22329962,242.29,2.09374400,0
1506457017,22329960,242.30,2.05022500,0
1506457014,22329951,242.30,0.14372700,0
1506457014,22329950,242.29,0.52000000,0
1506457011,22329947,242.30,1.81289400,0
1506457008,22329944,242.29,4.34836500,0
1506457006,22329943,242.03,9.57947977,1
1506457004,22329942,242.30,1.89729800,0
1506457002,22329941,242.30,3.29465400,0
1506457002,22329940,242.29,0.61000000,0
1506456994,22329935,242.30,0.12152300,0
1506456989,22329931,242.30,1.85790000,0
1506456987,22329922,242.30,0.81796206,0
1506456987,22329920,242.29,0.40000000,0
1506456987,22329918,242.10,1.16003794,0
1506456986,22329917,242.10,5.73164157,0
1506456985,22329914,242.10,1.85790000,0
1506456984,22329913,242.10,0.79318850,1
1506456984,22329912,242.10,0.45723199,1
1506456981,22329910,242.30,2.49290000,0
1506456978,22329908,242.30,2.99790000,0
1506456977,22329907,242.29,0.48000000,0
1506456972,22329902,242.30,1.85790000,0
1506456964,22329899,242.30,1.85790000,0
1506456962,22329894,242.30,1.28730000,0
1506456962,22329893,242.29,0.57000000,0
1506456956,22329891,242.30,1.63388800,0
1506456952,22329880,242.30,0.46103500,0
1506456951,22329877,242.30,1.11862200,0
1506456951,22329876,242.29,0.59000000,0
1506456934,22329869,242.30,1.47050000,0
1506456934,22329868,242.29,0.51000000,0
1506456931,22329863,242.30,0.06097600,0
1506456927,22329862,242.30,3.71702000,0
1506456926,22329861,242.30,1.38050000,0
1506456926,22329860,242.29,0.60000000,0
1506456903,22329850,242.30,1.85700000,0
1506456900,22329846,242.30,0.12380000,0
1506456897,22329844,242.30,0.83561123,0
1506456897,22329843,242.29,0.71000000,0
1506456897,22329842,242.28,0.31138877,0
1506456894,22329841,242.15,1.58381501,0
1506456892,22329837,242.15,0.45723724,0
1506456891,22329834,242.15,1.87144878,0
1506456885,22329830,242.15,0.12457086,0
1506456882,22329827,242.15,2.46032290,0
1506456879,22329820,242.15,0.55502421,0
1506456870,22329816,242.15,1.85730000,0
1506456866,22329809,242.15,1.05644700,0
1506456865,22329807,242.15,0.03383400,0
1506456855,22329803,242.00,0.31138877,1
1506456855,22329801,242.01,7.18440700,1
1506456855,22329800,242.14,0.45000000,1
1506456855,22329799,242.14,1.72420923,1
1506456855,22329798,242.15,0.32999500,1
1506456811,22329784,242.28,1.00000000,1
1506456808,22329782,242.28,1.00000000,1
1506456805,22329780,242.28,1.00000000,1
1506456803,22329779,242.30,1.00000000,0
1506456803,22329778,242.27,0.45902053,1
1506456803,22329777,242.27,0.54097947,1
1506456803,22329776,242.30,1.00000000,0
1506456802,22329775,242.30,0.56000000,0
1506456802,22329774,242.29,0.44000000,0
1506456801,22329773,242.30,1.00000000,0
1506456800,22329772,242.27,1.00000000,1
1506456798,22329770,242.29,0.25999500,0
1506456785,22329750,242.30,1.85760000,0
1506456782,22329745,242.30,0.74293322,0
1506456780,22329736,242.30,7.91762278,0
1506456779,22329733,242.30,9.35157992,0
1506456779,22329730,242.30,3.70043200,0
1506456779,22329726,242.30,0.15348741,0
1506456778,22329723,242.30,6.33066400,0
1506456778,22329721,242.30,11.19375000,0
1506456778,22329716,242.30,3.79624432,0
1506456777,22329712,242.30,3.71052414,0
1506456774,22329704,242.30,4.03405186,0
1506456767,22329700,242.27,2.51902053,1
1506456765,22329699,242.50,0.40000000,1
1506456755,22329692,242.55,1.38408575,1
1506456721,22329673,242.59,1.98140000,0
1506456703,22329665,242.59,1.70374000,0
1506456694,22329660,242.59,1.98140000,0
1506456672,22329646,242.56,2.25919100,1
1506456672,22329645,242.56,2.74080900,1
1506456652,22329634,242.59,0.13567601,0
1506456640,22329632,242.59,0.75637952,0
1506456640,22329630,242.59,4.02926748,0
1506456614,22329590,242.59,0.06129177,0
1506456556,22329566,242.59,0.12380000,0
1506456522,22329550,242.59,1.94216000,0
1506456515,22329547,242.59,1.85760000,0
1506456507,22329542,242.59,1.99138200,0
1506456481,22329528,242.59,4.91999500,0
1506456481,22329527,242.58,0.08000500,0
1506456412,22329505,242.58,1.91999500,1
1506456405,22329502,242.58,0.11000000,1
1506456400,22329500,242.58,0.13000000,0
1506456384,22329493,242.59,2.65435547,0
1506456384,22329492,242.58,0.16000000,0
1506456384,22329491,242.58,2.00000000,0
1506456384,22329490,242.56,2.74081453,0
1506456362,22329481,242.56,0.12134829,0
1506456350,22329475,242.56,0.38999500,1
1506456323,22329466,242.59,0.81015247,0
1506456312,22329459,242.58,2.66788894,0
1506456312,22329458,242.57,0.57944226,0
1506456311,22329457,242.57,1.03901073,0
1506456311,22329456,242.57,1.58015594,0
1506456305,22329450,242.59,2.00042488,0
1506456304,22329447,242.59,7.19338999,0
1506456304,22329445,242.58,2.00000000,0
1506456304,22329443,242.55,4.35110742,0
1506456304,22329442,242.55,4.03904827,0
1506456304,22329440,242.55,1.64299161,0
1506456224,22329400,242.55,0.04110493,0
1506456217,22329397,242.54,1.17262987,0
1506456182,22329378,242.54,0.34400000,0
1506456178,22329375,242.59,1.85700000,0
1506456146,22329368,242.59,1.85700000,0
1506456140,22329366,242.59,0.12380000,0
1506456131,22329361,242.59,1.73700000,0
1506456130,22329360,242.58,0.12000000,0
1506456119,22329358,242.59,0.06000000,0
1506456119,22329357,242.58,0.14000000,0
1506456101,22329348,242.59,0.12380000,0
1506456083,22329339,242.59,0.12380000,0
1506456081,22329336,242.59,1.85700000,0
1506456077,22329334,242.59,1.73516600,0
1506456077,22329333,242.58,0.04620000,0
1506456076,22329332,242.58,0.12380000,0
1506456072,22329330,242.59,1.11803383,0
1506456071,22329329,242.58,0.12436617,0
1506456064,22329326,242.58,0.07563383,0
1506456055,22329313,242.59,1.85700000,0
1506456054,22329311,242.59,0.12380000,0
1506456052,22329310,242.59,3.75496800,0
1506456049,22329305,242.59,14.26140000,0
1506456049,22329304,242.58,0.23000000,0
1506456044,22329296,242.59,1.11797007,0
1506456041,22329289,242.59,1.98080000,0
1506456038,22329283,242.59,2.57653988,0
1506456037,22329282,242.59,1.71824700,0
1506456037,22329281,242.58,0.28000000,0
1506456034,22329279,242.59,0.61155090,0
1506456034,22329278,242.59,0.65682590,0
1506456033,22329276,242.59,0.61178177,0
1506456033,22329275,242.59,5.62253098,0
1506456033,22329274,242.59,0.18382031,0
1506456033,22329273,242.59,9.98905438,0
1506456030,22329272,242.59,1.85700000,0
1506456029,22329271,242.59,1.98080000,0
1506456027,22329268,242.59,1.65080000,0
1506456027,22329267,242.58,0.33000000,0
1506456019,22329254,242.59,8.26023332,0
1506456017,22329251,242.59,0.12380000,0
1506456016,22329249,242.59,1.59080000,0
1506456016,22329248,242.58,0.26620000,0
1506456014,22329247,242.58,0.12380000,0
1506455989,22329233,242.59,1.27203962,0
1506455989,22329232,242.58,0.47000000,0
1506455967,22329221,242.59,2.23157500,0
1506455963,22329220,242.59,1.85700000,0
1506455961,22329216,242.59,0.12380000,0
1506455959,22329215,242.59,1.42080000,0
1506455959,22329214,242.58,0.56000000,0
1506455953,22329212,242.58,0.04121939,0
1506455935,22329174,242.59,1.85700000,0
1506455933,22329173,242.59,3.76200000,0
1506455933,22329172,242.58,0.67000000,0
1506455929,22329170,242.59,1.81224400,0
1506455924,22329168,242.59,1.06670000,0
1506455924,22329167,242.58,0.79000000,0
1506455916,22329161,242.59,1.98050000,0
1506455904,22329156,242.58,0.09565000,0
1506455892,22329148,242.58,0.06597200,0
1506455888,22329145,242.58,0.18576372,0
1506455888,22329144,242.58,1.39480928,0
1506455882,22329141,242.58,0.60519072,0
1506455881,22329140,242.58,0.57742328,0
1506455876,22329139,242.58,0.12380000,0
1506455874,22329138,242.58,0.01850500,0
1506455874,22329137,242.27,0.00548600,0
1506455860,22329127,242.27,0.12380000,0
1506455857,22329126,242.27,0.17071400,0
1506455813,22329113,242.58,0.20300000,0
1506455812,22329112,242.58,0.07727172,0
1506455812,22329111,242.58,1.68968628,0
1506455767,22329099,242.58,0.56090693,0
1506455755,22329085,242.58,0.47386119,0
1506455755,22329084,242.58,0.10271663,0
1506455752,22329080,242.58,0.13592000,0
1506455749,22329069,242.57,2.52211550,0
1506455745,22329063,242.58,0.03690897,0
1506455694,22329036,242.59,0.20690000,0
1506455694,22329034,242.59,0.91244834,0
1506455694,22329032,242.58,0.87414000,0
1506455692,22329031,242.58,0.13586000,1
1506455687,22329026,242.59,1.36328037,0
1506455679,22329020,242.58,1.20000000,1
1506455654,22329012,242.57,0.04241650,0
1506455603,22328990,242.57,2.88044800,1
1506455598,22328985,242.58,0.20483000,0
1506455593,22328976,242.58,0.20462038,0
1506455530,22328946,242.58,0.51885633,0
1506455529,22328945,242.58,8.24000240,0
1506455511,22328934,242.58,0.57444924,0
1506455493,22328923,242.57,0.41199301,0
1506455487,22328912,242.59,0.49643395,0
1506455487,22328910,242.58,1.41079800,0
1506455483,22328904,242.58,0.18920200,0
1506455479,22328899,242.59,0.02052846,0
1506455473,22328893,242.59,0.83548620,0
1506455473,22328892,242.58,1.90000000,0
1506455473,22328891,242.58,2.52222680,0
1506455472,22328890,242.57,2.01000000,0
1506455472,22328889,242.52,0.08274000,0
1506455453,22328866,242.10,5.16883400,1
1506455445,22328856,242.57,1.87326803,0
1506455445,22328854,242.55,0.08274000,0
1506455436,22328846,242.11,1.53823796,1
1506455436,22328845,242.11,0.18352000,1
1506455436,22328844,242.11,0.98422204,1
1506455436,22328843,242.12,10.91828000,1
1506455435,22328842,242.14,6.29300000,1
1506455435,22328841,242.16,0.08274000,1
1506455427,22328828,242.12,1.72372000,0
1506455427,22328827,242.12,0.08274000,1
1506455425,22328824,242.59,0.07340781,0
1506455422,22328816,242.59,0.68515500,0
1506455422,22328815,242.59,6.12443055,0
1506455421,22328812,242.59,4.37285346,0
1506455421,22328811,242.58,2.00000000,0
1506455421,22328810,242.58,0.06215231,0
1506455421,22328808,242.57,0.47000000,0
1506455421,22328807,242.40,0.20000000,0
1506455421,22328806,242.40,0.20000000,0
1506455421,22328805,242.21,0.33000000,0
1506455420,22328804,242.11,2.07557723,0
1506455420,22328803,242.11,0.20288957,0
1506455420,22328802,242.11,2.98521923,0
1506455420,22328801,242.11,4.42869404,0
1506455419,22328800,242.11,3.64508878,0
1506455419,22328795,242.11,0.16253115,0
1506455418,22328792,242.10,0.04295396,0
1506455417,22328787,242.10,2.29704604,0
1506455417,22328785,242.10,0.08274000,0
1506455404,22328774,241.05,2.33320134,1
1506455404,22328773,241.11,13.50000000,1
1506455404,22328772,241.72,2.96404466,1
1506455404,22328771,241.72,2.04931700,1
1506455404,22328770,242.00,0.20000000,1
1506455404,22328769,242.00,0.20000000,1
1506455404,22328768,242.00,0.20000000,1
1506455403,22328767,242.01,0.33000000,1
1506455403,22328766,242.07,0.08274000,1
1506455363,22328739,242.59,13.38780400,0
1506455363,22328738,242.59,8.11936133,0
1506455362,22328737,242.59,15.20150186,0
1506455362,22328736,242.58,0.21049159,0
1506455362,22328735,242.57,0.20000000,0
1506455361,22328734,242.58,0.11920841,0
1506455361,22328733,242.58,1.48359523,0
1506455359,22328730,242.58,0.63640477,0
1506455359,22328729,242.45,0.04459523,0
1506455359,22328728,242.27,10.65000000,0
1506455357,22328727,242.45,0.28540477,0
1506455357,22328726,242.40,0.15000000,0
1506455357,22328725,242.30,2.00000000,0
1506455357,22328724,242.28,1.65249292,0
1506455347,22328717,241.21,28.58537767,1
1506455347,22328716,241.22,12.64547984,1
1506455347,22328715,241.83,1.72059360,1
1506455347,22328714,242.00,4.06165289,1
1506455347,22328713,242.00,2.25684900,1
1506455346,22328712,242.03,0.73004700,1
1506455340,22328710,242.29,0.20000000,0
1506455325,22328700,242.06,2.50000000,1
1506455325,22328698,241.21,19.68232294,1
1506455324,22328697,241.22,1.44000000,1
1506455324,22328696,241.93,0.32970000,1
1506455324,22328695,242.25,0.33000000,1
1506455321,22328687,242.58,0.54200000,0
1506455320,22328686,241.00,11.81445164,1
1506455320,22328685,241.00,0.20000000,1
1506455320,22328684,241.01,4.14000000,1
1506455320,22328683,241.01,4.99875112,1
1506455320,22328682,241.08,2.00000000,1
1506455320,22328681,241.09,5.34000000,1
1506455320,22328680,241.10,1.07000000,1
1506455319,22328679,241.20,3.00000000,1
1506455319,22328678,241.20,0.15000000,1
1506455319,22328677,241.40,0.15000000,1
1506455319,22328675,241.44,0.50000000,1
1506455319,22328674,241.57,2.01000000,1
1506455319,22328673,241.60,0.49037403,1
1506455319,22328671,241.70,0.75510964,1
1506455319,22328670,241.70,0.15000000,1
1506455319,22328669,241.84,0.08589447,1
1506455318,22328668,241.90,2.00000000,1
1506455318,22328667,241.90,0.15000000,1
1506455318,22328666,241.91,0.50000000,1
1506455318,22328665,242.15,1.00000000,1
1506455318,22328664,242.29,0.74943249,1
1506455318,22328663,242.30,0.30825423,1
1506455318,22328662,242.30,1.53475030,1
1506455318,22328661,242.50,2.52222680,1
1506455318,22328660,242.51,2.04798200,1
1506455317,22328659,242.51,2.01818832,1
1506455317,22328657,242.51,0.31458496,1
1506455309,22328650,242.59,2.27549600,0
1506455307,22328646,242.59,23.26377839,0
1506455306,22328645,242.58,1.42000000,0
1506455276,22328604,242.58,0.89316130,0
1506455258,22328543,242.59,10.09993700,0
1506455258,22328542,242.59,2.04942100,0
1506455258,22328541,242.59,3.59188900,0
1506455258,22328540,242.58,1.86000000,0
1506455254,22328531,242.50,0.61218917,1
1506455243,22328510,242.59,4.71170310,0
1506455243,22328508,242.58,0.00000500,0
1506455242,22328503,242.58,1.93999500,0
1506455226,22328463,242.58,2.29999500,0
1506455213,22328451,242.59,1.26048093,0
1506455213,22328450,242.58,0.00000500,0
1506455210,22328446,242.58,2.54999500,0
1506455201,22328433,242.58,0.29699993,0
1506455183,22328417,242.59,6.80171800,0
1506455181,22328411,242.59,5.11335400,0
1506455179,22328405,242.59,1.02568800,0
1506455179,22328403,242.58,3.30000000,0
1506455176,22328398,242.58,3.03999432,0
1506455175,22328397,242.58,5.40495168,0
1506455166,22328387,242.58,1.65772138,0
1506455156,22328377,242.58,0.20300000,0
1506455154,22328373,242.58,1.92537581,0
1506455148,22328370,242.58,2.67928794,0
1506455145,22328362,242.58,2.05604575,0
1506455141,22328349,242.57,1.08575061,0
1506455141,22328346,242.57,2.29027262,0
1506455136,22328342,242.58,0.20663214,0
1506455132,22328333,242.58,0.10350278,0
1506455122,22328263,242.58,7.73226415,0
1506455122,22328254,242.58,4.24432897,0
1506455120,22328232,242.58,4.26863717,0
1506455105,22328149,242.58,0.18908456,0
1506455104,22328147,242.58,1.32148122,0
1506455104,22328146,242.57,2.01000000,0
1506455102,22328139,242.58,3.05085383,0
1506455100,22328113,242.58,0.19097795,0
1506455100,22328109,242.58,5.14191318,0
1506455097,22328093,242.58,0.32046600,0
1506455094,22328087,242.58,2.01607717,0
1506455089,22328034,242.56,1.22562900,1
1506455088,22328020,242.56,5.49884565,0
1506455074,22327896,242.57,0.50046900,0
1506455069,22327853,242.57,2.60553935,0
1506455059,22327846,242.56,0.16135000,0
1506455043,22327837,242.58,1.48630041,0
1506455042,22327836,242.57,0.92724859,0
1506455039,22327833,242.57,3.33849500,0
1506455033,22327825,242.55,2.57253784,1
1506455018,22327802,242.57,1.36503801,0
1506455017,22327799,242.57,1.78711299,0
1506455012,22327789,242.57,2.58210541,0
1506455012,22327787,242.49,0.74957788,0
1506455004,22327775,242.49,0.16202000,0
1506454992,22327766,242.47,1.03672312,0
1506454982,22327748,242.47,1.23448970,0
1506454979,22327744,242.47,0.20300000,1
1506454940,22327687,242.49,0.05511000,0
1506454917,22327621,242.49,12.53329212,0
1506454917,22327620,242.29,5.46615788,0
1506454908,22327572,242.29,1.24000000,0
1506454900,22327504,242.29,0.24770187,0
1506454896,22327462,242.29,0.33261793,0
1506454892,22327430,242.29,10.00000000,0
1506454882,22327386,242.29,0.34986999,0
1506454876,22327380,242.29,2.60311693,0
1506454875,22327379,242.29,4.00126000,0
1506454871,22327373,242.29,1.05783917,0
1506454871,22327372,242.29,8.88257640,0
1506454871,22327369,242.29,6.93259543,0
1506454870,22327367,242.29,3.99106052,0
1506454870,22327365,242.27,7.23823775,0
1506454870,22327364,242.27,5.79494618,0
1506454869,22327362,242.00,0.75453299,0
1506454869,22327361,242.00,5.49835596,0
1506454869,22327360,242.00,16.30350068,0
1506454865,22327347,242.00,1.61285123,0
1506454865,22327344,242.00,1.98611000,0
1506454865,22327343,242.00,0.17668900,0
1506454865,22327342,242.00,1.99085209,0
1506454864,22327341,242.00,0.67720896,0
1506454864,22327340,242.00,0.14392438,0
1506454860,22327323,242.00,3.12999000,0
1506454857,22327311,242.00,1.01019481,0
1506454857,22327308,242.00,0.64755656,0
1506454857,22327307,242.00,0.35672128,0
1506454848,22327286,242.00,1.91861055,0
1506454838,22327279,242.00,2.00000000,0
1506454832,22327276,242.00,1.11686000,0
1506454831,22327275,242.00,0.14582301,0
1506454826,22327268,242.00,2.90000000,0
1506454812,22327249,242.00,2.00000000,0
1506454809,22327243,242.00,0.46332604,0
1506454807,22327238,242.00,0.14582301,0
1506454805,22327227,242.00,0.61725774,0
1506454804,22327226,242.11,2.04895400,1
1506454804,22327225,242.15,1.81448371,1
1506454804,22327224,242.20,0.54037400,1
1506454804,22327221,242.27,0.14392438,0
1506454803,22327213,242.29,3.12008229,0
1506454803,22327211,242.28,13.35211771,0
1506454800,22327206,242.28,0.02055473,0
1506454800,22327204,242.28,1.98000000,0
1506454797,22327196,242.28,1.10081800,0
1506454779,22327165,242.28,0.14366255,0
1506454778,22327161,242.28,13.50000000,0
1506454775,22327155,242.28,21.02170952,0
1506454768,22327144,242.28,0.14545154,0
1506454764,22327138,242.28,0.65316402,0
1506454750,22327128,242.28,2.00000000,0
1506454739,22327115,242.28,0.35578457,0
1506454731,22327098,242.28,6.27914809,0
1506454731,22327095,242.28,44.19890209,0
1506454728,22327085,242.28,0.21169720,0
1506454728,22327084,242.28,0.14408948,0
1506454726,22327082,242.28,27.38182000,0
1506454721,22327074,242.28,1.89568144,0
1506454714,22327055,242.28,0.46776456,0
1506454714,22327054,242.28,0.93778602,0
1506454711,22327049,242.28,0.15209674,0
1506454707,22327036,242.28,11.34867310,0
1506454706,22327034,242.28,1.21473254,0
1506454706,22327032,242.28,5.65671950,0
1506454705,22327024,242.28,3.24921578,0
1506454705,22327021,242.28,0.70373119,0
1506454705,22327020,242.28,0.50088641,0
1506454704,22327019,242.28,0.12164609,0
1506454704,22327018,242.28,1.38711165,0
1506454704,22327016,242.27,0.08770317,0
1506454703,22327011,242.27,0.16191000,0
1506454703,22327010,242.27,0.27800000,0
1506454703,22327009,242.27,0.42238683,0
1506454702,22327000,242.28,3.33826429,0
1506454702,22326999,242.28,0.41010401,0
1506454701,22326997,242.28,1.96130750,0
1506454701,22326996,242.28,2.60205563,0
1506454700,22326995,242.28,2.24258693,0
1506454700,22326994,242.28,9.52148708,0
1506454700,22326993,242.27,0.37751242,0
1506454695,22326987,242.27,1.00248758,0
1506454676,22326958,242.28,6.04695577,0
1506454657,22326932,242.28,52.39755100,0
1506454657,22326929,242.28,15.70419600,0
1506454656,22326928,242.28,11.29840857,0
1506454656,22326927,242.27,1.64003443,0
1506454651,22326917,242.27,0.45996557,0
1506454644,22326899,242.28,26.36023421,0
1506454644,22326898,242.27,0.98235579,0
1506454644,22326894,242.27,0.72115241,0
1506454640,22326887,242.27,0.22881710,0
1506454639,22326883,242.27,0.27767470,0
1506454637,22326874,242.28,4.23703900,0
1506454636,22326872,242.28,20.00000000,0
1506454636,22326871,242.28,8.16857900,0
1506454636,22326869,242.28,5.70100000,0
1506454636,22326865,242.28,2.86800000,0
1506454635,22326863,242.28,1.03716600,0
1506454635,22326862,242.28,77.70000000,0
1506454634,22326861,242.28,0.24958049,0
1506454634,22326856,242.28,12.17710800,0
1506454632,22326854,242.28,3.98141200,1
1506454632,22326853,242.29,71.87200000,1
1506454631,22326852,242.55,2.20015400,0
1506454631,22326850,242.54,0.08274000,0
1506454624,22326837,242.55,0.67000000,0
1506454624,22326835,242.54,0.33000000,0
1506454622,22326834,242.31,1.60000000,1
1506454617,22326828,242.00,3.53626100,0
1506454616,22326824,242.11,0.33000000,1
1506454616,22326823,242.25,8.19246700,1
1506454615,22326822,242.28,0.94127200,1
1506454602,22326818,242.55,1.00000000,0
1506454588,22326808,242.55,5.16668000,0
1506454587,22326807,242.55,0.75395800,0
1506454559,22326791,242.55,0.04947736,0
1506454559,22326790,242.54,0.32900000,0
1506454552,22326778,242.55,1.44362000,0
1506454546,22326768,242.55,1.03904349,0
1506454546,22326767,242.55,0.49995884,0
1506454543,22326760,242.33,8.14825286,1
1506454543,22326758,242.42,1.01135500,1
1506454543,22326757,242.43,0.06215231,1
1506454543,22326756,242.55,70.00800000,1
1506454543,22326754,242.56,6.94000000,1
1506454543,22326753,242.56,10.84000000,1
1506454543,22326752,242.63,2.99023983,1
1506454525,22326695,242.63,0.32780000,1
1506454518,22326694,242.70,0.32900000,1
1506454518,22326692,242.99,0.32800000,1
1506454517,22326689,243.00,0.50051000,0
1506454461,22326662,243.00,0.41049383,0
1506454448,22326657,243.00,0.17197530,0
1506454418,22326632,243.00,0.37736626,0
1506454405,22326627,243.00,0.21098765,0
1506454396,22326621,243.00,0.40063195,0
1506454395,22326614,243.00,1.04474300,0
1506454384,22326601,243.00,0.50333333,0
1506454353,22326585,243.00,13.00000000,0
1506454345,22326584,243.00,2.00000000,0
1506454342,22326582,243.00,1.00000000,0
1506454341,22326581,243.00,2.00000000,0
1506454312,22326567,243.00,5.00000000,0
1506454303,22326558,243.00,0.15849100,0
1506454303,22326557,242.99,0.32800000,0
1506454282,22326522,243.00,5.79352000,1
1506454282,22326520,243.02,0.32780000,1
1506454282,22326517,243.03,14.29797276,1
1506454282,22326515,243.10,0.18119625,1
1506454281,22326513,243.13,0.32800000,1
1506454281,22326511,243.15,0.08274000,1
1506454265,22326480,244.00,5.99886455,0
1506454265,22326479,243.99,1.78000000,0
1506454265,22326478,243.00,2.04427000,0
1506454265,22326477,243.00,27.16083582,0
1506454264,22326475,243.00,5.35000000,0
1506454264,22326474,243.00,4.19000000,0
1506454264,22326473,243.00,4.18100000,0
1506454263,22326468,243.00,3.36160235,0
1506454262,22326463,243.00,1.86248407,0
1506454260,22326457,243.00,3.34468705,0
1506454258,22326453,243.00,0.25049608,0
1506454258,22326451,243.00,0.29889463,0
1506454252,22326438,244.00,2.14360655,0
1506454245,22326426,244.00,2.33254475,0
1506454245,22326425,243.98,0.08282410,0
1506454243,22326415,243.98,0.29717590,0
1506454243,22326412,243.97,0.08274000,0
1506454241,22326397,244.00,2.09000000,0
1506454241,22326396,243.98,1.91000000,0
1506454241,22326394,243.70,1.00000000,0
1506454239,22326382,244.00,30.26859163,0
1506454239,22326381,243.99,0.31000000,0
1506454239,22326379,243.99,1.57000000,0
1506454239,22326377,243.01,2.04468000,0
1506454239,22326374,243.00,37.80189001,0
1506454238,22326373,243.00,0.25052323,0
1506454236,22326361,243.00,1.17517396,0
1506454231,22326329,243.00,5.00000000,0
1506454231,22326325,243.00,2.04614389,0
1506454230,22326317,243.00,1.60613200,0
1506454230,22326316,243.00,1.10215900,0
1506454228,22326310,243.22,0.93523791,1
1506454228,22326308,243.23,0.08274000,1
1506454227,22326300,244.00,2.68605298,0
1506454227,22326296,244.00,1.47067500,0
1506454227,22326293,244.00,17.13332500,0
1506454226,22326283,244.00,2.85444300,0
1506454223,22326276,244.00,95.59424160,0
1506454223,22326273,244.00,24.20200000,0
1506454223,22326272,244.00,12.68136400,0
1506454223,22326271,243.90,0.15000000,0
1506454220,22326253,243.89,0.45000000,0
1506454219,22326249,243.70,0.15000000,0
1506454219,22326247,243.70,1.00000000,0
1506454219,22326242,243.63,0.33608942,0
1506454219,22326240,243.28,2.04588800,0
1506454219,22326238,243.20,23.01229619,0
1506454219,22326237,243.20,33.82776800,0
1506454218,22326234,243.20,33.21735300,0
1506454218,22326233,243.18,0.61041500,0
1506454216,22326219,243.20,1.03209000,0
1506454215,22326216,243.20,5.00000000,0
1506454215,22326214,243.20,22.01510000,0
1506454215,22326212,243.20,2.68612900,0
1506454215,22326210,243.20,13.17000000,0
1506454215,22326209,243.20,10.90392000,0
1506454214,22326207,243.19,2.25000000,0
1506454213,22326194,243.20,13.96154500,0
1506454212,22326192,243.19,13.34594500,0
1506454207,22326151,243.20,5.05328509,0
1506454207,22326149,243.20,0.33601086,0
1506454205,22326133,243.22,6.60000000,1
1506454205,22326131,243.22,7.04000000,1
1506454205,22326130,243.24,6.20829700,1
1506454205,22326129,243.25,0.37730219,1
1506454205,22326126,243.60,2.63436700,1
1506454205,22326124,243.60,12.92453667,1
1506454203,22326119,243.60,2.67000000,1
1506454203,22326117,243.60,2.04578500,1
1506454202,22326107,243.60,30.82234933,0
1506454202,22326104,243.60,0.14000000,0
1506454202,22326100,243.60,43.68614200,0
1506454201,22326093,243.60,7.26000000,0
1506454201,22326090,243.60,43.19700000,0
1506454201,22326086,243.60,7.86370800,0
1506454200,22326083,243.60,6.05335159,0
1506454199,22326072,243.60,1.32400000,0
1506454199,22326067,243.60,6.63800000,0
1506454199,22326063,243.60,2.15000000,0
1506454198,22326061,243.60,56.18925900,0
1506454198,22326057,243.60,6.98090891,0
1506454198,22326056,243.58,0.39000000,0
1506454198,22326053,243.58,0.86279662,0
1506454197,22326051,243.50,0.15000000,0
1506454197,22326049,243.30,0.15000000,0
1506454197,22326046,243.30,0.33999495,0
1506454197,22326044,243.30,0.33130052,0
1506454197,22326042,243.30,0.90653075,0
1506454197,22326038,243.30,0.42217378,0
1506454197,22326037,243.25,1.21129547,0
1506454196,22326033,243.25,0.83437153,0
1506454196,22326027,243.25,0.74141547,0
1506454195,22326020,243.25,7.65920000,0
1506454195,22326018,243.25,2.47712000,0
1506454195,22326017,243.25,2.04572000,0
1506454195,22326016,243.25,2.15000000,0
1506454195,22326015,243.25,1.40279600,0
1506454195,22326014,243.25,1.40279700,0
1506454195,22326013,243.25,24.86344700,0
1506454193,22326003,243.25,20.03262700,0
1506454193,22325999,243.25,14.12466100,0
1506454193,22325997,243.25,77.70000000,0
1506454192,22325996,243.25,8.51790400,0
1506454192,22325992,243.25,13.43089900,0
1506454192,22325990,243.25,7.10000000,0
1506454192,22325988,243.25,13.09316000,0
1506454192,22325986,243.25,3.89000000,0
1506454192,22325985,243.25,7.20690400,0
1506454192,22325984,243.25,4.50600000,0
1506454191,22325982,243.25,2.04572000,0
1506454190,22325967,243.25,25.93392100,0
1506454190,22325963,243.25,7.38201000,0
1506454189,22325955,243.24,3.18000000,0
1506454189,22325953,243.24,20.00000000,0
1506454189,22325951,243.24,0.06215231,0
1506454189,22325950,243.23,0.50000000,0
1506454188,22325949,243.21,0.43000000,0
1506454143,22325897,242.00,13.34594500,0
1506454142,22325895,242.00,1.00000000,1
1506454142,22325893,242.00,0.66115289,1
1506454142,22325892,242.00,0.05563743,1
1506454142,22325891,242.00,0.50000000,1
1506454142,22325890,242.10,74.98000000,1
1506454142,22325889,242.10,0.15000000,1
1506454142,22325888,242.17,1.00000000,1
1506454142,22325887,242.30,0.15000000,1
1506454141,22325886,242.34,1.00000000,1
1506454141,22325885,242.50,0.10000000,1
1506454141,22325884,242.50,0.15000000,1
1506454141,22325883,242.50,0.20000000,1
1506454141,22325881,242.51,2.00000000,1
1506454141,22325880,242.56,0.75000000,1
1506454140,22325879,242.70,0.80000000,1
1506454140,22325878,242.70,0.33999495,1
1506454140,22325877,242.78,0.10000000,1
1506454140,22325876,242.90,0.42898312,1
1506454140,22325875,242.91,2.05837553,1
1506454140,22325874,242.92,0.22991108,1
1506454102,22325817,242.85,2.00000000,0
1506454030,22325709,242.85,0.13558067,0
1506454019,22325676,242.93,1.07303300,1
1506453995,22325603,242.70,1.23783127,1
1506453994,22325596,243.04,0.06011714,0
1506453994,22325594,243.03,0.08274000,0
1506453993,22325584,242.70,0.42217378,1
1506453992,22325581,242.70,0.15000000,1
1506453992,22325580,242.71,0.81617977,1
1506453992,22325579,242.82,0.01802561,1
1506453992,22325577,242.83,0.08274000,1
1506453962,22325478,243.24,1.51708000,0
1506453943,22325385,242.82,0.65770126,1
1506453938,22325360,243.00,0.65737623,1
1506453931,22325325,243.25,0.34478300,0
1506453929,22325302,243.25,0.00042700,0
1506453928,22325300,243.24,0.61000000,0
1506453917,22325214,243.25,1.94848384,0
1506453916,22325213,243.24,0.51497616,0
1506453915,22325206,243.24,0.20502384,0
1506453895,22325134,243.56,0.00000469,1
1506453893,22325130,243.56,0.88681531,0
1506453893,22325129,243.56,0.08274000,0
1506453884,22325115,243.58,0.86293000,1
1506453883,22325109,243.58,0.51833000,1
1506453883,22325107,243.57,0.08274000,0
1506453875,22325091,243.20,0.31474300,0
1506453872,22325084,243.20,1.72890100,0
1506453867,22325056,243.00,0.25442200,0
1506453866,22325047,243.00,3.00000000,0
1506453857,22325020,243.00,1.97934156,0
1506453846,22324979,242.99,0.04489365,0
1506453843,22324968,242.88,0.39565400,1
1506453811,22324862,242.97,2.34219000,0
1506453806,22324834,243.00,0.27022500,0
1506453801,22324789,242.99,8.60518877,0
1506453800,22324784,243.00,0.81109300,0
1506453798,22324771,242.99,0.87271300,0
1506453796,22324760,243.00,2.15043487,0
1506453795,22324756,243.00,2.69764352,0
1506453795,22324748,243.00,1.22110840,0
1506453792,22324731,243.00,4.48000000,0
1506453792,22324730,242.99,0.52000000,0
1506453789,22324704,243.00,5.00000000,0
1506453788,22324697,243.00,1.22903593,0
1506453788,22324692,243.00,5.00000000,0
1506453788,22324687,243.00,1.24475054,0
1506453787,22324675,243.00,0.15479728,0
1506453786,22324668,243.00,2.00000000,0
1506453785,22324666,243.00,5.00000000,0
1506453782,22324647,243.00,0.27700000,0
1506453778,22324608,243.00,0.08274000,0
1506453777,22324602,243.00,10.81000000,0
1506453776,22324598,243.00,0.94353900,1
1506453776,22324596,243.00,1.31112890,1
1506453776,22324594,243.03,0.08274000,1
1506453766,22324514,243.60,0.06410000,0
1506453766,22324511,243.59,0.13000000,0
1506453763,22324492,243.60,10.46185017,0
1506453763,22324490,243.59,0.15000000,0
1506453762,22324488,243.59,17.00000000,0
1506453762,22324485,243.26,1.35789983,0
1506453760,22324471,243.26,0.08220000,0
1506453759,22324463,243.26,0.08208199,0
1506453757,22324445,243.26,0.07400225,0
1506453708,22324338,243.59,1.63816249,0
1506453658,22324211,243.00,188.38887110,0
1506453632,22324165,243.00,0.39974714,0
1506453632,22324161,243.00,0.54295575,0
1506453616,22324071,243.00,0.14801900,0
1506453616,22324069,243.00,0.22942386,0
1506453594,22323991,242.93,0.40070433,1
1506453579,22323966,242.89,3.27033833,0
1506453577,22323950,242.89,0.13570000,0
1506453577,22323945,242.89,0.37757832,1
1506453493,22323838,243.00,0.32913580,0
1506453493,22323837,243.00,0.54828000,0
1506453449,22323800,242.99,0.11000000,0
1506453440,22323775,243.00,7.38700000,0
1506453440,22323774,242.99,0.12000000,0
1506453431,22323754,243.00,0.32242000,0
1506453430,22323747,243.00,0.17203459,0
1506453429,22323745,242.99,0.15000000,0
1506453380,22323703,243.00,1.00000000,0
1506453377,22323699,243.00,1.06994395,0
1506453377,22323698,242.99,0.18000000,0
1506453344,22323658,243.00,0.16740200,0
1506453344,22323657,242.99,0.21000000,0
1506453342,22323648,243.00,1.13172300,0
1506453322,22323613,243.00,2.12523111,0
1506453319,22323609,243.00,0.18525822,0
1506453318,22323607,243.00,4.11988417,0
1506453318,22323605,242.99,0.06443681,0
1506453316,22323602,242.99,0.18556319,1
1506453315,22323601,243.00,0.00148148,0
1506453315,22323600,242.91,1.50000000,0
1506453307,22323589,243.00,41.73118883,0
1506453307,22323588,243.00,8.26881117,0
1506453307,22323587,242.99,0.30000000,0
1506453272,22323568,243.00,0.94139917,0
1506453266,22323552,243.00,0.15974362,0
1506453263,22323546,242.99,0.35000000,1
1506453259,22323534,243.00,8.20991770,0
1506453258,22323528,243.00,0.50922387,0
1506453255,22323514,243.00,2.21583097,0
1506453255,22323513,242.99,0.51000000,0
1506453254,22323509,242.93,3.74120717,1
1506453249,22323489,243.00,0.89457701,0
1506453249,22323488,242.99,0.51000000,0
1506453209,22323435,243.00,1.10451500,0
1506453208,22323433,242.99,0.61000000,0
1506453208,22323431,242.98,2.00321300,0
1506453208,22323430,242.98,2.48104800,0
1506453208,22323427,242.98,0.51573900,0
1506453207,22323426,242.98,1.98861200,0
1506453205,22323418,242.98,0.85781315,0
1506453198,22323399,242.98,0.15000000,0
1506453198,22323397,242.98,0.37703703,0
1506453195,22323387,242.98,0.37731000,0
1506453162,22323350,242.98,0.33620937,0
1506453162,22323349,242.98,0.55550763,0
1506453146,22323336,242.98,0.09891000,0
1506453144,22323331,242.98,0.25860082,0
1506453106,22323258,242.99,0.06523000,0
1506453105,22323256,242.99,0.20985741,1
1506453098,22323248,243.00,0.20612366,0
1506453097,22323245,243.00,0.13664800,0
1506453097,22323244,243.00,0.20472800,0
1506453097,22323243,243.00,0.04106906,0
1506453097,22323242,242.99,0.78000000,0
1506453087,22323237,242.99,0.32830000,0
1506453058,22323216,242.88,2.36910000,1
1506453053,22323214,242.90,0.15000000,1
1506453047,22323206,242.95,0.06215231,1
1506453042,22323200,242.96,0.11000000,1
1506453037,22323198,243.00,0.32830000,0
1506453036,22323197,243.00,9.15983541,1
1506453036,22323196,243.00,2.92069252,1
1506453036,22323195,243.00,0.50016460,1
1506453036,22323194,243.00,1.00000000,1
1506453035,22323193,243.38,13.19842024,1
1506453034,22323192,243.59,0.86027779,0
1506453034,22323190,243.55,2.04156300,0
1506453032,22323185,243.53,1.00930700,0
1506453010,22323169,243.38,50.00000000,1
1506453002,22323156,243.55,0.20847000,0
1506453002,22323155,243.54,0.13553000,0
1506452998,22323152,243.38,3.35621810,1
1506452998,22323151,243.39,0.80783927,1
1506452981,22323139,243.38,4.06000000,1
1506452953,22323124,243.59,0.40949957,0
1506452839,22323087,243.60,0.92000000,0
1506452839,22323086,243.59,1.08000000,0
1506452814,22323074,243.59,0.08005254,0
1506452812,22323073,243.55,0.53422967,0
1506452789,22322991,243.55,0.02579120,0
1506452789,22322989,243.51,0.17420880,0
1506452778,22322893,243.51,0.03000000,0
1506452774,22322860,243.51,1.95323358,0
1506452774,22322858,243.40,0.04676642,0
1506452747,22322737,243.40,77.70000000,0
1506452744,22322723,243.38,4.30000000,1
1506452723,22322628,243.40,85.94000000,0
1506452723,22322626,243.39,0.70000000,0
1506452722,22322624,243.39,4.06000000,0
1506452710,22322564,243.38,4.06000000,1
1506452709,22322557,243.38,4.06000000,1
1506452700,22322522,243.38,0.48516019,1
1506452691,22322484,243.39,0.13665310,0
1506452690,22322478,243.39,0.50000000,0
1506452681,22322438,243.40,1.50000000,0
1506452669,22322368,243.39,0.56002087,1
1506452669,22322367,243.39,0.37997913,1
1506452656,22322313,243.39,1.12000000,1
1506452653,22322312,243.39,0.00000032,0
1506452650,22322303,243.39,1.32999968,0
1506452650,22322302,243.39,25.64705132,0
1506452646,22322289,243.39,0.20477423,0
1506452639,22322273,243.39,5.89235383,0
1506452639,22322272,243.39,0.82801265,0
1506452624,22322235,243.39,5.59208422,0
1506452588,22322096,243.39,0.30872262,0
1506452588,22322095,243.39,5.48317515,0
1506452586,22322076,243.39,0.04115108,0
1506452559,22321965,243.38,6.48020147,0
1506452556,22321950,243.38,0.34990500,0
1506452556,22321945,243.38,3.99234484,0
1506452482,22321752,243.38,1.43375454,0
1506452476,22321713,243.38,1.44379415,0
1506452476,22321711,243.24,0.08274000,0
1506452413,22321597,243.01,0.62000000,1
1506452412,22321596,243.00,0.00000011,0
1506452404,22321557,243.00,3.78317600,0
1506452383,22321552,243.00,0.50016460,0
1506452379,22321547,243.00,9.54966700,0
1506452377,22321546,243.00,11.16018700,0
1506452374,22321545,243.00,4.28334100,0
1506452364,22321540,243.00,1.99894269,0
1506452362,22321539,242.99,2.01279648,1
1506452361,22321537,243.00,0.79798353,0
1506452354,22321529,243.00,27.79010000,0
1506452348,22321527,243.00,0.02049383,0
1506452330,22321523,242.99,0.90000000,0
1506452315,22321514,243.00,3.93000000,0
1506452315,22321513,242.99,1.07000000,0
1506452310,22321511,243.00,5.00000000,0
1506452309,22321510,243.00,13.70000000,0
1506452307,22321509,243.00,5.00000000,0
1506452306,22321508,243.00,43.99732510,0
1506452301,22321504,243.00,47.93010000,0
1506452301,22321503,242.99,0.54000000,0
1506452293,22321501,243.00,0.39000000,0
1506452293,22321500,242.99,0.64000000,0
1506452284,22321499,243.00,0.11094006,0
1506452277,22321494,243.00,0.52855967,0
1506452276,22321493,243.00,1.56950617,0
1506452275,22321492,242.99,0.76000000,0
1506452272,22321486,243.00,48.62140000,0
1506452263,22321483,243.00,6.09288065,0
1506452263,22321481,242.99,0.11000000,0
1506452247,22321475,243.00,0.13530000,0
1506452220,22321467,243.00,0.17139919,0
1506452212,22321464,243.00,0.65806584,0
1506452164,22321448,243.00,12.28046756,0
1506452164,22321446,243.00,16.58373244,0
1506452163,22321445,243.00,0.21703703,0
1506452157,22321437,243.00,5.83432098,0
1506452155,22321432,243.00,5.61497942,0
1506452155,22321431,243.00,8.49382716,0
1506452154,22321428,243.00,2.92330000,0
1506452154,22321426,243.00,5.61502057,0
1506452143,22321411,243.00,6.44211959,0
1506452142,22321409,243.00,0.72242200,0
1506452142,22321408,242.99,0.10000000,0
1506452136,22321406,243.00,97.50269200,0
1506452136,22321405,242.99,0.12000000,0
1506452118,22321395,243.00,5.91770000,0
1506452115,22321394,242.99,0.15000000,1
1506452109,22321393,243.00,48.85330000,0
1506452108,22321387,243.00,1.00295700,0
1506452105,22321382,243.00,1.00238845,0
1506452104,22321380,243.00,6.33012137,0
1506452103,22321377,243.00,0.53937700,0
1506452102,22321376,242.99,0.18000000,0
1506452100,22321367,243.00,5.42440000,0
1506452097,22321362,243.00,0.71904800,0
1506452094,22321359,243.00,1.29469135,0
1506452091,22321354,242.99,0.21000000,0
1506452090,22321353,242.99,21.06709356,0
1506452090,22321352,242.99,0.80929500,0
1506452033,22321324,242.99,0.90830718,0
1506452025,22321320,242.99,13.65303099,0
1506452024,22321318,242.99,0.22972139,0
1506452013,22321310,242.99,0.15000000,0
1506451990,22321305,243.00,0.16589300,0
1506451990,22321304,242.99,0.24328395,0
1506451988,22321299,242.99,0.03671605,0
1506451967,22321287,242.95,36.24635000,1
1506451927,22321277,242.95,0.42109812,1
1506451925,22321276,242.96,0.07890188,1
1506451907,22321270,242.99,0.17447100,0
1506451904,22321269,243.00,0.16843500,0
1506451889,22321263,243.00,0.18394700,0
1506451889,22321262,242.99,0.36000000,0
1506451854,22321253,243.00,0.31526000,0
1506451853,22321250,243.00,7.64332500,0
1506451852,22321249,242.99,0.54000000,0
1506451850,22321248,243.00,2.94780500,0
1506451849,22321247,242.99,0.57000000,0
1506451837,22321241,242.99,0.20220000,0
1506451831,22321239,242.99,0.41051072,0
1506451822,22321235,243.00,1.07664200,0
1506451822,22321232,242.99,0.75000000,0
1506451798,22321161,243.00,0.86427300,0
1506451797,22321160,243.00,1.31747367,0
1506451797,22321159,243.00,3.28131687,0
1506451788,22321151,243.00,1.14971193,0
1506451786,22321148,243.00,13.53010000,0
1506451786,22321144,243.00,1.00627400,0
1506451786,22321143,242.99,0.89000000,0
1506451783,22321140,243.00,7.87386831,0
1506451783,22321138,243.00,5.61559670,0
1506451781,22321135,243.00,1.59353400,0
1506451779,22321129,243.00,21.93806000,0
1506451777,22321126,243.00,0.13469100,0
1506451772,22321124,243.00,6.28820000,0
1506451772,22321123,243.15,0.10215916,1
1506451772,22321122,243.16,1.77000000,1
1506451772,22321121,243.40,0.20126000,0
1506451769,22321120,243.40,1.97449400,0
1506451769,22321119,243.39,1.06000000,0
1506451768,22321118,243.39,1.10000000,0
1506451714,22321065,243.40,20.89247400,0
1506451714,22321063,243.40,3.35933500,0
1506451713,22321062,243.40,26.36847000,0
1506451713,22321061,243.39,1.26000000,0
1506451706,22321057,243.39,3.39175600,0
1506451694,22321016,243.40,2.65940000,0
1506451694,22321015,243.39,1.50000000,0
1506451685,22321010,243.39,1.78000000,0
1506451655,22320998,243.38,0.03362000,0
1506451652,22320997,243.40,9.28574200,0
1506451652,22320996,243.39,2.12000000,0
1506451652,22320995,243.37,2.04249700,0
1506451633,22320989,243.38,1.28161722,0
1506451526,22320946,243.39,0.63284700,0
1506451504,22320928,243.39,0.06079300,0
1506451484,22320915,243.39,0.08480000,0
1506451476,22320908,243.40,1.35090000,0
1506451473,22320906,243.40,18.72115858,0
1506451471,22320905,243.39,1.77000000,0
1506451467,22320903,243.39,0.06010000,0
1506451458,22320897,243.39,0.08480000,0
1506451449,22320896,243.39,0.08480000,0
1506451376,22320871,243.20,18.65832120,0
1506451369,22320868,243.20,0.12070000,0
1506451356,22320864,243.20,0.77949570,0
1506451354,22320863,243.18,0.18491724,0
1506451308,22320824,243.20,0.23391700,0
1506451290,22320810,243.20,0.51973100,0
1506451287,22320806,243.20,5.41175400,0
1506451285,22320800,243.20,1.08433352,0
1506451285,22320799,243.19,0.00079048,0
1506451283,22320793,243.19,1.35288800,0
1506451281,22320790,243.19,4.85256900,0
1506451279,22320788,243.19,1.35367800,0
1506451268,22320783,243.00,19.71606362,1
1506451268,22320781,243.01,0.28393638,1
1506451252,22320769,243.19,0.02047782,0
1506451244,22320760,243.00,41.83448300,0
1506451244,22320759,243.00,2.04798800,0
1506451244,22320758,243.00,3.87763900,0
1506451242,22320757,243.02,1.49000000,1
1506451242,22320756,243.03,0.59989000,1
1506451242,22320755,243.10,0.15000000,1
1506451224,22320749,243.10,5.00000000,1
1506451213,22320742,243.19,1.66617600,0
1506451201,22320735,243.19,2.20309100,0
1506451198,22320733,243.19,1.84786566,0
1506451182,22320717,243.19,4.98982400,0
1506451168,22320707,243.19,1.62434000,0
1506451161,22320699,243.20,10.02196727,0
1506451161,22320698,243.20,1.62514131,0
1506451159,22320696,243.20,2.77737900,0
1506451157,22320691,243.20,4.04168900,0
1506451139,22320677,243.20,0.56188322,0
1506451129,22320671,243.20,0.72416341,0
1506451129,22320670,243.20,3.43952437,0
1506451128,22320669,243.20,0.72453300,0
1506451124,22320667,243.20,6.49961100,0
1506451124,22320666,243.20,3.29234400,0
1506451123,22320665,243.20,26.00229600,0
1506451123,22320664,243.20,13.39847600,0
1506451121,22320663,243.21,0.08274000,1
1506451104,22320654,243.50,5.79592900,0
1506451075,22320646,243.50,0.59396304,0
1506451061,22320633,243.60,8.73957200,0
1506451060,22320632,243.59,1.74000000,0
1506451047,22320630,243.60,0.21888341,0
1506451046,22320626,243.60,0.81307242,0
1506451046,22320623,243.59,0.00000500,0
1506451046,22320619,243.59,1.04999500,1
1506451045,22320617,243.60,13.36701369,0
1506451045,22320616,243.59,1.05000000,0
1506451045,22320615,243.53,0.08274000,0
1506450980,22320564,243.59,1.14725500,0
1506450980,22320563,243.50,0.08274000,0
1506450941,22320551,243.59,0.40873088,0
1506450941,22320550,243.37,0.00000536,0
1506450940,22320548,243.37,0.23499300,0
1506450935,22320538,243.37,4.23827800,0
1506450935,22320537,243.34,0.23492000,0
1506450934,22320536,243.34,8.16508000,1
1506450933,22320533,243.37,1.72601100,0
1506450931,22320532,243.39,1.00907600,1
1506450931,22320531,243.40,1.47500511,1
1506450931,22320530,243.41,0.73744433,1
1506450931,22320529,243.41,0.25718952,1
1506450931,22320528,243.42,0.32199768,1
1506450923,22320522,243.60,1.49915846,0
