date,tid,price,amount,type
1506470409,22339668,288.07,2.46020000,1
1506470409,22339667,288.08,13.47300000,1
1506470409,22339666,288.08,0.27680000,1
1506470409,22339665,288.27,0.04000000,1
1506470409,22339664,288.42,0.04000000,1
1506470409,22339663,288.43,3.71000000,1
1506470366,22339646,288.94,1.52712733,0
1506470309,22339611,288.53,2.93534400,0
1506470286,22339594,288.53,1.57465600,0
1506470285,22339593,288.53,2.86573700,0
1506470207,22339543,288.53,1.64426300,0
1506470195,22339528,288.52,5.00000000,0
1506470192,22339526,288.54,2.74243482,1
1506470191,22339525,288.54,0.27019046,1
1506470191,22339524,288.55,1.98737472,1
1506470154,22339518,288.96,2.17502207,0
1506470153,22339517,288.76,0.00220608,0
1506470148,22339516,288.76,1.83514137,0
1506470095,22339491,288.76,0.41698988,0
1506469789,22339430,288.87,0.14599500,0
1506469773,22339411,288.87,0.08400000,0
1506469665,22339389,288.86,5.00000000,0
1506469623,22339350,288.77,0.23000000,1
1506469542,22339324,288.95,1.98448382,0
1506469542,22339323,288.72,0.03000000,0
1506469541,22339322,288.52,0.03000000,0
1506469541,22339321,288.37,0.03000000,0
1506469541,22339320,288.34,0.00200000,0
1506469534,22339317,288.34,0.22800000,0
1506469430,22339295,288.28,0.83164364,0
1506469430,22339294,288.27,0.23000000,0
1506469420,22339291,288.12,3.04000000,1
1506469367,22339288,287.89,5.00000000,1
1506469314,22339279,288.28,3.67835636,0
1506469314,22339278,288.28,1.95312664,0
1506469313,22339277,288.27,0.23000000,0
1506469304,22339274,288.28,0.12400000,0
1506469303,22339273,288.28,0.47764400,0
1506469303,22339272,288.27,0.23000000,0
1506469285,22339262,288.28,1.62990000,0
1506469285,22339261,288.22,0.23000000,0
1506469226,22339254,288.28,0.32532936,0
1506469226,22339253,288.26,0.23000000,0
1506469226,22339252,288.24,0.27800000,0
1506469226,22339251,288.24,0.27640000,0
1506469226,22339250,288.23,8.30710664,0
1506469205,22339239,288.27,1.19289368,0
1506469200,22339235,287.01,4.41496119,1
1506469200,22339234,287.02,0.27800000,1
1506469199,22339233,287.02,0.30703881,1
1506469196,22339230,288.29,5.00000000,1
1506469193,22339229,288.10,5.00000000,1
1506469189,22339228,288.09,1.53860000,1
1506469189,22339227,288.27,3.46140000,1
1506469187,22339225,288.07,5.00000000,0
1506469184,22339219,288.07,0.00006733,0
1506469183,22339218,288.07,4.99993267,1
1506469179,22339217,288.09,5.00000000,1
1506469176,22339214,288.07,5.00000000,1
1506469173,22339213,288.06,4.72360000,1
1506469173,22339212,288.06,0.27640000,1
1506469170,22339208,288.05,5.00000000,1
1506469170,22339206,289.00,0.50000000,0
1506469167,22339204,288.02,2.97122462,1
1506469167,22339203,288.03,2.02877538,1
1506469164,22339202,288.02,5.00000000,1
1506469161,22339200,288.00,5.00000000,1
1506469158,22339198,288.00,5.00000000,1
1506469155,22339197,287.97,5.00000000,1
1506469152,22339193,287.95,5.00000000,1
1506468650,22339077,289.12,2.02205931,0
1506468634,22339076,289.14,0.03000000,0
1506468634,22339075,288.77,0.45000000,0
1506468634,22339074,288.76,0.23000000,0
1506468618,22339071,288.40,1.36120500,1
1506468611,22339067,288.38,2.48700000,0
1506468610,22339066,288.37,3.79669719,0
1506468610,22339061,288.37,0.00000011,1
1506468609,22339057,288.37,1.76404500,1
1506468606,22339053,288.38,6.05000000,1
1506468606,22339052,288.39,5.00000000,1
1506468553,22339030,289.02,0.31120424,1
1506468540,22339016,289.01,0.03000000,0
1506468540,22339015,289.00,0.03000000,0
1506468540,22339013,288.99,0.03000000,0
1506468540,22339011,288.99,0.03000000,0
1506468540,22339010,288.99,0.03000000,0
1506468540,22339009,288.84,0.03000000,0
1506468540,22339008,288.76,0.23000000,0
1506468396,22338959,288.75,1.52484600,0
1506468242,22338912,288.98,1.06487272,0
1506468241,22338911,288.75,0.03000000,0
1506468241,22338910,288.74,0.03000000,0
1506468241,22338909,288.39,0.23000000,0
1506468235,22338907,288.38,1.10530064,0
1506468223,22338902,288.71,0.03000000,0
1506468223,22338901,288.55,0.03000000,0
1506468223,22338900,288.54,0.03000000,0
1506468223,22338899,288.46,0.03000000,0
1506468223,22338898,288.40,0.03000000,0
1506468223,22338897,288.39,0.03000000,0
1506468223,22338896,288.38,0.23000000,0
1506468192,22338890,288.35,10.00000000,0
1506468157,22338862,287.88,0.27700000,1
1506468155,22338861,287.00,32.04781741,0
1506468155,22338859,286.99,2.09066518,0
1506468155,22338857,286.99,5.00100000,0
1506468154,22338853,287.00,10.33607647,0
1506468154,22338851,287.00,38.80500000,0
1506468154,22338850,287.00,0.59845886,0
1506468153,22338847,287.00,5.82000000,0
1506468152,22338846,287.00,0.45133384,0
1506468152,22338845,287.19,0.04000000,1
1506468152,22338844,287.44,0.04000000,1
1506468151,22338843,287.48,5.83000000,1
1506468151,22338840,287.50,0.44439937,1
1506468151,22338838,287.51,5.00000000,1
1506468151,22338837,287.64,0.04000000,1
1506468151,22338835,287.79,0.04000000,1
1506468151,22338834,288.01,0.27700000,1
1506468151,22338833,288.34,0.22991405,1
1506468137,22338827,288.34,0.04700500,0
1506468137,22338825,288.34,0.22999500,0
1506468066,22338797,288.31,0.22995500,0
1506467693,22338687,288.30,0.22000000,0
1506467693,22338685,288.30,6.01000000,0
1506467693,22338684,288.30,0.12064009,0
1506467650,22338676,288.30,0.59112700,0
1506467577,22338656,288.30,0.21689895,0
1506467529,22338585,288.30,6.01133396,0
1506467529,22338584,288.26,0.03000000,0
1506467529,22338583,288.11,0.03000000,0
1506467528,22338582,288.09,0.03000000,0
1506467272,22338485,288.02,0.16000000,1
1506467268,22338483,288.02,0.02000000,1
1506467145,22338439,288.02,0.05000000,1
1506467121,22338434,288.01,0.66652000,1
1506467121,22338433,288.02,0.23000000,1
1506467092,22338422,288.01,0.94891156,1
1506467092,22338421,288.01,0.23000000,1
1506467084,22338416,288.72,1.01615800,0
1506467060,22338412,287.19,1.43439182,0
1506467060,22338411,287.19,9.49000000,1
1506467060,22338410,287.19,5.00000000,1
1506467060,22338409,288.09,0.20939000,1
1506467048,22338405,288.10,0.27700000,1
1506467047,22338404,288.11,0.23000000,1
1506466999,22338385,288.87,18.57350151,0
1506466994,22338384,288.10,0.03000000,0
1506466971,22338375,287.83,0.03000000,1
1506466971,22338374,287.80,0.03000000,0
1506466958,22338367,287.55,0.03000000,0
1506466954,22338362,287.35,0.03000000,0
1506466949,22338349,287.27,0.03000000,1
1506466908,22338302,287.11,0.39225477,0
1506466904,22338296,287.11,3.07863800,0
1506466903,22338294,287.11,11.60593200,0
1506466903,22338293,287.11,8.61959100,0
1506466903,22338292,287.10,0.27700000,0
1506466901,22338291,287.11,3.07862200,0
1506466901,22338290,287.11,3.78290987,0
1506466901,22338289,287.10,0.11525513,0
1506466900,22338285,287.10,0.97460903,1
1506466900,22338284,287.10,1.00000000,1
1506466899,22338283,287.11,7.17000000,1
1506466899,22338281,287.94,0.23000000,1
1506466811,22338202,287.87,1.77409912,1
1506466811,22338200,287.88,0.23000000,1
1506466800,22338185,288.46,2.00000000,1
1506466725,22338164,287.89,2.55636328,1
1506466725,22338163,287.94,0.27700000,1
1506466680,22338134,287.88,0.41575852,1
1506466650,22338119,287.12,2.01338948,0
1506466649,22338118,287.12,6.94000000,0
1506466649,22338116,287.11,0.64684368,1
1506466648,22338115,287.12,12.52217775,0
1506466648,22338114,287.48,0.04000000,1
1506466647,22338113,287.78,0.04000000,1
1506466647,22338112,287.79,1.05443154,1
1506466647,22338111,288.03,0.04000000,1
1506466647,22338110,288.23,0.04000000,1
1506466647,22338109,288.38,0.04000000,1
1506466647,22338108,288.51,6.94000000,1
1506466647,22338107,288.60,0.10000000,1
1506466647,22338106,288.61,0.23000000,1
1506466636,22338089,288.90,2.17624502,0
1506466631,22338082,288.90,0.08864659,1
1506466631,22338081,288.90,0.08923503,1
1506466560,22338041,289.49,8.39699225,0
1506466559,22338040,289.38,0.09670091,0
1506466359,22337948,288.90,0.09670091,0
1506466359,22337946,289.00,0.24251488,1
1506466359,22337945,289.00,0.23000000,0
1506466358,22337944,289.13,0.04000000,1
1506466358,22337943,289.33,0.04000000,1
1506466358,22337942,289.40,0.18707670,0
1506466357,22337941,289.48,0.04000000,1
1506466357,22337938,289.49,0.00001752,1
1506466355,22337936,289.98,0.08556329,1
1506466354,22337934,289.95,0.08445398,0
1506466353,22337931,289.50,0.23000000,1
1506466346,22337918,289.49,2.26753108,1
1506466346,22337917,289.49,0.30799500,1
1506466339,22337909,289.49,0.53807000,1
1506466339,22337908,289.49,0.23000000,1
1506466232,22337865,290.25,0.68657330,0
1506466232,22337864,290.24,0.27530000,0
1506466207,22337846,290.40,0.20038827,0
1506466181,22337804,289.26,0.91731000,1
1506466181,22337802,289.27,0.27530000,1
1506466181,22337801,289.32,0.23000000,1
1506466172,22337785,289.30,1.12412721,1
1506466158,22337770,290.00,2.59829300,1
1506466158,22337767,290.00,3.52865650,1
1506466155,22337764,290.00,3.52512494,1
1506466154,22337762,290.01,0.00002049,1
1506466153,22337757,290.01,0.95604493,1
1506466152,22337755,290.01,1.10572470,1
1506466151,22337751,290.00,2.45823940,1
1506466151,22337750,290.01,1.06330816,1
1506466150,22337744,290.00,1.54124188,1
1506466150,22337742,290.02,0.00001412,1
1506466149,22337738,290.02,3.12035595,1
1506466147,22337734,290.01,0.17758856,1
1506466146,22337730,290.00,5.76281963,1
1506466144,22337728,290.00,6.94000000,1
1506466143,22337727,290.00,5.01769893,0
1506466143,22337726,289.99,6.94000000,0
1506465868,22337661,290.45,2.64441286,0
1506465856,22337653,290.37,0.03000000,0
1506465856,22337652,290.32,0.03000000,0
1506465856,22337651,290.32,0.03000000,0
1506465856,22337650,290.25,0.12571917,0
1506465856,22337649,290.24,0.41390851,0
1506465855,22337648,290.23,0.23000000,0
1506465844,22337641,290.21,0.66476998,0
1506465844,22337640,290.10,0.04000000,0
1506465844,22337639,290.07,0.23000000,0
1506465832,22337637,290.09,0.03000000,0
1506465832,22337636,290.08,1.57126001,0
1506465832,22337635,290.08,0.23000000,0
1506465820,22337630,290.02,0.03000000,0
1506465820,22337629,290.02,0.03000000,0
1506465820,22337628,290.01,0.03000000,0
1506465820,22337627,290.00,0.03000000,0
1506465820,22337626,289.95,0.13958219,0
1506465820,22337625,289.94,0.23000000,0
1506465819,22337624,289.59,1.57126001,1
1506465701,22337601,289.95,2.15025132,0
1506465701,22337600,289.94,0.03000000,0
1506465701,22337599,289.77,0.03000000,0
1506465701,22337598,289.57,0.03000000,0
1506465701,22337597,289.51,0.35682307,0
1506465577,22337552,289.42,0.03000000,0
1506465517,22337542,289.33,0.08072308,0
1506465517,22337541,289.22,0.27610000,0
1506465516,22337540,289.95,7.71308764,0
1506465516,22337539,289.94,2.06939367,0
1506465516,22337538,289.91,0.35645385,0
1506465516,22337537,289.88,0.13000000,0
1506465516,22337536,289.82,0.03000000,0
1506465515,22337535,289.79,0.03000000,0
1506465515,22337534,289.77,0.03000000,0
1506465515,22337533,289.74,0.03000000,0
1506465515,22337532,289.71,0.03000000,0
1506465515,22337531,289.70,0.03000000,0
1506465515,22337530,289.69,1.00000000,0
1506465515,22337529,289.57,0.03000000,0
1506465515,22337528,289.54,0.03000000,0
1506465515,22337527,289.52,0.03000000,0
1506465514,22337526,289.50,0.75748512,0
1506465514,22337525,289.49,3.13202341,0
1506465514,22337524,289.46,0.39881632,0
1506465514,22337523,289.45,0.03000000,0
1506465514,22337522,289.44,0.08273999,0
1506465514,22337521,289.34,0.03000000,0
1506465514,22337520,289.25,0.03000000,0
1506465489,22337517,289.19,0.03000000,0
1506465374,22337468,289.10,0.01000000,0
1506465320,22337451,289.00,0.75748512,1
1506465099,22337395,289.10,0.02000000,0
1506464742,22337213,289.01,0.77113468,1
1506464742,22337212,289.02,0.06912609,1
1506464742,22337211,289.03,0.23845895,1
1506464672,22337198,288.89,0.99449098,1
1506464672,22337197,288.93,0.39881632,1
1506464672,22337196,288.94,0.27610000,1
1506464606,22337179,289.52,1.51126001,1
1506464606,22337178,289.46,0.03000000,0
1506464605,22337177,289.44,0.03000000,0
1506464504,22337143,289.03,0.28021317,1
1506464474,22337122,289.42,0.03000000,0
1506464473,22337121,289.33,0.15592999,0
1506464473,22337120,289.33,0.24235246,0
1506464473,22337119,289.32,0.23000000,0
1506464400,22337049,288.81,0.04000000,1
1506464400,22337048,289.04,0.15592998,1
1506464392,22337034,289.05,0.50717500,1
1506464265,22336938,289.33,0.15575852,0
1506464265,22336937,289.27,0.03000000,0
1506464263,22336936,289.26,0.23000000,0
1506464132,22336874,289.05,0.29476354,1
1506464130,22336871,289.05,0.34835408,1
1506464130,22336870,289.05,0.36320755,1
1506464129,22336868,289.05,1.38006429,1
1506464078,22336823,289.26,0.12588789,1
1506464075,22336821,289.26,0.03000000,0
1506464075,22336820,289.19,0.02765583,0
1506464072,22336814,289.19,0.00234417,0
1506464072,22336813,289.11,0.03000000,0
1506464072,22336812,289.07,0.03000000,0
1506464072,22336811,289.07,0.72915344,0
1506464071,22336810,289.06,0.00000039,0
1506464070,22336809,289.06,3.13170089,0
1506464070,22336807,289.06,0.16826746,0
1506464070,22336804,289.04,0.18330726,0
1506464070,22336803,288.99,0.03000000,0
1506464069,22336802,288.92,0.03000000,0
1506464069,22336801,288.84,0.03000000,0
1506464069,22336798,288.75,10.00000039,0
1506464069,22336796,288.75,8.71206600,0
1506464047,22336771,288.75,10.00000000,0
1506464017,22336756,288.75,1.88929700,0
1506464010,22336753,288.75,4.33297257,0
1506463996,22336732,288.75,1.05957158,0
1506463976,22336723,288.75,1.36340000,0
1506463956,22336718,288.75,4.29373440,0
1506463905,22336687,288.75,18.39156600,0
1506463903,22336684,288.75,4.45174316,0
1506463902,22336683,288.75,15.00247490,0
1506463902,22336682,288.75,6.84790200,0
1506463896,22336680,288.75,9.10483895,0
1506463894,22336679,288.75,6.22990500,0
1506463888,22336668,288.75,3.65697759,0
1506463888,22336667,288.74,5.58133413,0
1506463880,22336662,288.74,0.34517200,0
1506463865,22336652,288.75,2.38020000,0
1506463854,22336643,288.75,6.77000000,0
1506463854,22336642,288.74,0.17000000,0
1506463817,22336629,288.75,1.43109297,0
1506463810,22336627,288.75,1.36260000,0
1506463810,22336626,288.75,0.01152570,0
1506463809,22336624,288.74,0.33227430,0
1506463787,22336620,288.75,1.36400000,0
1506463777,22336616,288.75,0.34350000,0
1506463771,22336613,288.75,13.53400000,0
1506463771,22336612,288.74,0.25000000,0
1506463769,22336611,288.75,5.37838462,0
1506463759,22336604,288.75,0.32215512,0
1506463759,22336603,288.74,0.37000000,0
1506463751,22336591,288.74,0.07960000,0
1506463737,22336568,288.74,0.50000000,0
1506463731,22336561,288.75,0.34360000,0
1506463730,22336560,288.75,0.69270000,0
1506463730,22336559,288.74,0.67000000,0
1506463711,22336555,288.75,0.57620000,0
1506463711,22336554,288.74,0.79000000,0
1506463697,22336546,288.75,1.10320346,1
1506463697,22336545,288.80,2.46001959,1
1506463697,22336544,288.81,6.59036900,1
1506463641,22336499,288.80,3.69000000,1
1506463639,22336493,288.81,6.72465400,1
1506463408,22336332,288.83,1.91724375,0
1506463405,22336324,289.04,1.09421995,0
1506463405,22336322,289.04,0.66529135,0
1506463405,22336321,288.82,1.02160301,0
1506463404,22336320,288.82,0.00001194,1
1506463395,22336294,288.82,0.22998806,1
1506463382,22336263,288.81,1.32998306,1
1506463382,22336262,288.82,0.00001194,1
1506463380,22336260,289.04,0.32297400,0
1506463363,22336237,288.82,0.22998806,1
1506463354,22336209,288.81,2.20566287,1
1506463354,22336208,289.01,0.00000463,1
1506463347,22336174,289.01,0.22556537,0
1506463329,22336141,288.81,5.72773143,1
1506463329,22336139,288.83,0.00002956,1
1506463328,22336138,288.83,0.22997044,1
1506463318,22336129,288.81,1.03091133,1
1506463316,22336121,288.81,5.99708189,1
1506463313,22336116,288.80,1.84997836,1
1506463310,22336115,288.78,0.00000205,0
1506463285,22336100,288.77,0.05003463,1
1506463264,22336055,288.78,0.23000000,1
1506463239,22336031,288.81,7.15085790,1
1506463223,22335993,289.02,0.58859051,1
1506463222,22335989,289.02,8.34272210,1
1506463221,22335982,289.02,1.37723200,1
1506463218,22335972,289.02,6.47677376,1
1506463217,22335969,289.02,1.37620100,1
1506463215,22335955,289.02,6.47184054,1
1506463204,22335927,289.02,2.75441212,1
1506463203,22335926,289.03,2.46682593,1
1506463202,22335919,289.03,4.48317407,0
1506463200,22335909,289.03,0.58642778,1
1506463198,22335903,289.03,2.07038361,1
1506463198,22335902,289.04,5.06959771,1
1506463197,22335899,289.04,2.26350929,1
1506463197,22335898,289.04,0.00000001,1
1506463191,22335889,289.04,0.39811098,1
1506463188,22335880,289.06,1.74279587,1
1506463187,22335877,289.07,0.29031820,0
1506463187,22335874,289.06,0.39808245,1
1506463187,22335873,289.06,0.28185055,1
1506463186,22335869,289.07,0.27560000,1
1506463186,22335867,289.07,7.37380064,1
1506463184,22335858,289.05,1.60138308,1
1506463183,22335851,289.06,2.84455600,1
1506463181,22335849,289.05,1.24000000,1
1506463181,22335846,289.03,2.04203238,1
1506463180,22335845,289.45,0.10195034,1
1506463180,22335844,289.70,0.25450348,1
1506463180,22335843,290.18,0.57985801,1
1506463180,22335842,289.81,1.32302777,0
1506463178,22335835,289.02,7.01922797,1
1506463178,22335834,290.19,1.31526114,1
1506463178,22335833,290.17,0.03000000,0
1506463178,22335832,290.11,0.26468141,0
1506463178,22335831,290.11,0.13197859,0
1506463177,22335830,290.00,0.25424021,0
1506463177,22335829,289.99,0.10000000,0
1506463177,22335828,289.92,0.03000000,0
1506463177,22335826,289.88,0.11743981,0
1506463177,22335825,289.82,0.86698807,0
1506463177,22335824,289.82,0.19887372,0
1506463177,22335821,289.82,0.30561500,0
1506463176,22335818,289.75,0.10184479,0
1506463176,22335817,289.72,0.03000000,0
1506463176,22335815,289.71,0.71048319,0
1506463176,22335814,289.53,0.15382998,0
1506463175,22335812,289.71,2.40566438,0
1506463175,22335808,289.57,0.03000000,0
1506463175,22335806,289.04,0.70358560,0
1506463173,22335797,289.01,6.46703500,1
1506463172,22335788,289.53,0.15382976,1
1506463171,22335782,289.35,0.00000024,0
1506463167,22335768,289.03,2.97382235,0
1506463118,22335698,289.25,0.34968228,1
1506463032,22335671,289.35,0.39995837,0
1506463032,22335669,289.35,0.98349763,0
1506463028,22335666,288.97,0.05000000,1
1506463019,22335664,288.97,0.08000000,1
1506462967,22335637,288.98,0.10409997,1
1506462890,22335568,289.35,0.11743981,0
1506462719,22335480,289.48,0.31140700,0
1506462710,22335473,289.57,0.03000000,0
1506462710,22335472,289.27,0.03000000,0
1506462710,22335471,289.02,0.03000000,0
1506462675,22335451,289.01,1.94252748,1
1506462516,22335309,288.82,0.03000000,0
1506462507,22335304,288.81,0.27700000,1
1506462477,22335290,288.67,0.03000000,0
1506462460,22335283,288.57,0.13939079,1
1506462458,22335282,288.58,0.27700000,1
1506462434,22335235,288.53,0.00000441,0
1506462434,22335234,289.14,0.05000000,1
1506462434,22335232,289.34,0.10000000,1
1506462434,22335230,289.46,0.10184480,1
1506462433,22335229,289.47,0.00000079,1
1506462399,22335178,289.47,13.64629821,1
1506462399,22335177,289.71,0.25424022,1
1506462399,22335176,289.79,1.20828157,1
1506462396,22335170,289.81,2.05028578,1
1506462396,22335168,289.81,1.06586179,1
1506462395,22335167,289.82,0.14241978,1
1506462395,22335166,289.82,0.25424022,1
1506462215,22334988,290.24,0.07797779,0
1506462215,22334987,289.99,0.23000000,0
1506462203,22334970,290.12,0.03000000,0
1506462202,22334968,290.03,0.07064710,0
1506462202,22334967,290.03,0.32570825,0
1506462202,22334966,290.01,0.25397723,0
1506462202,22334965,290.00,0.20171971,0
1506462195,22334963,290.00,0.02828029,0
1506462189,22334949,290.00,0.23000000,0
1506462185,22334943,290.00,2.11913252,1
1506462177,22334935,289.92,0.03000000,0
1506462177,22334934,289.91,0.23000000,0
1506462165,22334897,289.88,0.46598083,0
1506462165,22334896,289.88,2.64941411,0
1506462165,22334894,289.77,0.03000000,0
1506462057,22334728,289.68,6.33607507,1
1506462057,22334727,289.68,5.37000000,1
1506462057,22334726,289.70,1.32455275,1
1506462057,22334725,289.72,3.11539494,1
1506462056,22334724,289.72,0.25397724,1
1506461909,22334628,289.74,0.87711990,1
1506461909,22334627,289.74,0.07064710,1
1506461883,22334610,289.74,0.32570825,1
1506461883,22334608,289.75,0.07061259,1
1506461817,22334560,290.10,1.20704167,0
1506461815,22334559,290.09,0.98916705,0
1506461815,22334557,289.90,1.11379301,0
1506461813,22334555,289.90,0.76040014,0
1506461700,22334474,289.75,3.11087485,1
1506461677,22334463,290.08,2.20945139,0
1506461665,22334455,290.02,0.25371453,0
1506461664,22334454,289.80,0.15171000,0
1506461664,22334452,289.79,0.26815756,0
1506461664,22334450,289.75,0.24464004,0
1506461659,22334441,289.70,8.32855400,1
1506461648,22334417,289.73,1.23726500,1
1506461648,22334416,289.74,0.08450972,1
1506461647,22334408,289.75,0.15170500,0
1506461646,22334405,289.74,0.62278424,0
1506461646,22334402,289.74,0.26815200,0
1506461646,22334401,289.74,0.98747740,0
1506461646,22334400,289.73,0.89093060,0
1506461645,22334399,289.73,0.34634000,0
1506461645,22334398,289.32,0.05000000,0
1506461601,22334346,289.03,5.03719655,1
1506461601,22334345,289.04,13.59630496,1
1506461576,22334337,289.22,1.01226400,1
1506460892,22333978,289.32,0.11753139,0
1506460846,22333963,289.40,1.23169421,0
1506460807,22333950,289.16,0.23725053,1
1506460807,22333949,289.17,0.05000000,1
1506460805,22333946,289.18,0.23000000,1
1506460720,22333919,289.40,1.65281000,0
1506460690,22333900,289.40,2.50295900,0
1506460570,22333820,289.47,0.39634504,1
1506460570,22333819,289.49,1.23727060,1
1506460532,22333785,289.49,0.12553900,1
1506460434,22333709,289.79,0.42285581,0
1506460434,22333708,289.79,0.23000000,0
1506460357,22333677,289.49,1.59445600,1
1506460328,22333666,289.80,0.17587761,0
1506460322,22333660,289.80,0.45701764,0
1506460322,22333658,289.69,0.23000000,0
1506460246,22333618,289.48,0.05000000,1
1506460118,22333570,289.87,0.21539475,1
1506460117,22333569,289.87,0.23000000,0
1506460107,22333562,289.87,0.23000000,0
1506460098,22333561,289.87,0.23000000,0
1506460087,22333548,289.87,0.23000000,0
1506460079,22333539,289.88,0.11753139,1
1506460079,22333538,289.95,0.12553889,1
1506460077,22333534,289.97,0.53851202,0
1506460075,22333533,289.98,0.66476998,1
1506460072,22333529,290.25,0.12571921,1
1506460066,22333489,290.48,0.73764949,0
1506460066,22333488,290.45,0.06441792,0
1506460066,22333487,290.31,0.04164498,0
1506460065,22333486,290.22,0.10333506,0
1506460065,22333485,290.17,0.39495233,0
1506460065,22333484,290.14,0.05000000,0
1506460065,22333483,290.06,0.06108798,0
1506460063,22333480,290.05,2.91803900,1
1506460049,22333469,290.04,0.15841864,0
1506460044,22333468,290.03,0.41639079,1
1506460042,22333467,289.98,4.52998100,0
1506460035,22333455,290.04,0.21658136,0
1506460035,22333454,290.01,0.04033243,0
1506460035,22333453,290.01,0.00000178,0
1506460035,22333452,290.01,0.00135417,0
1506460033,22333451,289.99,0.15812105,0
1506460012,22333444,289.98,3.11197700,1
1506460012,22333443,289.98,0.23000000,0
1506459999,22333425,289.97,0.23000000,1
1506459998,22333424,289.97,3.34035070,0
1506459990,22333419,289.65,0.04198000,1
1506459985,22333417,289.87,1.58563527,1
1506459985,22333416,289.88,1.46436473,1
1506459984,22333414,289.88,0.60000000,0
1506459983,22333412,289.87,0.02088737,1
1506459979,22333405,289.87,0.27590000,1
1506459978,22333404,289.86,0.04565549,0
1506459978,22333403,289.71,0.00000084,0
1506459978,22333402,289.71,0.01416695,0
1506459978,22333401,289.70,0.23000000,0
1506459978,22333400,288.80,2.08414426,1
1506459978,22333399,289.17,0.02088737,1
1506459977,22333398,289.19,0.27590000,1
1506459948,22333362,289.71,0.02756408,0
1506459948,22333361,289.65,0.10329707,0
1506459948,22333360,289.25,0.08913292,0
1506459948,22333359,289.14,0.00000593,0
1506459946,22333354,289.14,0.81908100,0
1506459942,22333350,289.10,0.04565549,0
1506459930,22333334,289.09,0.23710400,0
1506459873,22333286,289.00,1.00000000,0
1506459832,22333261,289.09,0.79891043,0
1506459831,22333260,289.08,0.23000000,0
1506459822,22333256,289.09,1.64312273,0
1506459822,22333255,289.00,0.23000000,0
1506459818,22333253,289.00,0.77000000,0
1506459818,22333252,288.99,0.23000000,0
1506459798,22333240,289.00,0.61988119,0
1506459798,22333239,289.00,0.34836837,0
1506459798,22333238,288.99,0.02089904,0
1506459798,22333237,288.77,0.10000000,0
1506459719,22333166,288.53,0.00003045,0
1506459712,22333161,288.53,0.02089904,0
1506459701,22333152,288.53,0.16610858,0
1506459701,22333151,288.47,0.02092442,0
1506459603,22333073,288.25,1.00000000,0
1506459603,22333071,288.25,1.00000000,0
1506459598,22333063,287.88,3.05879954,1
1506459598,22333062,288.18,0.02092442,1
1506459598,22333060,288.24,0.18703808,1
1506459590,22333051,288.26,0.81908693,1
1506459590,22333050,288.29,0.23000000,1
1506459590,22333049,288.34,0.10000000,1
1506459586,22333043,288.96,0.59000000,1
1506459586,22333041,288.95,0.14509509,0
1506459565,22332993,288.99,7.18622300,0
1506459565,22332992,288.99,0.23000000,0
1506459549,22332973,288.29,0.14509509,1
1506459548,22332972,288.30,0.23000000,1
1506459503,22332927,288.81,0.05972400,0
1506459481,22332915,288.81,2.76597331,0
1506459481,22332914,288.80,2.07756233,0
1506459481,22332913,288.56,0.81821966,0
1506459481,22332912,288.54,0.18684362,0
1506459467,22332906,288.50,1.00000000,0
1506459424,22332880,288.50,0.54958849,0
1506459423,22332879,288.50,0.11707751,0
1506459336,22332687,288.25,0.18684363,1
1506459293,22332633,288.26,0.81821966,1
1506459216,22332435,288.50,0.61988119,1
1506459216,22332433,288.98,7.62623316,0
1506459216,22332432,288.89,0.23000000,0
1506459214,22332426,288.50,0.34836837,1
1506459157,22332359,289.04,0.26178680,0
1506459156,22332355,288.96,0.02085137,0
1506459138,22332317,288.55,0.18664938,0
1506459138,22332315,288.50,0.57112775,0
1506459137,22332313,288.49,0.23000000,0
1506459113,22332227,288.50,0.42887225,0
1506459113,22332225,288.49,0.33863700,0
1506459112,22332224,288.49,0.23000000,0
1506459077,22332180,288.54,7.17313185,0
1506459075,22332177,287.85,0.54957587,1
1506459075,22332176,288.26,0.18664939,1
1506459066,22332156,288.69,1.04711803,0
1506459066,22332155,288.62,0.23000000,0
1506459047,22332135,288.48,0.23000000,0
1506459035,22332119,288.56,0.18645535,0
1506459034,22332116,288.55,0.23000000,0
1506459034,22332115,288.53,0.27720000,0
1506459034,22332114,288.51,0.54982326,0
1506458915,22332031,287.80,1.04691224,1
1506458915,22332030,287.84,0.27720000,1
1506458914,22332029,288.27,0.58999828,1
1506458913,22332028,288.27,0.00000172,0
1506458913,22332027,288.26,0.23000000,0
1506458893,22332008,288.24,1.72488204,1
1506458892,22332004,288.27,0.18645536,1
1506458815,22331932,288.40,0.08500000,0
1506458803,22331923,288.47,0.76799356,0
1506458765,22331869,288.57,0.18626153,0
1506458765,22331867,288.28,0.18623208,0
1506458765,22331865,288.26,0.23000000,0
1506458747,22331843,288.27,5.61105866,0
1506458737,22331830,288.28,0.00001473,1
1506458735,22331825,288.28,0.18624681,1
1506458735,22331823,288.63,1.08596923,0
1506458733,22331820,288.64,2.37790401,0
1506458733,22331818,288.58,0.18606792,0
1506458732,22331817,288.57,0.60385578,0
1506458732,22331815,288.57,1.74117168,0
1506458727,22331802,288.32,0.05000000,0
1506458726,22331801,288.31,0.88040500,0
1506458726,22331800,288.00,0.00000023,0
1506458700,22331751,288.00,0.96991281,0
1506458699,22331750,288.00,0.08890897,0
1506458699,22331749,287.80,0.16487422,0
1506458565,22331598,287.79,3.50070000,1
1506458526,22331568,287.79,0.27025000,1
1506458474,22331538,287.79,0.13590000,1
1506458445,22331517,287.79,1.00000000,1
1506458444,22331516,287.79,1.00000000,1
1506458431,22331510,287.79,1.00000000,1
1506458431,22331509,287.79,1.00000000,1
1506458423,22331506,287.79,0.27215000,1
1506458415,22331496,287.80,1.00000000,0
1506458406,22331487,287.79,0.27800000,0
1506458237,22331357,287.18,4.77000000,0
1506458235,22331351,287.18,0.23000000,1
1506458225,22331345,287.17,1.68718920,1
1506458225,22331344,287.17,0.23000000,1
1506458150,22331305,287.11,3.39052494,1
1506458150,22331303,287.35,0.27800000,1
1506458150,22331302,287.55,0.00000084,1
1506458148,22331299,287.62,0.23000000,1
1506458084,22331280,287.61,6.20000000,1
1506458070,22331270,287.80,0.03036831,0
1506458064,22331259,287.57,6.47491108,1
1506458055,22331236,287.56,0.02260000,1
1506458042,22331212,287.55,0.04173103,1
1506458042,22331211,287.71,0.08890897,1
1506458040,22331204,287.80,0.05000000,0
1506458007,22331178,287.80,3.89075747,0
1506457995,22331165,287.80,64.86400000,1
1506457987,22331132,287.81,3.02745400,1
1506457971,22331110,287.82,0.90091000,1
1506457947,22331088,288.35,1.96566356,0
1506457895,22331042,288.41,10.94799972,0
1506457840,22330987,288.46,0.99697541,0
1506457840,22330986,287.78,0.04775448,0
1506457832,22330977,287.78,1.00000000,0
1506457828,22330971,287.77,0.27700000,1
1506457823,22330960,287.78,2.55702423,0
1506457822,22330958,288.02,0.27700000,1
1506457822,22330956,288.29,0.00002129,1
1506457815,22330946,288.46,6.55975319,0
1506457719,22330847,288.29,0.18604664,1
1506457719,22330845,288.30,0.00000453,1
1506457718,22330844,288.44,4.40776272,0
1506457708,22330833,288.59,0.18587452,0
1506457707,22330831,288.46,0.23000000,0
1506457625,22330757,288.30,0.18587000,1
1506457621,22330754,288.98,1.25678733,0
1506457621,22330753,288.86,0.81651057,0
1506457621,22330752,288.80,1.39591857,0
1506457621,22330751,288.60,0.18568132,0
1506457614,22330744,288.15,0.08879316,0
1506457614,22330742,287.86,0.22704913,0
1506457611,22330739,287.58,0.37330981,0
1506457609,22330737,287.71,0.04605332,1
1506457581,22330703,287.86,0.04000000,0
1506457558,22330686,287.73,1.00000000,1
1506457556,22330684,287.86,7.82427332,0
1506457555,22330683,287.86,0.79853933,0
1506457555,22330682,287.86,9.24185465,0
1506457555,22330678,287.85,0.23656757,0
1506457552,22330672,287.85,0.04033243,1
1506457545,22330661,287.86,0.02974375,1
1506457378,22330467,287.86,0.05904941,1
1506457346,22330451,288.40,4.05209886,0
1506457287,22330401,287.93,2.34076826,1
1506457287,22330400,287.96,0.27690000,1
1506457286,22330399,287.97,5.66276768,1
1506457169,22330212,287.85,0.00000178,1
1506457169,22330211,288.31,0.18568133,1
1506457169,22330210,288.72,0.28123689,1
1506457168,22330209,288.67,0.23000000,0
1506457168,22330208,288.66,0.89682023,0
1506457121,22330150,288.74,0.73961035,0
1506457116,22330141,288.74,4.76327894,0
1506457104,22330109,288.76,1.67428169,0
1506457104,22330105,288.76,0.22362825,0
1506457104,22330104,288.61,0.18548833,0
1506457104,22330102,288.60,0.23000000,0
1506457104,22330101,288.29,0.08864583,0
1506457085,22330053,287.85,0.00135417,1
1506457085,22330052,287.86,0.23000000,1
1506457085,22330051,288.00,0.08864583,1
1506457080,22330049,288.58,0.27170753,1
1506457070,22330034,288.57,4.27445682,1
1506457068,22330027,288.55,0.74733102,0
1506457068,22330026,288.44,0.21000000,0
1506457068,22330025,288.25,0.27700000,0
1506457067,22330022,288.54,0.60323786,0
1506457066,22330021,288.46,0.08852414,0
1506457066,22330020,288.45,0.05000000,0
1506456995,22329936,288.00,1.00000000,0
1506456954,22329890,288.27,0.02000000,0
1506456867,22329811,288.19,0.21687082,1
1506456796,22329767,288.04,0.23000000,0
1506456794,22329766,288.00,1.24190800,1
1506456794,22329765,288.01,0.28000000,1
1506456794,22329764,288.01,0.26515686,1
1506456793,22329761,288.03,0.05000000,1
1506456793,22329760,288.04,0.23000000,1
1506456780,22329734,288.00,0.55400000,1
1506456779,22329731,288.00,0.17157288,1
1506456779,22329729,288.03,0.27700000,1
1506456779,22329727,288.15,0.04164498,1
1506456778,22329724,288.17,0.08852414,1
1506456778,22329722,288.18,0.23000000,1
1506456688,22329656,288.50,0.74733102,1
1506456688,22329655,288.56,0.95434451,1
1506456686,22329653,288.56,0.04565549,0
1506456686,22329652,288.55,1.00000000,0
1506456610,22329587,288.50,1.00000000,0
1506456610,22329586,288.49,0.23000000,0
1506456304,22329441,288.16,6.94878458,0
1506456272,22329412,288.55,0.00266851,1
1506456271,22329411,288.50,1.00000000,0
1506456193,22329385,288.30,0.53981057,1
1506456184,22329382,288.31,3.00000000,0
1506456034,22329277,288.30,0.27670000,1
1506456026,22329265,288.31,6.82033309,0
1506456026,22329264,288.32,0.27670000,1
1506456011,22329243,288.32,0.18548834,1
1506456011,22329242,288.53,2.75808366,1
1506455961,22329218,288.97,5.37965500,0
1506455961,22329217,288.58,0.20483000,0
1506455955,22329213,288.53,0.04121939,1
1506455909,22329158,288.53,0.09565000,1
1506455816,22329117,288.53,0.16971528,1
1506455816,22329116,288.58,0.03328472,1
1506455757,22329086,288.58,0.13592000,1
1506455750,22329074,289.07,1.44067809,1
1506455749,22329072,288.90,0.67900736,0
1506455749,22329071,288.88,0.16902901,0
1506455749,22329070,288.78,0.23000000,0
1506455745,22329060,288.53,1.00000000,1
1506455688,22329028,288.53,0.13586000,1
1506455656,22329013,288.53,0.04241650,1
1506455627,22328998,288.87,0.16821474,0
1506455626,22328996,288.53,1.00000000,1
1506455615,22328994,288.53,5.98719655,1
1506455615,22328993,288.54,12.64630496,1
1506455603,22328989,288.54,0.20483000,1
1506455511,22328935,288.53,9.29399638,1
1506455462,22328878,288.53,1.00000000,1
1506455461,22328877,288.54,1.00000000,1
1506455458,22328876,288.96,0.62432583,0
1506455458,22328875,288.93,0.23000000,0
1506455458,22328874,288.92,4.74945777,0
1506455458,22328873,288.56,1.88955504,0
1506455456,22328872,288.53,1.38966224,1
1506455456,22328870,288.56,1.88958082,1
1506455431,22328833,288.98,2.58342868,0
1506455431,22328831,288.98,0.46386920,0
1506455429,22328829,288.54,0.18352000,1
1506455425,22328825,288.99,3.80524638,0
1506455425,22328822,288.88,0.23000000,0
1506455317,22328658,288.50,1.00000000,0
1506455253,22328530,288.31,8.55470415,1
1506455241,22328489,289.00,2.32099264,0
1506455241,22328487,288.49,0.23000000,0
1506455230,22328467,288.39,5.00000000,1
1506455230,22328466,288.45,0.04160166,1
1506455220,22328457,289.06,1.18596879,0
1506455202,22328436,288.67,0.08913292,1
1506455155,22328375,288.67,5.50000000,1
1506455154,22328374,288.71,0.02085137,1
1506455146,22328363,289.10,3.75863023,0
1506455144,22328353,289.09,0.23000000,0
1506455141,22328350,288.75,0.04155844,1
1506455141,22328347,288.89,0.04079151,1
1506455141,22328345,289.05,0.04151531,1
1506455136,22328343,289.10,0.04147227,0
1506455135,22328339,289.10,0.04142931,0
1506455134,22328337,289.10,0.04273151,0
1506455130,22328328,289.35,0.10333506,1
1506455130,22328326,289.65,0.10329708,1
1506455127,22328320,290.20,1.22425357,0
1506455127,22328319,290.20,1.31229010,0
1506455127,22328318,290.16,0.04079151,0
1506455126,22328317,290.15,0.01092775,0
1506455126,22328316,290.15,0.05348783,0
1506455126,22328315,290.14,1.43385683,0
1506455126,22328314,290.14,4.06614317,0
1506455126,22328312,290.06,0.04561775,0
1506455126,22328310,290.00,1.95451162,0
1506455126,22328308,290.00,2.41281855,0
1506455126,22328306,290.00,1.24663241,0
1506455125,22328305,290.00,5.49269469,0
1506455125,22328303,290.00,3.65425079,0
1506455125,22328301,290.00,0.51721977,0
1506455124,22328285,289.99,1.14406290,0
1506455124,22328283,289.99,2.55097509,0
1506455123,22328281,289.99,0.50334393,0
1506455123,22328278,289.99,0.80180654,0
1506455123,22328275,289.99,0.08777462,0
1506455123,22328274,289.90,1.00000000,0
1506455123,22328272,289.86,0.08135065,0
1506455123,22328270,289.85,0.06448258,0
1506455123,22328269,289.78,0.12733600,0
1506455122,22328267,289.78,2.54396834,0
1506455122,22328266,289.77,3.35000000,0
1506455122,22328264,289.70,1.00000000,0
1506455122,22328262,289.66,0.08200828,0
1506455122,22328260,289.65,0.67000000,0
1506455122,22328258,289.57,0.00000053,0
1506455122,22328256,289.57,0.08042935,0
1506455121,22328252,289.54,0.06454971,0
1506455121,22328250,289.41,0.60759479,0
1506455121,22328244,289.41,2.08707040,0
1506455121,22328242,289.29,0.02079277,0
1506455121,22328241,289.27,0.08051362,0
1506455120,22328238,289.24,0.06461699,0
1506455120,22328234,289.10,2.17366594,0
1506455120,22328233,289.09,0.23000000,0
1506455115,22328212,289.10,0.78756720,0
1506455115,22328211,289.10,0.78756720,0
1506455115,22328210,289.10,0.81607152,0
1506455115,22328209,289.10,0.58927112,0
1506455115,22328208,289.10,0.78756720,0
1506455114,22328206,289.10,0.35396925,0
1506455113,22328202,289.10,0.29839675,0
1506455113,22328201,288.97,0.08059585,0
1506455113,22328200,288.96,0.23000000,0
1506455113,22328198,288.96,0.15007027,0
1506455082,22327965,288.68,0.39529257,0
1506455082,22327963,288.68,0.23000000,0
1506455082,22327960,288.67,9.74080175,0
1506455050,22327842,288.80,0.03452216,0
1506455044,22327840,287.85,0.08059585,1
1506455043,22327839,288.15,0.08051362,1
1506455043,22327838,288.45,0.00000053,1
1506454991,22327764,289.00,0.03566659,0
1506454984,22327753,288.45,0.08042935,1
1506454984,22327751,288.75,0.08135065,1
1506454956,22327708,289.09,0.54864731,0
1506454956,22327707,289.09,0.05511000,0
1506454956,22327706,289.08,0.23000000,0
1506454944,22327693,289.08,0.23000000,1
1506454944,22327691,289.08,0.45719104,0
1506454936,22327675,289.10,4.32920053,0
1506454935,22327673,287.88,0.23000000,0
1506454932,22327666,288.94,0.06468440,0
1506454932,22327665,288.88,3.42000000,0
1506454932,22327664,287.90,0.08859219,0
1506454932,22327663,287.89,0.27700000,0
1506454920,22327630,287.30,0.01895519,1
1506454919,22327628,287.33,0.23000000,1
1506454908,22327580,287.31,0.80972341,1
1506454908,22327578,287.55,0.06468440,1
1506454908,22327576,287.61,0.08859219,1
1506454908,22327574,287.66,0.27700000,1
1506454907,22327564,287.67,9.19216248,1
1506454907,22327562,289.11,8.77787752,1
1506454906,22327558,289.11,5.30567400,1
1506454905,22327546,289.00,0.81452902,0
1506454905,22327544,288.98,2.07626825,0
1506454905,22327542,288.97,0.23000000,0
1506454888,22327393,289.20,1.39892141,0
1506454882,22327385,289.23,3.20466113,0
1506454882,22327384,287.58,0.27640000,0
1506454868,22327358,287.60,0.27640000,0
1506454867,22327355,287.59,2.76730018,1
1506454866,22327354,287.60,0.02079277,1
1506454866,22327353,287.70,0.34189705,1
1506454866,22327352,287.70,0.47263197,1
1506454866,22327350,287.85,0.06461699,1
1506454865,22327349,288.15,0.06454971,1
1506454865,22327348,288.45,0.06448258,1
1506454865,22327346,288.75,0.01092775,1
1506454861,22327328,288.75,0.05348783,1
1506454861,22327326,289.05,0.06441792,1
1506454852,22327301,289.34,0.63671132,1
1506454851,22327299,289.34,2.16817092,1
1506454849,22327293,289.34,1.91861055,1
1506454849,22327292,289.34,0.02103068,1
1506454848,22327290,289.10,1.00000000,0
1506454848,22327289,289.00,0.81087938,0
1506454848,22327285,288.95,0.06429993,0
1506454848,22327284,288.94,0.86000000,0
1506454848,22327283,287.88,0.07308564,0
1506454848,22327282,287.59,4.30000000,0
1506454848,22327281,287.59,0.27640000,0
1506454818,22327263,287.55,0.06429993,1
1506454818,22327262,287.68,0.09300000,1
1506454818,22327261,287.68,0.09300000,1
1506454818,22327260,287.68,0.09300000,1
1506454818,22327259,287.69,0.29796007,1
1506454817,22327258,287.71,0.07190000,1
1506454817,22327257,287.71,0.09300000,1
1506454817,22327256,287.71,0.09300000,1
1506454817,22327255,287.72,0.07190000,1
1506454817,22327254,287.72,0.07190000,1
1506454817,22327253,287.72,0.07190000,1
1506454807,22327239,287.60,0.07193993,0
1506454805,22327231,287.26,0.25596932,0
1506454805,22327229,286.96,0.02094641,0
1506454803,22327220,286.96,1.11643510,0
1506454803,22327216,286.95,0.02086095,0
1506454796,22327194,286.96,7.54801483,0
1506454795,22327193,286.81,0.35590701,0
1506454795,22327192,286.96,3.34000000,0
1506454794,22327191,286.09,0.09457450,1
1506454794,22327190,286.09,1.04711803,1
1506454794,22327189,286.27,0.20000000,1
1506454794,22327188,286.35,0.07193993,1
1506454794,22327187,286.50,0.11790575,1
1506454794,22327186,286.58,0.02393747,1
1506454794,22327185,286.65,0.07308564,1
1506454794,22327184,286.66,0.02086095,1
1506454794,22327183,286.81,0.33057773,1
1506454793,22327181,286.96,3.34000000,1
1506454792,22327180,287.70,0.81087938,1
1506454792,22327179,287.72,0.27640000,1
1506454792,22327178,288.04,0.00081428,1
1506454739,22327117,288.04,0.35590700,1
1506454731,22327097,289.29,5.98357674,0
1506454731,22327096,288.78,0.35578457,0
1506454731,22327093,288.22,0.00000044,0
1506454731,22327092,288.21,0.23000000,0
1506454729,22327089,288.18,0.21157457,1
1506454729,22327087,288.18,0.14421000,1
1506454725,22327079,288.22,1.89568100,0
1506454721,22327071,289.32,0.27640000,0
1506454721,22327070,288.63,0.02071150,0
1506454720,22327069,288.55,0.23000000,0
1506454719,22327065,288.54,0.49482950,0
1506454718,22327064,287.26,2.19430650,0
1506454716,22327056,287.28,0.02071150,1
1506454713,22327053,288.02,1.04149700,1
1506454712,22327051,288.02,0.35503768,1
1506454711,22327050,287.55,0.05000000,0
1506454711,22327048,286.81,0.09564642,1
1506454710,22327047,287.05,0.05000000,1
1506454710,22327046,287.05,0.27700000,0
1506454709,22327044,287.27,0.29297064,0
1506454709,22327042,287.27,0.88343708,1
1506454709,22327041,287.28,0.23000000,1
1506454708,22327038,288.02,0.06206704,1
1506454707,22327035,287.27,1.32626400,1
1506454706,22327033,289.33,0.02056004,0
1506454706,22327031,289.31,0.19000000,0
1506454706,22327029,288.56,0.72546733,0
1506454706,22327028,288.02,0.27800000,0
1506454705,22327027,287.27,1.19029892,1
1506454705,22327026,287.27,0.27800000,1
1506454705,22327025,287.27,0.00811608,1
1506454705,22327022,287.30,0.27640000,1
1506454704,22327017,287.27,0.26828392,1
1506454704,22327015,287.29,0.15410308,1
1506454704,22327014,288.56,0.08300118,0
1506454703,22327013,288.41,0.16150773,0
1506454703,22327012,288.03,0.05008409,0
1506454698,22326990,288.00,2.91500913,0
1506454696,22326989,288.00,13.26293334,0
1506454694,22326986,287.99,1.38000000,0
1506454694,22326985,287.85,0.00000227,0
1506454688,22326967,287.85,0.16150773,1
1506454682,22326963,287.99,1.65000000,0
1506454653,22326920,287.99,0.76367838,0
1506454651,22326916,287.32,0.00115000,1
1506454650,22326913,287.32,0.22885000,1
1506454648,22326910,288.00,1.07368398,0
1506454646,22326905,288.00,2.60628484,0
1506454645,22326904,288.00,2.84655383,0
1506454645,22326902,287.40,0.00476112,1
1506454645,22326901,288.00,0.45891568,0
1506454644,22326900,287.99,2.21000000,0
1506454644,22326896,287.40,0.94746388,1
1506454642,22326893,287.32,0.04777500,0
1506454639,22326886,287.38,0.23000000,1
1506454634,22326859,287.35,0.22885000,1
1506454627,22326843,288.00,9.93553906,0
1506454627,22326841,287.99,2.63000000,0
1506454617,22326831,287.34,1.23451053,1
1506454597,22326814,287.99,3.61766700,0
1506454597,22326813,287.64,0.13489960,0
1506454592,22326812,287.64,0.14136313,0
1506454591,22326809,287.63,0.27800000,0
1506454549,22326776,287.97,0.06232808,0
1506454548,22326774,287.19,0.70681212,1
1506454548,22326773,287.21,0.23000000,1
1506454548,22326772,287.21,0.00004923,1
1506454546,22326765,287.22,1.25992640,1
1506454545,22326763,287.21,0.27795077,1
1506454518,22326691,288.00,3.41000000,0
1506454518,22326690,287.99,1.82000000,0
1506454517,22326688,287.99,0.02200000,0
1506454517,22326687,287.97,0.27800000,0
1506454501,22326672,287.99,1.24162198,0
1506454500,22326671,287.98,2.08347802,0
1506454376,22326592,287.86,1.31989604,0
1506454376,22326591,287.85,12.59360396,0
1506454311,22326564,287.90,1.05270100,0
1506454285,22326542,286.92,0.00007957,0
1506454280,22326507,286.92,3.37411639,0
1506454279,22326504,286.92,1.91132404,0
1506454278,22326503,287.34,0.27800000,1
1506454278,22326502,287.38,0.23000000,1
1506454228,22326301,288.09,0.60565591,1
1506454227,22326299,288.04,0.27700000,0
1506454227,22326294,287.85,0.11734409,0
1506454222,22326268,287.79,1.00000000,0
1506454219,22326243,287.79,0.63405749,0
1506454219,22326239,287.57,0.08944251,0
1506454218,22326232,287.54,0.27650000,0
1506454213,22326201,287.54,1.00000000,0
1506454059,22325787,287.86,0.91132404,0
1506454059,22325786,287.29,0.08867596,0
1506454051,22325782,286.81,0.01377585,1
1506454051,22325781,287.00,0.08944251,1
1506454051,22325780,287.00,0.08867596,1
1506454051,22325779,287.00,4.02040893,1
1506454051,22325778,287.02,0.23000000,1
1506454018,22325669,287.00,0.66920201,1
1506454018,22325666,287.00,1.91518044,1
1506454017,22325660,287.00,0.90054332,1
1506454017,22325659,287.01,0.23000000,1
1506453995,22325607,287.00,19.61034685,1
1506453995,22325605,287.00,2.61841983,1
1506453995,22325600,287.00,2.11117898,1
1506453994,22325598,287.00,3.05861789,1
1506453993,22325593,287.00,1.60502161,1
1506453993,22325591,287.00,9.39686681,1
1506453993,22325587,287.01,6.85000000,1
1506453993,22325585,287.02,0.63667856,1
1506453992,22325582,287.03,0.23000000,1
1506453992,22325576,287.02,3.04332144,1
1506453971,22325536,287.50,3.63658066,1
1506453968,22325526,287.00,0.60313319,1
1506453968,22325525,287.36,0.11734409,1
1506453968,22325524,287.43,0.02386668,1
1506453968,22325523,287.45,2.89583585,1
1506453967,22325520,287.45,2.10416415,1
1506453966,22325515,287.46,0.39293791,1
1506453966,22325511,287.46,2.08670675,1
1506453965,22325510,287.46,1.52035534,1
1506453965,22325509,287.50,1.00000000,1
1506453965,22325508,287.50,0.13821440,1
1506453965,22325504,288.09,0.14162775,0
1506453965,22325502,288.05,0.08837225,0
1506453964,22325498,287.50,1.74782609,1
1506453964,22325497,287.50,3.11395951,1
1506453964,22325494,287.50,2.67130434,1
1506453964,22325491,287.60,2.40040020,1
1506453963,22325490,287.60,2.17335217,1
1506453963,22325489,287.60,0.42624763,1
1506453963,22325488,287.61,6.85000000,1
1506453962,22325481,287.80,0.18639571,1
1506453962,22325480,288.10,0.04379837,1
1506453955,22325446,288.10,0.18620163,1
1506453955,22325443,287.61,6.85000000,1
1506453954,22325441,287.72,0.18620164,1
1506453954,22325440,287.82,0.27700000,1
1506453951,22325423,288.09,2.65998650,1
1506453951,22325421,288.09,1.86794352,1
1506453950,22325411,288.09,0.67606224,1
1506453948,22325401,288.02,0.18600770,0
1506453948,22325400,287.73,0.00000004,0
1506453947,22325396,287.73,0.18600771,1
1506453946,22325395,287.76,0.08837225,1
1506453946,22325394,287.88,0.24000000,1
1506453946,22325393,288.07,1.00000000,1
1506453944,22325388,288.00,5.33951164,1
1506453944,22325387,288.00,11.53491771,1
1506453943,22325383,288.00,5.12554779,1
1506453940,22325372,288.00,6.46339093,1
1506453939,22325371,288.00,5.32837219,1
1506453939,22325370,288.00,5.68427678,1
1506453939,22325369,288.00,0.67488648,1
1506453939,22325368,288.00,30.05597342,1
1506453939,22325367,288.01,0.23341078,1
1506453939,22325366,288.01,1.86469492,1
1506453938,22325363,288.01,2.03189430,1
1506453938,22325362,288.01,2.08326934,1
1506453938,22325361,288.01,1.73000000,1
1506453937,22325359,288.02,0.27650000,1
1506453937,22325358,288.02,0.23000000,1
1506453929,22325304,289.20,0.16916667,1
1506453927,22325289,288.00,2.32501913,1
1506453927,22325287,288.00,3.29936280,1
1506453926,22325284,288.00,15.54287980,1
1506453926,22325282,288.00,0.56045138,1
1506453926,22325281,288.01,4.43000000,1
1506453926,22325275,288.01,3.21215614,1
1506453925,22325271,288.90,4.95586284,1
1506453925,22325267,288.90,0.48823107,1
1506453924,22325261,288.90,3.15462369,1
1506453916,22325211,288.90,0.27804100,1
1506453915,22325208,288.90,1.10130000,1
1506453914,22325204,288.90,0.19167100,1
1506453903,22325153,288.90,4.79408412,1
1506453899,22325142,288.90,0.32192600,1
1506453898,22325141,288.90,0.94899996,1
1506453898,22325140,288.91,0.02056004,1
1506453896,22325137,288.90,0.95079300,1
1506453893,22325128,288.90,5.50000000,1
1506453891,22325126,288.86,0.11672908,0
1506453891,22325125,288.84,2.07727462,0
1506453891,22325124,288.64,0.02059600,0
1506453891,22325123,288.38,0.27700000,0
1506453891,22325122,288.21,0.08821895,0
1506453869,22325065,287.95,0.23000000,1
1506453806,22324835,287.76,6.29959882,0
1506453806,22324829,287.92,0.08821895,1
1506453806,22324828,287.92,0.02059600,1
1506453805,22324820,288.16,1.19000000,0
1506453805,22324819,288.16,1.00000000,0
1506453805,22324816,288.16,0.00677500,1
1506453804,22324812,288.16,0.27022500,1
1506453799,22324774,288.31,0.86857700,0
1506453795,22324750,289.40,2.66090000,0
1506453794,22324740,289.41,1.23378759,1
1506453792,22324727,289.41,0.27610000,0
1506453792,22324724,289.40,0.27700000,0
1506453791,22324716,288.04,2.05940000,0
1506453791,22324712,288.05,0.27700000,1
1506453787,22324682,288.04,1.24247520,1
1506453787,22324679,288.04,1.23429856,1
1506453785,22324664,288.04,0.27700000,1
1506453783,22324648,288.04,0.14682887,0
1506453779,22324629,287.91,0.02052420,0
1506453779,22324625,287.90,0.28155717,0
1506453774,22324589,287.80,2.44788618,0
1506453774,22324586,287.80,1.00000000,0
1506453773,22324577,287.80,1.00000000,0
1506453771,22324563,287.62,0.18858552,1
1506453771,22324561,287.62,0.02052420,0
1506453771,22324556,287.80,0.23000000,0
1506453770,22324555,287.80,4.84000000,0
1506453769,22324547,287.80,2.85595768,0
1506453768,22324540,287.80,0.04610841,1
1506453768,22324538,287.80,5.00000000,1
1506453768,22324536,287.89,0.80846851,1
1506453768,22324531,287.90,1.61775644,1
1506453768,22324530,288.15,5.50000000,1
1506453768,22324529,288.16,2.08301482,1
1506453768,22324527,288.25,1.00000000,1
1506453768,22324525,288.36,0.11672908,1
1506453767,22324524,288.43,0.14682888,1
1506453767,22324523,288.66,0.27700000,1
1506453766,22324510,288.73,0.19410000,1
1506453764,22324504,288.73,0.08200000,1
1506453756,22324442,289.66,5.59696446,1
1506453756,22324441,289.66,0.23000000,1
1506453756,22324440,289.59,0.50000000,0
1506453756,22324439,289.56,5.50000000,0
1506453756,22324438,289.55,0.05000000,0
1506453755,22324437,289.54,0.15000000,0
1506453755,22324436,289.50,0.02043993,0
1506453755,22324435,289.50,1.00000000,0
1506453755,22324434,289.48,0.04112082,0
1506453755,22324433,289.32,4.84000000,0
1506453755,22324432,289.13,0.32829997,0
1506453755,22324431,288.73,0.14667633,0
1506453755,22324430,288.72,0.23000000,0
1506453702,22324334,288.35,1.80477655,1
1506453680,22324273,288.72,0.23000000,0
1506453647,22324202,288.71,0.14660000,0
1506453637,22324192,288.72,0.23000000,0
1506453593,22323989,288.70,0.23000000,0
1506453486,22323827,288.25,0.00455717,1
1506453486,22323826,288.44,0.14667634,1
1506453486,22323824,288.44,1.98594144,1
1506453454,22323809,288.44,0.11000000,1
1506453394,22323735,288.44,0.54948927,1
1506453200,22323405,288.44,0.24622000,1
1506453200,22323404,288.45,0.13109000,1
1506453151,22323344,288.45,0.09891000,1
1506453140,22323319,289.02,1.70685101,0
1506453140,22323318,288.74,0.14652395,0
1506453140,22323317,288.73,0.20612364,0
1506453139,22323315,288.72,0.16400000,0
1506453114,22323302,288.44,0.20519596,1
1506453114,22323301,288.45,0.14652396,1
1506453114,22323300,288.46,0.23000000,1
1506453099,22323250,288.73,0.00298601,1
1506453097,22323247,288.73,0.20612366,1
1506453088,22323238,289.13,1.36102361,0
1506453086,22323235,289.01,1.71621860,0
1506453085,22323234,289.13,0.31887503,1
1506453085,22323233,289.29,0.08628020,0
1506453085,22323231,289.13,1.67908449,1
1506453084,22323229,289.13,0.39696824,1
1506453084,22323228,289.13,0.21629860,1
1506453084,22323227,289.13,0.35220000,1
1506453083,22323226,289.01,0.28140000,0
1506453083,22323224,289.01,0.56860000,0
1506453082,22323223,289.13,2.92290000,1
1506453082,22323222,289.13,1.42723423,1
1506453082,22323221,289.03,0.20889263,0
1506453082,22323220,288.75,0.14637174,0
1506453082,22323219,288.69,0.27700000,0
1506453045,22323203,288.44,0.08807913,0
1506452855,22323091,287.96,0.85112225,0
1506452855,22323090,287.96,0.11716905,1
1506452830,22323085,287.90,0.00854912,1
1506452830,22323084,288.15,0.08807913,1
1506452829,22323083,288.39,0.27700000,1
1506452829,22323082,288.46,0.14637175,1
1506452827,22323081,288.47,0.23000000,1
1506452799,22323043,289.01,2.03658866,0
1506452798,22323042,288.76,0.14621969,0
1506452798,22323041,288.67,0.27600000,0
1506452798,22323040,288.66,0.14749665,0
1506452798,22323039,288.63,11.04000000,0
1506452791,22323007,287.91,0.92595014,1
1506452791,22323005,288.10,0.17000000,1
1506452779,22322904,288.15,0.23000000,1
1506452779,22322903,288.16,13.64627939,1
1506452760,22322797,288.47,0.14621970,1
1506452759,22322796,288.52,0.30384331,1
1506452759,22322794,288.53,0.23000000,1
1506452753,22322767,288.52,1.77398219,1
1506452750,22322754,289.07,0.12880335,0
1506452749,22322749,288.24,3.24000000,1
1506452749,22322748,288.50,0.27630000,1
1506452749,22322746,288.89,0.27600000,1
1506452749,22322744,289.05,0.05000000,1
1506452715,22322587,289.46,0.50829130,0
1506452715,22322584,289.43,0.23000000,1
1506452713,22322579,289.43,0.23000000,0
1506452586,22322075,289.48,0.00002388,1
1506452585,22322069,289.48,6.30977612,1
1506452583,22322068,289.48,0.30868200,0
1506452582,22322067,289.47,0.23000000,0
1506452571,22322010,289.07,4.91000000,0
1506452571,22322009,289.07,1.93850000,0
1506452561,22321967,289.06,9.47970000,0
1506452552,22321925,289.07,4.91150000,0
1506452544,22321905,289.06,3.65520000,0
1506452463,22321665,289.09,0.27600000,0
1506452408,22321567,289.30,0.08008928,0
1506452408,22321566,289.30,3.32179511,0
1506452408,22321565,289.30,0.85000000,0
1506452408,22321564,289.16,0.08877954,0
1506452408,22321563,288.99,2.07619641,0
1506452407,22321562,288.98,0.27640000,0
1506452407,22321561,288.82,0.08785915,0
1506452407,22321559,288.78,0.00007479,0
1506452315,22321516,288.78,0.80590000,0
1506451646,22320992,288.81,0.51137939,0
1506451599,22320972,288.09,0.63039059,0
1506451598,22320971,288.09,0.27640000,0
1506451598,22320970,288.09,11.04000000,1
1506451598,22320969,288.09,5.00000000,1
1506451598,22320968,288.09,0.32021243,1
1506451585,22320961,288.72,0.74395669,1
1506451585,22320959,288.72,0.62254180,1
1506451562,22320956,287.99,0.41909640,1
1506451515,22320940,287.90,1.26794567,1
1506451515,22320939,288.00,6.00000000,1
1506451515,22320938,288.01,10.00000000,1
1506451514,22320937,288.10,1.00000000,1
1506451514,22320936,288.10,6.85000000,0
1506451514,22320935,288.22,0.47000000,1
1506451514,22320934,288.23,3.53000000,1
1506451513,22320933,288.53,0.08785915,1
1506451513,22320932,288.68,6.85000000,1
1506451513,22320931,288.71,0.23000000,1
1506451513,22320930,288.71,1.58325485,1
1506451511,22320929,288.72,12.13094033,1
1506451484,22320914,288.67,0.08490000,1
1506451466,22320901,288.77,0.06020000,1
1506451458,22320898,288.77,0.08490000,1
1506451449,22320895,288.77,0.08490000,1
1506451368,22320867,288.59,0.12070000,1
1506451364,22320866,288.58,0.97116041,1
1506451351,22320856,288.69,0.23000000,1
1506451206,22320740,288.60,0.45930422,1
1506451185,22320720,288.53,0.23601544,1
1506451185,22320719,288.90,0.80180654,1
1506451182,22320718,288.87,0.08777462,0
1506451174,22320715,288.47,0.13581105,1
1506451174,22320714,288.58,0.08777462,1
1506451173,22320713,288.58,0.08877954,1
1506451173,22320712,288.79,0.27600000,1
1506451173,22320711,288.88,0.80597479,1
1506451173,22320709,288.95,0.23000000,1
1506451151,22320681,289.30,0.15000000,0
1506451075,22320645,288.58,0.94003205,1
1506451074,22320644,289.10,0.23000000,1
1506451074,22320643,289.14,0.02043993,1
1506450870,22320475,289.98,11.34999632,0
1506450870,22320474,289.97,0.05840368,0
1506450869,22320473,289.97,0.17159632,0
1506450856,22320466,289.98,6.66877845,0
1506450855,22320465,289.79,0.23000000,0
1506450855,22320464,289.78,7.01472155,0
1506450776,22320433,290.00,4.72187217,0
1506450776,22320432,289.99,0.49050800,0
1506450776,22320431,289.92,2.06953642,0
1506450765,22320430,289.94,6.63158341,0
1506450754,22320423,289.99,1.78000000,1
1506450748,22320420,289.99,0.60410000,1
1506450745,22320418,289.99,2.12000000,0
1506450745,22320417,289.89,0.00000001,0
1506450745,22320416,289.89,0.88654937,0
1506450745,22320415,289.59,0.02040746,0
1506450745,22320414,289.58,0.05000000,0
1506450745,22320413,289.30,0.29135475,0
1506450744,22320412,289.00,0.00000500,0
1506450744,22320411,288.98,1.52950000,0
1506450735,22320406,288.98,0.35050000,0
1506450613,22320384,289.00,0.99999500,0
1506450099,22320166,288.72,0.05196610,1
1506450073,22320148,289.00,5.79370000,0
1506450073,22320147,288.99,2.55000000,0
1506450073,22320146,288.98,0.27530000,0
1506450063,22320133,288.99,0.70713694,0
1506450062,22320132,289.00,0.27530000,0
1506450062,22320131,289.05,0.05000000,1
1506450062,22320129,289.11,0.02040746,1
1506450062,22320127,289.13,13.64630489,1
1506449817,22319966,289.60,1.65000000,0
1506449816,22319964,289.50,6.00000000,0
1506449816,22319963,289.49,0.23000000,0
1506449792,22319936,289.42,0.80448029,0
1506449791,22319933,289.40,0.50000000,0
1506449785,22319918,289.27,13.22716900,0
1506449748,22319897,289.31,0.41909640,0
1506449698,22319808,289.40,1.32345124,1
1506449697,22319805,289.40,0.50000000,1
1506449695,22319797,289.40,3.46504918,1
1506449693,22319793,289.40,6.85000000,0
1506449693,22319792,289.36,0.23000000,0
1506449693,22319791,289.01,1.32085258,0
1506449690,22319774,289.01,1.45044368,1
1506449689,22319771,289.01,1.54955632,1
1506449684,22319749,288.75,0.77477368,1
1506449675,22319729,289.41,2.60684229,0
1506449674,22319728,289.11,0.08759781,0
1506449674,22319727,289.08,0.02043290,0
1506449674,22319726,289.04,0.15150000,0
1506449674,22319725,289.01,0.23362700,0
1506449623,22319675,289.01,0.18192300,0
1506449620,22319672,289.01,0.70000000,0
1506449581,22319590,289.01,0.88445000,1
1506449579,22319577,289.01,1.11555000,1
1506449503,22319413,288.76,0.88654934,0
1506449503,22319411,288.67,0.99999998,0
1506449502,22319410,288.75,0.00000002,1
1506449499,22319404,288.75,0.02043288,1
1506449494,22319391,288.76,0.00000001,1
1506449493,22319387,288.76,0.88654937,1
1506449342,22319280,288.82,0.80448029,1
1506449342,22319279,288.82,0.08759781,1
1506449268,22319171,288.82,0.15150000,1
1506449175,22319136,289.67,1.76667787,1
1506449174,22319135,289.67,6.85000000,1
1506449168,22319132,289.69,1.42233946,1
1506449167,22319131,289.69,2.94538800,1
1506449164,22319129,289.64,0.80220198,0
1506449164,22319128,289.59,0.60000000,0
1506449163,22319127,289.47,0.04561775,0
1506449163,22319126,289.46,0.18997319,0
1506449163,22319125,289.05,0.27600000,0
1506449163,22319124,289.04,0.04561775,0
1506449163,22319123,289.02,1.88000000,0
1506449163,22319122,288.95,0.23000000,0
1506449163,22319121,288.94,2.94618400,0
1506448820,22318948,288.83,0.80220198,1
1506448629,22318746,288.83,0.27600000,1
1506448403,22318645,290.29,7.71680574,0
1506448403,22318644,289.71,1.93345992,0
1506448403,22318642,289.70,1.12696165,0
1506448403,22318640,289.41,1.14151623,0
1506448402,22318638,289.35,0.02038838,0
1506448402,22318636,289.05,0.17628001,0
1506448402,22318635,288.94,0.01239833,0
1506448402,22318634,288.93,0.06724127,0
1506448402,22318633,288.91,0.88000000,0
1506448393,22318621,288.91,1.00000000,0
1506448309,22318602,288.93,1.00000000,0
1506448299,22318594,288.93,0.06922092,0
1506448274,22318540,288.73,0.18999311,1
1506448135,22318472,288.93,0.31500000,0
1506448135,22318471,288.92,0.27610000,0
1506448124,22318464,288.93,1.00000000,1
1506448124,22318463,288.93,1.00000000,1
1506448122,22318460,288.94,1.00000000,1
1506448122,22318458,288.94,0.45000000,1
1506448120,22318457,288.94,0.55000000,1
1506448116,22318450,288.95,1.00000000,1
1506448112,22318447,289.05,0.01369972,0
1506448112,22318446,289.04,0.65000000,0
1506448112,22318445,289.04,1.03762228,0
1506448043,22318405,288.78,0.75370000,1
1506448040,22318393,288.79,1.50480010,1
1506448003,22318358,288.73,2.06232000,1
1506447987,22318337,288.72,1.77330972,1
1506447979,22318313,288.75,1.72245400,0
1506447977,22318308,288.74,0.59998608,1
1506447976,22318302,288.75,7.48272728,1
1506447960,22318266,289.05,0.00003960,1
1506447958,22318257,289.08,1.63260257,0
1506447958,22318256,289.05,0.18996040,1
1506447957,22318255,289.06,0.00001937,1
1506447955,22318245,289.08,0.00000605,1
1506447955,22318243,289.08,0.37999395,1
1506447955,22318242,289.08,0.38000000,1
1506447955,22318241,289.08,0.38000000,1
1506447955,22318239,289.08,0.38000000,1
1506447954,22318238,289.08,0.19000000,1
1506447952,22318228,289.08,0.19000000,1
1506447950,22318227,289.06,0.18998063,1
1506447950,22318226,289.08,0.00001937,1
1506447949,22318223,289.07,0.37998063,0
1506447946,22318219,289.07,0.00001937,1
1506447945,22318217,289.07,0.18998063,1
1506447944,22318216,289.07,0.19000000,1
1506447943,22318206,289.08,0.19000000,0
1506447941,22318203,288.74,0.00001957,0
1506447941,22318202,288.74,0.19000000,0
1506447934,22318199,288.73,0.79998612,1
1506447928,22318190,288.72,4.99998269,1
1506447919,22318184,288.71,1.20997714,1
1506447865,22318165,289.32,12.00595701,0
1506447860,22318160,288.88,1.23374793,1
1506447859,22318159,288.88,1.55075141,1
1506447859,22318158,289.03,0.02040000,1
1506447859,22318157,289.03,0.02040000,1
1506447858,22318156,289.03,0.02040000,1
1506447858,22318154,289.03,0.02040000,1
1506447857,22318150,288.88,0.74754981,1
1506447857,22318149,289.03,0.02040000,1
1506447857,22318148,289.03,0.00001163,1
1506447857,22318147,288.89,0.02038837,0
1506447855,22318140,288.88,2.07705888,1
1506447855,22318139,288.88,6.88381024,1
1506447854,22318136,288.88,11.72496362,0
1506447849,22318132,288.89,0.02038838,1
1506447842,22318123,288.88,1.63068988,1
1506447840,22318117,289.40,0.30416925,0
1506447839,22318115,289.20,0.80117871,0
1506447839,22318114,288.89,0.32505437,0
1506447839,22318111,288.88,0.92305067,1
1506447838,22318107,288.89,0.03000000,0
1506447838,22318106,288.88,1.79797400,1
1506447828,22318093,288.46,0.23000000,1
1506447827,22318089,288.62,1.40713735,0
1506447827,22318088,288.61,0.02326498,0
1506447825,22318083,288.62,0.03489900,0
1506447823,22318074,288.45,6.84995321,1
1506447823,22318073,288.47,0.00000363,1
1506447821,22318069,288.61,0.04652900,0
1506447819,22318065,288.47,0.22999637,1
1506447819,22318064,288.61,0.06929767,0
1506447818,22318063,288.61,0.09305800,0
1506447818,22318062,288.41,0.79878732,1
1506447818,22318060,288.45,0.80117871,1
1506447818,22318059,288.46,0.00003397,1
1506447817,22318056,288.62,0.18609200,0
1506447815,22318052,288.46,1.79996603,1
1506447815,22318050,288.61,0.37218400,0
1506447811,22318039,288.61,1.41872228,0
1506447811,22318037,288.84,0.23000000,1
1506447810,22318033,288.62,0.23000000,0
1506447810,22318032,288.62,0.23000000,0
1506447809,22318031,288.60,3.10812682,0
1506447809,22318030,288.60,0.23000000,0
1506447809,22318029,288.60,0.23000000,0
1506447809,22318028,288.60,0.23000000,0
1506447808,22318027,288.60,0.23000000,0
1506447807,22318020,288.60,0.80112515,1
1506447807,22318017,288.60,0.00001838,1
1506447806,22318013,288.60,6.66945877,1
1506447805,22318012,288.61,0.35505438,0
1506447804,22318009,288.60,0.18052285,1
1506447804,22318007,288.61,0.24193034,1
1506447804,22318005,288.61,1.74806966,1
1506447804,22318004,288.61,0.01377152,1
1506447804,22318002,288.62,0.00000907,1
1506447803,22317998,288.62,0.22999093,1
1506447781,22317991,289.62,0.25390700,0
1506447781,22317990,289.21,0.23000000,0
1506447776,22317987,288.61,2.05802000,1
1506447775,22317986,288.61,0.27610000,1
1506447775,22317985,288.61,0.23000000,1
1506447769,22317981,289.64,2.07153708,0
1506447764,22317974,289.70,1.62026833,0
1506447763,22317973,289.68,0.27560000,0
1506447763,22317972,289.68,0.23000000,0
1506447751,22317962,289.69,0.23000000,0
1506447748,22317959,288.56,3.96486587,1
1506447748,22317958,288.57,2.20000000,1
1506447748,22317957,288.57,0.06550458,1
1506447747,22317956,288.59,4.35677955,1
1506447741,22317946,289.98,0.23000000,0
1506447708,22317938,288.76,3.32047098,1
1506447706,22317920,288.75,2.42995446,1
1506447705,22317914,288.50,0.07955059,1
1506447705,22317913,288.51,0.27560000,1
1506447704,22317912,288.74,0.00003684,1
1506447703,22317908,288.74,5.45596316,1
1506447696,22317903,288.74,0.39995861,0
1506447687,22317889,288.74,5.45522443,1
1506447685,22317885,288.73,0.35518738,1
1506447683,22317883,290.23,0.06187406,0
1506447683,22317882,289.93,0.23000000,0
1506447663,22317857,288.35,0.06457000,1
1506447630,22317839,288.30,0.18300375,1
1506447609,22317800,288.23,0.26625625,0
1506447608,22317799,288.23,0.23000000,1
1506447603,22317791,289.94,1.87445746,0
1506447603,22317790,289.92,2.07000000,0
1506447603,22317789,289.57,1.96854254,0
1506447603,22317787,289.56,0.23000000,0
1506447594,22317770,289.57,0.77709784,0
1506447594,22317769,288.79,0.26759343,0
1506447593,22317768,288.70,0.11660373,0
1506447571,22317763,288.79,0.08755100,0
1506447554,22317743,288.80,6.04800000,0
1506447554,22317741,288.01,6.57052261,1
1506447553,22317740,288.05,0.23000000,1
1506447553,22317739,288.50,0.35514444,1
1506447552,22317734,288.80,4.84000000,0
1506447552,22317732,288.80,10.95000000,0
1506447552,22317730,290.55,0.34506969,1
1506447552,22317729,290.37,4.84000000,0
1506447551,22317728,290.36,10.92000000,1
1506447551,22317726,290.31,2.73749745,0
1506447551,22317725,290.23,0.10000000,0
1506447550,22317724,290.23,0.23000000,1
1506447550,22317722,289.97,1.00000000,0
1506447550,22317721,289.94,0.76000000,1
1506447550,22317720,289.94,3.36959937,1
1506447549,22317719,289.62,0.02031845,0
1506447549,22317718,289.59,0.27620000,0
1506447548,22317717,289.57,3.78000000,1
1506447548,22317715,289.56,8.89121656,1
1506447548,22317713,288.80,0.35477553,0
1506447546,22317711,288.79,0.23000000,0
1506447520,22317665,288.42,1.32895000,0
1506447518,22317651,288.42,1.88056933,1
1506447517,22317648,287.93,2.88761435,1
1506447515,22317646,287.93,1.54848852,1
1506447515,22317644,288.41,1.99000000,1
1506447515,22317643,288.50,0.35732428,1
1506447514,22317633,288.50,1.38888022,1
1506447513,22317628,288.51,0.35477554,1
1506447509,22317615,289.00,14.52428530,1
1506447509,22317613,289.00,1.88981987,1
1506447506,22317600,289.00,3.00148780,0
1506447506,22317599,288.81,0.09340703,0
1506447506,22317598,288.81,0.26100000,0
1506447506,22317597,288.80,0.23000000,0
1506447504,22317596,288.40,0.74476328,1
1506447504,22317595,288.40,0.25523666,1
1506447504,22317594,288.40,0.02096334,1
1506447504,22317593,288.40,0.98463357,1
1506447504,22317592,288.40,1.29036698,1
1506447502,22317591,288.40,3.70963302,1
1506447501,22317587,288.38,2.29596309,1
1506447501,22317584,288.39,3.28887500,1
1506447482,22317537,287.93,1.10111557,1
1506447482,22317536,287.93,0.23000000,1
1506447482,22317534,288.30,7.04016091,1
1506447482,22317532,288.31,1.63675400,1
1506447480,22317520,288.31,3.36324600,1
1506447478,22317513,288.30,1.95983909,1
1506447465,22317488,288.12,2.62775924,0
1506447464,22317482,287.90,2.10574877,1
1506447464,22317479,288.10,2.81338980,1
1506447463,22317477,288.11,1.07271086,1
1506447463,22317475,288.12,2.20000000,1
1506447463,22317472,288.52,0.35440704,1
1506447463,22317470,289.00,21.88353172,1
1506447460,22317459,289.00,2.06140229,1
1506447460,22317455,289.00,3.00123092,1
1506447459,22317454,289.01,0.00001628,1
1506447459,22317453,289.01,1.64561604,1
1506447458,22317452,288.88,0.79998611,0
1506447458,22317451,288.82,0.35403892,0
1506447458,22317450,288.73,0.23000000,0
1506447458,22317449,288.72,12.00067264,0
1506447436,22317413,288.23,0.34255974,1
1506447435,22317409,288.23,0.44797500,0
1506447435,22317407,288.23,0.09962514,0
1506447434,22317402,288.23,0.34834986,0
1506447431,22317394,288.11,0.12773341,1
1506447431,22317392,288.12,1.50002739,1
1506447429,22317380,288.11,3.95617261,0
1506447429,22317378,288.11,1.50000000,0
1506447424,22317367,288.10,2.08261020,1
1506447422,22317363,288.10,0.10400000,1
1506447420,22317360,288.11,10.92000000,1
1506447420,22317358,288.11,0.05000000,1
1506447419,22317356,288.13,0.79998611,1
1506447419,22317355,288.14,2.43000000,1
1506447419,22317353,288.28,0.02379631,1
1506447419,22317352,288.29,0.13599500,1
1506447419,22317351,288.53,0.35403893,1
1506447419,22317350,288.65,2.21815104,1
1506447418,22317349,288.65,0.44797500,1
1506447417,22317345,288.65,0.44797500,1
1506447417,22317341,288.65,1.88589896,1
1506447416,22317338,288.66,0.41619479,0
1506447415,22317334,288.66,1.72183844,1
1506447414,22317331,288.66,1.33857607,1
1506447412,22317322,288.66,1.93958549,1
1506447408,22317314,288.67,2.98396086,1
1506447390,22317255,288.84,0.11050179,1
1506447388,22317252,288.83,0.35367121,0
1506447388,22317251,288.82,0.23000000,0
1506447355,22317228,288.70,0.00013400,0
1506447353,22317227,288.67,2.04017578,0
1506447350,22317223,288.67,2.74921400,1
1506447314,22317208,288.66,3.53534419,1
1506447303,22317200,288.64,2.03987660,1
1506447291,22317196,288.66,0.02390000,1
1506447284,22317192,288.64,0.99985474,1
1506447283,22317190,288.65,0.36989000,0
1506447282,22317189,288.65,1.00000000,0
1506447273,22317186,288.65,0.23000000,1
1506447272,22317185,288.50,6.38273301,0
1506447272,22317184,288.49,0.07772542,0
1506447264,22317181,288.49,0.15227458,0
1506447254,22317169,288.50,0.00000003,1
1506447246,22317165,288.50,0.32818021,1
1506447231,22317159,288.65,0.17220000,0
1506447222,22317146,288.67,0.11660373,0
1506447221,22317145,288.66,0.63011000,0
1506447164,22317098,288.70,0.99986600,0
1506447163,22317097,288.69,0.63010600,0
1506447163,22317096,288.69,0.23000000,0
1506447108,22317085,288.48,0.27620000,1
1506447101,22317082,288.45,1.86923207,0
1506447097,22317076,288.40,2.46474678,0
1506447095,22317071,288.42,2.25000000,1
1506447089,22317057,288.44,1.86860349,1
1506447053,22317041,288.35,0.13600000,0
1506447048,22317039,288.35,0.09400000,0
1506446989,22317009,288.46,0.35367121,1
1506446989,22317008,288.73,0.03311623,1
1506446986,22316999,288.36,3.12688377,0
1506446986,22316997,288.87,0.14796623,1
1506446986,22316996,288.87,1.98887508,1
1506446986,22316995,288.87,0.35980573,0
1506446985,22316993,288.73,0.35335296,0
1506446985,22316991,287.78,1.87274969,1
1506446984,22316987,288.87,1.67000000,0
1506446984,22316984,287.78,0.17044300,1
1506446982,22316980,288.51,2.99367800,1
1506446982,22316979,288.55,0.28117200,1
1506446981,22316976,288.89,1.96772057,1
1506446980,22316973,288.55,0.07218096,1
1506446980,22316971,289.44,0.53000000,1
1506446979,22316967,289.44,0.13000000,1
1506446977,22316959,289.44,0.23000000,1
1506446977,22316958,289.44,0.28676435,0
1506446976,22316955,288.87,2.02777547,1
1506446976,22316954,288.90,0.00047247,1
1506446975,22316952,288.90,0.01984598,1
1506446972,22316950,288.59,0.07966700,1
1506446972,22316949,288.87,0.49914831,0
1506446971,22316948,288.59,0.02645284,1
1506446968,22316944,289.89,0.07966700,0
1506446967,22316943,285.22,13.99033067,1
1506446967,22316942,285.49,0.04644646,1
1506446967,22316941,285.58,0.45748328,1
1506446967,22316940,285.67,0.04200651,1
1506446967,22316938,285.72,0.02398000,1
1506446967,22316936,285.94,0.10000000,1
1506446967,22316935,286.00,0.25000000,1
1506446966,22316933,286.00,0.50000000,1
1506446966,22316932,286.00,0.70000000,1
1506446966,22316931,286.00,0.15000000,1
1506446966,22316930,286.02,6.87619746,1
1506446966,22316929,286.15,0.70000000,1
1506446966,22316928,287.50,0.96991304,1
1506446966,22316927,287.53,0.49280745,1
1506446966,22316926,287.75,0.28676435,1
1506446965,22316925,287.86,0.54000000,1
1506446965,22316924,288.00,1.00000000,1
1506446965,22316922,288.05,3.96274001,1
1506446965,22316921,288.15,0.02637515,1
1506446965,22316920,288.45,0.04090830,1
1506446965,22316919,288.45,0.02634772,1
1506446965,22316918,288.75,0.04086580,1
1506446964,22316917,288.75,0.02632035,1
1506446964,22316916,288.89,0.83525020,1
1506446964,22316915,289.05,0.04082339,1
1506446964,22316914,289.35,0.04078106,1
1506446962,22316894,289.65,0.04073882,0
1506446962,22316889,289.65,0.04069667,0
1506446962,22316886,289.65,2.72862069,0
1506446961,22316882,289.65,0.04065461,0
1506446961,22316880,290.20,0.04140423,0
1506446960,22316879,288.89,1.84474980,1
1506446960,22316878,289.05,0.02629303,1
1506446960,22316875,289.35,0.02626577,1
1506446960,22316872,289.65,0.02623856,1
1506446960,22316870,289.95,0.02645284,1
1506446959,22316859,291.23,26.26590765,0
1506446958,22316853,291.17,0.02370000,0
1506446958,22316850,291.17,0.60729154,1
1506446957,22316844,291.16,0.02015881,0
1506446957,22316837,290.91,0.08807219,0
1506446957,22316835,290.91,1.00000000,1
1506446956,22316830,290.85,0.08700441,0
1506446956,22316821,290.75,1.72000000,0
1506446956,22316817,290.75,5.50000000,1
1506446956,22316813,290.74,0.10000000,1
1506446955,22316811,290.74,0.52000000,1
1506446955,22316810,290.60,0.08630439,0
1506446955,22316809,290.60,5.49522287,1
1506446954,22316808,290.58,0.23000000,0
1506446954,22316806,290.42,0.06552500,0
1506446954,22316805,290.31,0.02380000,0
1506446953,22316804,290.20,18.01971547,0
1506446953,22316803,290.15,0.06441558,0
1506446953,22316802,290.15,10.52462398,1
1506446952,22316800,290.12,5.50000000,0
1506446952,22316798,290.11,73.42600000,0
1506446952,22316797,290.11,13.64630496,1
1506446952,22316795,289.85,0.00000316,0
1506446952,22316794,289.85,0.06447942,0
1506446951,22316793,289.54,0.06454971,0
1506446951,22316790,289.54,3.77145625,1
1506446951,22316786,289.50,8.57303874,0
1506446950,22316783,289.49,10.83000000,1
1506446950,22316781,289.49,2.07468880,1
1506446950,22316776,289.45,0.02390000,0
1506446949,22316774,289.33,0.05000000,0
1506446949,22316773,289.33,0.05000000,0
1506446949,22316772,289.33,6.38889322,1
1506446949,22316771,289.23,0.99999500,0
1506446949,22316770,289.23,0.23000000,1
1506446948,22316769,289.22,0.13000000,0
1506446948,22316768,288.96,0.35321847,0
1506446948,22316767,288.90,1.00000000,0
1506446947,22316766,288.88,0.79790554,0
1506446947,22316765,288.66,0.16468514,0
1506446947,22316764,288.58,0.54913970,0
1506446945,22316763,288.54,0.64000000,0
1506446945,22316762,288.54,0.23000000,0
1506446934,22316757,288.06,0.16468514,1
1506446888,22316706,288.58,1.85389500,0
1506446887,22316705,288.57,0.00000500,0
1506446877,22316701,288.05,1.03725999,1
1506446812,22316654,288.57,0.22999500,0
1506446775,22316636,288.58,0.06466920,0
1506446775,22316635,288.57,0.29634880,0
1506446722,22316619,288.10,0.35637589,1
1506446720,22316617,288.15,0.06454971,1
1506446654,22316593,288.38,0.00000386,1
1506446653,22316591,288.38,0.29637971,1
1506446653,22316590,288.38,0.50152197,1
1506446653,22316589,288.58,0.00000003,1
1506446652,22316587,288.58,2.46770390,1
1506446638,22316578,288.89,0.09334800,0
1506446554,22316550,288.89,0.10808800,0
1506446522,22316522,288.60,0.86506800,0
1506446481,22316514,288.60,0.13493200,0
1506446481,22316513,288.59,0.23000000,0
1506446459,22316500,288.50,0.63506775,0
1506446458,22316499,288.50,0.36493225,0
1506446453,22316498,288.35,2.40700719,1
1506446453,22316497,288.36,2.87000000,1
1506446453,22316496,288.48,5.00000000,1
1506446453,22316495,288.49,9.72299281,1
1506446445,22316489,288.42,1.99999997,0
1506446391,22316475,288.69,0.08908700,0
1506446322,22316433,288.45,0.27700284,1
1506446315,22316427,288.40,0.64678153,0
1506446315,22316426,288.39,0.13343169,0
1506446312,22316425,288.39,2.00000000,0
1506446264,22316389,288.49,0.35321847,1
1506446235,22316369,288.68,0.11553831,1
1506446234,22316368,288.68,0.23000000,0
1506446184,22316361,288.78,0.09794968,0
1506446184,22316360,288.77,0.15356800,0
1506446060,22316316,289.18,9.99999565,0
1506446047,22316312,288.45,0.00000316,1
1506446046,22316310,289.25,8.43465864,0
1506446037,22316305,289.22,0.15000000,1
1506446033,22316304,289.00,1.41534571,0
1506446033,22316303,289.00,3.58465429,1
1506446022,22316301,289.00,1.00000000,1
1506446022,22316300,289.00,0.65390702,1
1506446022,22316299,289.01,0.34609298,1
1506446022,22316298,289.01,0.14483991,1
1506446018,22316293,289.00,3.76143869,1
1506446017,22316292,289.00,1.00000000,1
1506446007,22316290,289.19,0.17100000,0
1506445993,22316279,289.26,0.04400000,0
1506445988,22316274,288.45,0.06447942,1
1506445988,22316273,288.75,0.06441558,1
1506445987,22316272,289.05,0.06552500,1
1506445983,22316270,289.31,0.48666857,0
1506445983,22316268,288.68,0.06560920,0
1506445983,22316267,288.47,0.18637097,0
1506445983,22316266,288.45,0.12999330,0
1506445983,22316265,288.38,0.11000000,0
1506445983,22316264,288.37,1.32135796,0
1506445982,22316262,288.30,1.00000000,0
1506445982,22316261,288.20,1.00000000,0
1506445975,22316256,288.10,1.00000000,0
1506445905,22316218,288.37,0.45653839,1
1506445904,22316217,288.37,0.34502500,0
1506445904,22316216,288.37,0.23000000,0
1506445904,22316215,288.37,0.28979459,0
1506445800,22316164,288.25,0.08787838,0
1506445800,22316163,288.25,1.73117400,0
1506445800,22316162,288.25,1.18094762,0
1506445793,22316158,288.00,3.02456900,1
1506445790,22316155,288.00,1.86102900,1
1506445789,22316153,288.00,0.11440200,1
1506445783,22316142,288.01,3.22803203,1
1506445783,22316141,288.01,0.37772133,1
1506445782,22316140,288.01,1.39424664,0
1506445781,22316139,288.01,0.05000000,1
1506445781,22316137,288.01,0.05000000,1
1506445781,22316136,288.02,0.00004836,1
1506445728,22316088,288.02,0.04995164,1
1506445728,22316087,288.02,0.05000000,1
1506445728,22316086,288.02,0.05000000,1
1506445727,22316085,288.02,0.05000000,1
1506445719,22316079,288.33,0.38021800,0
1506445664,22316037,288.37,0.16915234,0
1506445664,22316036,288.24,0.17292166,0
1506445621,22315963,288.11,0.05000000,1
1506445621,22315962,288.11,0.05000000,1
1506445607,22315949,288.37,0.22991870,0
1506445606,22315946,288.22,0.18978320,0
1506445604,22315943,288.22,0.00000003,1
1506445601,22315940,288.22,0.04999997,1
1506445601,22315939,288.22,0.05000000,1
1506445601,22315938,288.22,0.05000000,1
1506445601,22315937,288.22,0.03986751,1
1506445601,22315934,288.37,0.00000002,1
1506445597,22315931,288.37,0.04999998,1
1506445597,22315930,288.37,0.05000000,1
1506445597,22315929,288.37,0.01013251,1
1506445595,22315926,288.38,0.08000000,0
1506445590,22315918,288.38,0.11012002,1
1506445587,22315915,288.37,0.03986749,1
1506445583,22315909,288.21,0.01013249,0
1506445583,22315908,288.21,0.05000000,0
1506445579,22315901,288.21,0.00000001,1
1506445576,22315896,288.21,0.04999999,1
1506445576,22315894,288.21,0.01013251,1
1506445574,22315891,288.21,0.03986749,1
1506445567,22315881,288.47,0.27000500,0
1506445566,22315878,288.36,0.05000000,0
1506445563,22315872,288.36,0.05000000,1
1506445562,22315868,288.36,0.05000000,1
1506445525,22315819,288.46,1.44714761,1
1506445524,22315818,288.46,0.23000000,0
1506445504,22315802,288.47,0.54362403,0
1506445504,22315801,288.44,0.50000040,0
1506445504,22315800,288.43,0.23000000,0
1506445480,22315772,288.44,0.29772000,0
1506445480,22315771,288.22,0.03000000,0
1506445454,22315735,288.02,0.27720000,0
1506445454,22315733,287.97,0.03000000,0
1506445454,22315731,287.78,0.27800000,0
1506445454,22315730,287.77,0.03000000,0
1506445289,22315496,287.62,0.03000000,0
1506445127,22315425,287.53,5.38719255,1
1506445127,22315424,287.54,0.50000000,1
1506445127,22315421,287.55,0.27720000,1
1506445127,22315420,287.56,0.27800000,1
1506445108,22315375,288.40,0.19561202,0
1506445108,22315374,288.23,0.27720000,0
1506445108,22315373,288.05,0.15959398,0
1506445108,22315371,288.00,0.38959400,0
1506445108,22315369,287.99,0.23000000,0
1506445065,22315338,287.61,0.33344000,1
1506445065,22315337,287.62,0.27720000,1
1506445065,22315336,287.63,0.05000000,1
1506445064,22315335,287.63,0.05000000,1
1506445064,22315334,287.63,0.05000000,1
1506445064,22315333,287.63,0.05000000,1
1506444973,22315260,287.77,1.00000000,1
1506444963,22315246,287.95,0.23000000,0
1506444963,22315244,287.94,0.75667232,0
1506444936,22315185,287.77,0.59225268,1
1506444933,22315178,287.77,0.20546772,1
1506444933,22315177,288.05,0.92118028,1
1506444932,22315171,288.05,0.23000000,0
1506444932,22315170,288.00,0.61040600,0
1506444930,22315164,288.00,0.38959400,1
1506444929,22315161,288.00,0.61040600,1
1506444925,22315151,288.50,3.31303124,0
1506444925,22315150,288.50,5.36727800,0
1506444925,22315149,288.50,1.87844406,0
1506444925,22315148,288.49,0.21000000,0
1506444925,22315147,288.48,0.49000000,0
1506444925,22315145,288.16,1.39643637,0
1506444924,22315144,288.15,0.27720000,0
1506444924,22315142,288.07,0.23000000,0
1506444924,22315141,288.06,0.75111033,0
1506444917,22315134,287.76,1.70229832,1
1506444917,22315132,287.76,0.79142800,1
1506444909,22315126,288.10,1.00000000,0
1506444907,22315124,288.11,0.19051966,0
1506444904,22315118,287.76,7.63370900,1
1506444904,22315117,287.76,0.58057300,1
1506444904,22315115,287.76,0.21076700,1
1506444893,22315104,287.76,7.26398500,1
1506444893,22315103,287.76,0.57995500,1
1506444886,22315100,287.77,0.57997372,0
1506444884,22315098,287.76,1.53974300,1
1506444883,22315096,287.76,3.10280995,1
1506444883,22315095,287.77,1.07881972,1
1506444883,22315094,287.78,1.54261233,1
1506444873,22315077,288.16,0.49884600,1
1506444868,22315073,287.78,0.20849800,1
1506444860,22315064,288.48,0.49000000,1
1506444857,22315063,288.48,1.75110000,0
1506444857,22315062,288.31,0.10620000,0
1506444853,22315061,288.31,0.12380000,0
1506444849,22315060,287.77,0.10424500,1
1506444849,22315056,287.77,0.37149700,1
1506444817,22315024,287.75,1.69997707,1
1506444797,22314993,287.74,0.39999100,1
1506444781,22314980,287.75,3.13573517,1
1506444762,22314960,287.73,2.94363289,1
1506444747,22314951,287.74,6.07987482,1
1506444722,22314929,287.80,3.09787464,1
1506444683,22314896,287.78,0.13236586,0
1506444649,22314878,287.85,0.27720000,1
1506444640,22314875,287.86,1.33281000,1
1506444585,22314867,288.49,29.77000000,0
1506444585,22314866,288.44,0.23000000,0
1506444564,22314841,288.50,1.88139095,1
1506444563,22314838,288.50,8.20495512,1
1506444563,22314837,288.50,0.54598400,1
1506444562,22314834,288.50,3.75609164,1
1506444562,22314831,288.50,18.65287000,1
1506444562,22314829,288.50,1.22279358,1
1506444561,22314828,288.50,4.46946500,1
1506444561,22314827,288.50,4.26595600,1
1506444561,22314826,288.50,2.38757118,1
1506444560,22314824,288.50,4.81194000,1
1506444560,22314823,288.50,2.99187000,1
1506444558,22314819,288.50,0.74925477,1
1506444558,22314818,288.50,0.25135300,1
1506444558,22314816,288.50,2.66778100,1
1506444557,22314814,288.50,1.78513900,1
1506444556,22314810,288.50,0.52269400,1
1506444556,22314808,288.50,0.54657398,1
1506444556,22314806,288.50,1.78514400,1
1506444555,22314805,288.50,3.02679600,1
1506444554,22314804,288.50,0.62139800,1
1506444553,22314798,288.50,0.61556618,1
1506444552,22314796,288.50,3.02117827,1
1506444550,22314792,288.50,13.64629171,1
1506444550,22314791,288.50,3.75123912,0
1506444550,22314790,288.49,0.03000000,0
1506444550,22314789,288.46,1.98000000,0
1506444549,22314787,288.26,0.03000000,0
1506444549,22314786,288.19,0.03000000,0
1506444549,22314785,288.17,6.85000000,0
1506444549,22314784,288.15,2.08224883,0
1506444549,22314783,288.06,0.03000000,0
1506444549,22314782,288.04,1.76222216,0
1506444549,22314780,288.04,1.02423251,0
1506444546,22314773,288.03,1.50176405,1
1506444545,22314772,288.03,0.23000000,0
1506444527,22314758,288.00,0.37945438,1
1506444526,22314755,287.94,0.03000000,0
1506444526,22314754,287.85,0.24650905,0
1506444526,22314753,287.85,6.85000000,0
1506444526,22314752,287.74,0.03000000,0
1506444526,22314751,287.59,0.01177962,0
1506444489,22314739,287.50,1.06748000,1
1506444485,22314731,287.50,4.18000000,1
1506444485,22314730,287.51,2.67000000,1
1506444484,22314721,287.50,6.85000000,1
1506444483,22314718,287.50,6.85000000,1
1506444476,22314711,287.50,0.59186776,1
1506444401,22314682,287.50,0.34061500,1
1506444398,22314680,287.50,3.74016300,1
1506444396,22314676,287.50,3.74007700,1
1506444395,22314673,287.50,0.33938425,1
1506444393,22314667,287.50,3.73884000,1
1506444393,22314665,287.50,0.33942200,1
1506444392,22314664,287.50,3.73884100,1
1506444391,22314659,287.50,3.73884000,1
1506444390,22314657,287.50,0.33810774,1
1506444388,22314652,287.50,0.33813900,1
1506444388,22314651,287.50,3.73752200,1
1506444387,22314650,287.50,3.73752600,1
1506444381,22314644,287.50,1.52667430,1
1506444381,22314643,287.50,4.92062275,1
1506444380,22314639,287.51,3.09000000,1
1506444378,22314634,287.50,3.19405211,1
1506444376,22314626,287.50,3.73536355,1
1506444375,22314619,287.50,4.07290428,1
1506444371,22314610,287.50,4.07164147,1
1506444371,22314609,287.50,3.73408689,1
1506444368,22314598,287.50,4.27511500,1
1506444366,22314586,287.50,3.52813162,1
1506444365,22314579,287.50,2.98475173,1
1506444364,22314576,287.50,4.81596519,1
1506444363,22314571,287.50,3.00000000,1
1506444362,22314566,287.50,5.35662070,1
1506444360,22314561,287.50,2.44153016,1
1506444358,22314553,287.50,1.89856206,1
1506444358,22314551,287.50,5.89714776,1
1506444356,22314544,287.50,0.27800000,1
1506444355,22314542,287.50,6.43745663,1
1506444353,22314536,287.50,1.35575872,1
1506444351,22314530,287.50,6.43543872,1
1506444332,22314517,287.05,0.04999500,1
1506444332,22314516,287.05,0.04973500,1
1506444332,22314514,287.25,0.05000000,1
1506444331,22314512,287.40,0.05000000,1
1506444309,22314500,287.05,0.00026500,1
1506444309,22314499,287.14,0.27800000,1
1506444308,22314498,287.25,0.05000000,1
1506444308,22314497,287.40,0.05000000,1
1506444255,22314413,287.50,0.00000269,1
1506444255,22314410,287.50,0.54218000,1
1506444253,22314403,287.50,0.86149559,1
1506444251,22314400,287.50,1.89686954,1
1506444249,22314391,287.50,4.64392491,1
1506444247,22314384,287.50,3.66981420,1
1506444246,22314378,287.50,4.64240119,1
1506444244,22314374,287.50,3.53876681,1
1506444244,22314372,287.50,3.66861990,1
1506444242,22314369,287.50,4.64091861,1
1506444242,22314365,287.50,1.83638258,1
1506444240,22314358,287.50,2.69228800,1
1506444239,22314354,287.50,0.95826800,1
1506444239,22314348,287.50,0.87763700,1
1506444238,22314342,287.50,4.63947698,1
1506444238,22314340,287.50,0.93620900,1
1506444237,22314339,287.50,1.75523600,1
1506444235,22314330,287.50,6.39261555,1
1506444231,22314326,287.50,1.00000000,1
1506444223,22314316,287.50,5.55911663,1
1506444221,22314312,287.50,0.83075700,1
1506444221,22314311,287.50,2.64456787,1
1506444220,22314307,287.59,0.01822038,0
1506444219,22314305,287.50,6.38779722,1
1506444216,22314302,287.50,0.95772600,1
1506444215,22314298,287.50,0.95742602,1
1506444213,22314295,287.50,1.81321736,1
1506444211,22314286,287.50,2.76984339,1
1506444210,22314282,287.50,1.00384640,1
1506444209,22314279,287.50,3.30081288,1
1506444209,22314278,287.51,0.00002413,1
1506444208,22314274,287.51,3.12997587,1
1506444197,22314263,287.50,2.76893607,1
1506444195,22314258,287.50,1.96616933,1
1506444195,22314256,287.51,3.46000000,1
1506444193,22314244,287.50,2.76798887,1
1506444191,22314234,287.50,5.42447500,1
1506444191,22314231,287.50,1.35740000,1
1506444190,22314227,287.50,2.76712404,1
1506444188,22314223,287.50,5.42270999,1
1506444187,22314218,287.50,2.76624800,1
1506444185,22314212,287.50,5.42098032,1
1506444185,22314210,287.50,1.03358435,1
1506444183,22314204,287.50,2.76535319,1
1506444182,22314199,287.50,1.59930432,1
1506444182,22314198,287.51,3.82000000,1
1506444179,22314190,287.50,5.41756216,1
1506444178,22314184,287.50,2.76444717,1
1506444176,22314177,287.50,1.23528888,1
1506444176,22314175,287.50,5.41583249,1
1506444175,22314169,287.50,1.23528162,1
1506444174,22314166,287.50,2.76358234,1
1506444173,22314161,287.50,0.13316834,1
1506444173,22314159,287.50,1.76587214,1
1506444172,22314156,287.50,1.23528899,1
1506444172,22314154,287.50,0.56277510,1
1506444170,22314148,287.50,0.45040934,1
1506444170,22314146,287.51,0.78483512,1
1506444168,22314143,287.51,1.23522303,1
1506444168,22314142,287.51,2.19994185,0
1506444166,22314138,287.50,1.23520387,1
1506444165,22314134,287.50,1.23517868,1
1506444164,22314132,287.50,1.23517060,1
1506444162,22314124,287.51,0.43772486,1
1506444162,22314123,287.51,1.76222796,1
1506444162,22314122,287.51,1.23506866,1
1506444160,22314117,287.51,1.23497852,1
1506444158,22314113,288.00,2.95086016,1
1506444158,22314111,288.00,0.71358584,1
1506444158,22314108,288.00,1.23190654,1
1506444158,22314106,288.00,1.00000000,1
1506444157,22314101,288.00,3.38537000,1
1506444157,22314099,288.00,0.96380200,1
1506444157,22314098,288.00,1.75857195,1
1506444156,22314096,288.00,1.23167312,1
1506444156,22314093,288.00,1.75862500,1
1506444154,22314089,288.00,3.84201733,1
1506444154,22314087,288.00,1.00000000,0
1506444154,22314086,287.91,0.03000000,0
1506444153,22314085,287.88,0.13358806,0
1506444153,22314082,287.50,2.08213858,1
1506444151,22314077,287.50,3.84080334,1
1506444151,22314075,287.50,1.75744400,1
1506444149,22314070,287.50,3.80155377,1
1506444149,22314069,287.51,0.03805528,1
1506444143,22314064,287.51,5.12194472,1
1506444143,22314061,287.52,0.00001869,1
1506444142,22314059,287.52,0.28416500,1
1506444141,22314054,287.52,1.75668977,1
1506444140,22314051,287.52,2.95912654,1
1506444139,22314048,287.51,2.44496623,1
1506444136,22314046,287.44,0.35450779,0
1506444100,22314022,287.05,0.55604005,1
1506444065,22314005,287.21,0.83949388,1
1506444058,22313991,287.23,0.00518000,1
1506444058,22313990,287.24,5.00000000,1
1506444048,22313983,287.23,0.64389900,1
1506443968,22313936,286.92,0.19657000,1
1506443947,22313909,287.76,3.46643036,0
1506443936,22313899,286.83,1.39648796,1
1506443924,22313885,286.84,0.24650905,1
1506443924,22313884,286.87,0.02000000,1
1506443923,22313881,286.87,1.13000000,1
1506443913,22313867,286.85,1.13000000,1
1506443902,22313857,286.83,1.16410176,1
1506443902,22313856,286.83,0.00003124,1
1506443867,22313802,286.83,3.46822299,1
1506443865,22313798,286.83,2.03174577,1
1506443865,22313797,286.84,0.00003139,1
1506443864,22313794,286.84,1.29718645,1
1506443862,22313788,286.84,0.60515567,1
1506443861,22313784,286.84,0.18605841,1
1506443860,22313782,286.95,0.04000000,1
1506443860,22313779,286.99,0.34723644,1
1506443860,22313777,286.99,0.27720000,1
1506443860,22313773,286.99,0.48050129,1
1506443859,22313772,287.01,0.34955645,1
1506443858,22313767,287.01,2.76130543,1
1506443858,22313765,287.00,1.88913812,0
1506443854,22313740,287.00,0.43978000,1
1506443854,22313739,287.00,1.10491377,1
1506443854,22313738,287.00,1.29836147,1
1506443854,22313737,287.00,0.00002202,1
1506443853,22313732,287.03,1.00000000,0
1506443853,22313730,287.00,0.27717798,1
1506443852,22313726,287.03,1.00000000,0
1506443851,22313721,286.99,1.89506227,1
1506443849,22313711,287.03,2.00704948,0
1506443848,22313710,287.15,0.04000000,1
1506443848,22313709,287.30,0.04000000,1
1506443813,22313647,287.32,1.00066679,1
1506443812,22313646,287.50,0.00003321,1
1506443810,22313643,287.50,0.99996679,1
1506443806,22313640,287.88,0.66383053,0
1506443806,22313638,287.86,2.08434656,0
1506443723,22313552,287.82,0.69000000,1
1506443720,22313551,287.82,0.89000000,0
1506443698,22313533,286.50,0.71358584,0
1506443692,22313528,286.50,2.83852200,0
1506443690,22313526,286.50,1.85760000,0
1506443688,22313523,286.50,1.93740000,0
1506443682,22313520,286.50,4.35336600,0
1506443680,22313519,286.50,1.35362000,0
1506443675,22313512,286.50,0.65952917,0
1506443675,22313511,286.50,0.02700000,0
1506443659,22313499,286.50,1.29834400,0
1506443656,22313487,286.50,0.06600000,0
1506443642,22313471,286.50,0.49607423,0
1506443640,22313469,286.50,6.61152147,1
1506443635,22313459,286.50,1.98847853,1
1506443634,22313437,286.50,1.40000000,1
1506443632,22313433,286.51,2.42000000,1
1506443632,22313431,286.51,4.31166415,0
1506443630,22313426,286.53,1.10000000,0
1506443625,22313416,286.50,1.11531513,1
1506443625,22313414,286.50,3.88468487,1
1506443625,22313413,286.53,0.32455335,1
1506443624,22313411,286.57,0.02391000,1
1506443623,22313410,286.65,0.04000000,1
1506443623,22313408,286.85,0.06560920,1
1506443623,22313407,286.95,0.04000000,1
1506443623,22313405,286.97,0.04620692,1
1506443617,22313402,287.00,0.50000000,1
1506443617,22313401,287.00,1.47889151,1
1506443616,22313399,287.00,0.22147300,1
1506443615,22313392,287.00,5.50000000,1
1506443613,22313390,287.00,2.75000000,1
1506443609,22313382,287.00,0.04963549,1
1506443597,22313368,287.01,5.04729781,1
1506443593,22313363,287.01,1.14865504,1
1506443578,22313336,287.12,6.85000000,0
1506443570,22313321,287.12,0.23000000,0
1506443569,22313320,287.11,0.14842036,1
1506443566,22313305,287.11,0.64798836,1
1506443565,22313303,287.11,0.14846000,1
1506443564,22313300,287.10,1.72337585,1
1506443564,22313299,287.20,0.04000000,1
1506443564,22313298,287.33,0.04079151,1
1506443564,22313297,287.40,0.04000000,1
1506443564,22313296,287.43,0.02386668,1
1506443538,22313277,287.44,0.79741859,0
1506443525,22313243,287.44,0.34650800,0
1506443518,22313230,287.44,2.65709600,0
1506443513,22313215,287.44,10.87000000,1
1506443508,22313205,287.55,0.04000000,1
1506443508,22313204,287.64,0.08343763,1
1506443507,22313202,288.00,0.03403162,1
1506443495,22313155,288.00,0.46596838,1
1506443494,22313149,288.07,0.28167960,1
1506443482,22313119,288.07,2.08282709,1
1506443479,22313117,288.07,2.66286000,1
1506443467,22313106,288.08,0.69300100,0
1506443458,22313102,288.07,2.76423000,1
1506443440,22313097,288.07,0.37212250,1
1506443431,22313092,288.07,10.84000000,1
1506443422,22313085,288.07,68.34883401,1
1506443422,22313084,288.07,4.30116599,1
1506443405,22313064,288.07,0.57741800,1
1506443395,22313053,288.07,0.12141601,1
1506443394,22313052,288.08,3.89000000,1
1506443394,22313051,288.10,7.15426374,1
1506443383,22313035,288.10,2.51605626,1
1506443376,22313028,288.10,2.58242000,1
1506443374,22313026,288.10,2.58242000,1
1506443372,22313021,288.10,2.58242000,1
1506443370,22313016,288.10,2.58242000,1
1506443338,22312961,288.11,5.00000000,0
1506443338,22312958,288.11,6.08650000,0
1506443333,22312952,288.11,5.00000000,1
1506443325,22312942,288.23,0.06314401,1
1506443313,22312930,288.28,0.02379631,1
1506443313,22312929,288.32,0.04599057,1
1506443312,22312927,288.37,1.75904797,1
1506443311,22312919,288.37,3.24095203,1
1506443311,22312918,288.44,0.25000000,1
1506443310,22312917,288.50,6.76985234,1
1506443310,22312913,288.50,0.24996634,1
1506443310,22312912,288.50,1.24545100,1
1506443309,22312909,288.50,3.74748912,1
1506443309,22312907,288.50,0.00000663,1
1506443308,22312901,288.50,6.61533335,1
1506443307,22312893,288.50,3.74375238,1
1506443306,22312890,288.50,6.76345671,1
1506443305,22312885,288.50,3.34660170,1
1506443305,22312884,288.50,1.48074659,1
1506443304,22312883,288.50,6.76341567,1
1506443270,22312859,288.51,0.04405393,0
1506443267,22312858,288.50,0.27640000,1
1506443256,22312849,288.51,0.27640000,1
1506443236,22312842,288.50,1.47943774,1
1506443236,22312841,288.51,1.01389899,1
1506443236,22312840,288.52,5.00000000,1
1506443236,22312839,288.52,0.23000000,1
1506443223,22312830,289.27,0.32447194,1
1506443221,22312829,288.68,0.00001244,0
1506443151,22312743,288.52,3.77000000,1
1506443151,22312742,288.53,0.23000000,1
1506443128,22312733,288.52,3.77000000,1
1506443128,22312732,288.53,0.23000000,1
1506443102,22312712,288.52,2.93069513,1
1506443100,22312709,288.58,0.06930487,1
1506443034,22312672,288.65,0.00000006,1
1506443034,22312671,288.66,0.06000000,1
1506443017,22312655,288.65,0.99999994,1
1506443017,22312653,288.68,0.23000000,1
1506443010,22312642,288.99,1.00072159,0
1506442994,22312627,288.99,0.96677497,0
1506442994,22312625,288.99,2.45893800,0
1506442992,22312620,288.98,0.14796219,0
1506442957,22312566,288.66,1.40319450,1
1506442957,22312565,288.67,0.02499088,1
1506442950,22312561,288.67,0.10250456,1
1506442923,22312536,288.67,0.10250456,1
1506442835,22312497,289.00,0.31290500,0
1506442835,22312496,288.99,3.42571300,0
1506442728,22312421,288.99,0.03300000,0
1506442707,22312413,288.67,0.23000000,1
1506442687,22312392,288.99,1.08203410,0
1506442679,22312381,289.00,10.76876390,0
1506442679,22312379,288.99,3.48256800,0
1506442618,22312307,288.99,0.03657439,0
1506442611,22312304,289.00,2.56167132,0
1506442553,22312256,288.66,0.11199208,1
1506442552,22312255,288.67,0.01648792,1
1506442541,22312243,289.00,0.05000000,0
1506442533,22312238,289.00,1.38500000,0
1506442518,22312206,289.00,0.05000000,0
1506442491,22312177,289.00,0.31579656,0
1506442489,22312176,288.99,0.10512904,0
1506442484,22312170,288.99,0.17087096,0
1506442466,22312153,289.00,0.98741900,0
1506442464,22312151,289.00,0.86709342,0
1506442299,22312038,288.67,0.21351208,1
1506442293,22312028,288.69,0.23000000,1
1506442282,22312007,288.66,2.75408000,0
1506442277,22312003,288.66,0.98018250,0
1506442277,22311999,288.66,0.23000000,0
1506442276,22311997,288.66,0.34378919,1
1506442276,22311995,288.66,0.92075400,1
1506442275,22311990,288.66,1.22852014,1
1506442273,22311987,288.66,2.01343567,1
1506442273,22311986,288.86,0.01338433,1
1506442271,22311975,288.86,0.21661567,1
1506442266,22311953,288.66,0.49350100,1
1506442266,22311952,288.67,0.27600000,1
1506442265,22311951,288.85,0.23000000,1
1506442046,22311764,288.89,5.08000000,0
1506442043,22311760,288.85,0.06300180,0
1506442042,22311759,288.86,0.27590000,0
1506442029,22311749,288.89,0.06923050,0
1506442026,22311746,288.85,0.72410000,1
1506442026,22311745,288.85,0.27590000,1
1506442017,22311742,289.83,0.01983249,0
1506442015,22311739,288.90,0.00001032,0
1506442013,22311737,288.87,0.99995085,1
1506442013,22311736,288.87,1.00000000,1
1506442011,22311735,288.84,0.09165000,1
1506442011,22311734,288.85,0.14620000,1
1506441997,22311720,288.86,0.27559733,1
1506441992,22311715,288.87,1.00000000,0
1506441976,22311702,288.55,0.14615739,0
1506441900,22311655,288.90,0.23000000,1
1506441888,22311641,288.89,4.99999758,1
1506441868,22311618,288.88,1.76658748,1
1506441862,22311609,288.85,4.99999318,1
1506441848,22311586,290.23,0.11841964,1
1506441847,22311585,290.23,0.37783661,0
1506441833,22311576,290.14,1.64824795,0
1506441833,22311575,289.20,0.24473692,0
1506441833,22311572,289.20,0.00228618,0
1506441832,22311569,289.20,0.24731005,0
1506441821,22311562,289.20,1.73898209,0
1506441821,22311560,289.20,0.43578791,0
1506441820,22311559,289.20,2.17477000,0
1506441811,22311545,289.88,1.84146665,0
1506441810,22311544,289.88,0.17876855,0
1506441810,22311543,288.68,1.54344000,0
1506441810,22311541,288.68,5.00000000,1
1506441807,22311532,289.34,0.33718240,0
1506441807,22311531,289.33,0.21321526,0
1506441803,22311521,288.67,1.00000000,1
1506441803,22311518,288.67,1.00000000,1
1506441796,22311506,288.53,1.28299880,1
1506441796,22311504,288.65,2.35376505,1
1506441795,22311502,288.66,5.00000000,1
1506441795,22311499,288.75,0.10000000,1
1506441795,22311496,288.76,0.23000000,1
1506441786,22311485,288.84,0.23000000,1
1506441745,22311409,289.20,0.01677987,1
1506441745,22311404,289.20,0.21322013,1
1506441743,22311399,289.19,0.27559733,1
1506441703,22311353,289.15,1.10219223,1
1506441696,22311343,289.14,0.21481824,1
1506441696,22311342,289.14,0.06078176,1
1506441696,22311340,289.12,0.27561824,0
1506441696,22311339,289.12,0.06080000,0
1506441695,22311338,289.11,0.27560000,0
1506441692,22311334,289.13,0.02369176,1
1506441692,22311333,289.14,0.23000000,1
1506441626,22311192,289.20,0.23000000,1
1506441616,22311178,289.19,2.15636150,1
1506441557,22311069,289.29,3.15140095,1
1506441548,22311047,289.25,2.86977570,0
1506441547,22311045,289.25,0.27560000,1
1506441540,22311029,289.22,1.30283912,1
1506441535,22311017,289.20,4.43665890,0
1506441535,22311016,289.19,0.00040000,0
1506441530,22311010,289.20,4.43636138,1
1506441513,22310978,289.34,0.97094389,0
1506441513,22310977,289.33,0.02905611,0
1506441509,22310970,289.33,0.11620000,0
1506441501,22310950,289.34,1.00000000,0
1506441500,22310949,289.34,0.27000000,0
1506441499,22310939,289.34,0.75772393,1
1506441496,22310932,289.34,3.10227608,1
1506441496,22310930,289.36,0.23000000,1
1506441494,22310924,289.34,0.77999999,1
1506441493,22310922,289.35,0.00000001,1
1506441491,22310905,289.35,1.90430797,1
1506441487,22310896,289.38,0.23000000,1
1506441485,22310887,289.35,3.09569202,1
1506441485,22310884,289.37,0.23000000,1
1506441481,22310872,289.37,0.23000000,1
1506441436,22310829,289.99,0.13000000,0
1506441390,22310780,289.36,0.27525611,1
1506441390,22310778,289.45,0.00003537,1
1506441390,22310777,289.46,0.00000566,1
1506441360,22310759,289.46,0.22999434,1
1506441324,22310731,289.57,0.72131585,1
1506441323,22310729,289.57,0.27865805,1
1506441322,22310728,289.55,0.72134195,0
1506441312,22310720,289.46,0.27863500,0
1506441310,22310719,289.46,0.23000000,0
1506441306,22310712,289.46,4.42871031,1
1506441304,22310705,289.45,0.99996463,1
1506441256,22310675,289.44,0.22996933,1
1506441254,22310671,289.43,0.68996736,1
1506441254,22310670,289.43,0.00001167,1
1506441251,22310666,289.43,0.69100170,1
1506441237,22310658,289.43,0.03996985,0
1506441237,22310657,289.43,0.23000000,0
1506441235,22310656,289.43,0.00004930,1
1506441232,22310650,289.43,0.27595070,1
1506441217,22310635,290.00,0.03000000,0
1506441217,22310633,289.80,0.03000000,0
1506441217,22310631,289.65,0.03000000,0
1506441217,22310630,289.56,1.21498536,0
1506441198,22310619,289.55,0.53673133,0
1506441190,22310612,289.55,3.34729554,1
1506441188,22310602,289.55,0.53671700,1
1506441186,22310598,289.55,0.39037600,1
1506441186,22310592,289.55,3.92851200,1
1506441184,22310586,289.55,2.49243680,1
1506441184,22310583,289.55,2.09339724,1
1506441184,22310582,289.55,5.43082998,1
1506441155,22310561,289.56,2.07105092,0
1506441152,22310557,289.56,0.40891634,0
1506441151,22310556,289.56,1.59108366,0
1506441127,22310537,289.55,0.06917002,0
1506441086,22310522,289.56,2.97388990,0
1506441086,22310521,289.55,1.88911010,0
1506441084,22310518,289.55,0.18307087,0
1506441070,22310509,289.56,0.13219700,0
1506441068,22310507,289.35,0.89138646,1
1506441068,22310506,289.35,0.25000000,1
1506441066,22310505,289.36,0.23000000,1
1506441048,22310496,289.54,0.04579678,1
1506441048,22310494,289.56,0.38962247,0
1506441047,22310492,289.55,0.04622295,0
1506441037,22310478,289.56,0.28484391,0
1506441036,22310475,289.57,0.23000000,1
1506441013,22310445,289.55,0.85757038,0
1506441012,22310444,289.74,0.07496376,1
1506441012,22310443,290.02,0.08630439,1
1506441012,22310442,290.04,0.00002147,1
1506441009,22310437,290.04,0.22996791,1
1506441008,22310435,290.03,0.00001062,0
1506441005,22310426,290.03,0.23000000,1
1506440949,22310296,290.02,0.11496680,1
