date,tid,price,amount,type
1506467306,22338494,1.18452,196.49000,0
1506467256,22338476,1.18427,19.66000,0
1506467219,22338468,1.18984,41.86092,0
1506467101,22338425,1.18452,217.76000,0
1506466927,22338323,1.18294,41.90820,1
1506466926,22338320,1.18410,8.09180,1
1506466357,22337939,1.18986,20.82957,0
1506466352,22337930,1.18986,55.89000,0
1506466347,22337922,1.18989,8.72160,0
1506466347,22337921,1.18988,271.19840,0
1506466160,22337779,1.18989,1405.10147,0
1506466160,22337777,1.18986,0.24853,0
1506466159,22337774,1.18988,171.28178,1
1506466158,22337768,1.18989,859.14482,0
1506466157,22337766,1.18989,632.14852,0
1506466154,22337761,1.18989,858.28996,0
1506466153,22337759,1.18988,406.23155,1
1506466152,22337754,1.18988,279.92225,1
1506466151,22337749,1.18986,352.70955,0
1506466151,22337746,1.18986,279.92000,0
1506466150,22337743,1.18986,324.13000,0
1506466148,22337737,1.18986,43.24045,0
1506466147,22337735,1.18985,1003.57132,0
1506466147,22337733,1.18985,156.42868,0
1506466147,22337732,1.18984,43.36132,0
1506465875,22337664,1.18986,26.66255,0
1506465093,22337392,1.18987,0.06000,0
1506465093,22337391,1.18986,90.00000,0
1506464913,22337319,1.18987,4894.91183,0
1506464911,22337318,1.18985,160.00000,0
1506464608,22337181,1.18986,20.10684,0
1506464504,22337141,1.18305,60.00000,0
1506464436,22337107,1.18986,87.91000,0
1506464435,22337103,1.18986,60.89968,0
1506464391,22337027,1.18301,405.52857,1
1506464390,22337024,1.18300,43.23630,1
1506464132,22336875,1.18987,71.53000,0
1506464130,22336872,1.18987,172.66000,0
1506464129,22336869,1.18987,334.89371,0
1506464079,22336825,1.18987,30.57000,0
1506463743,22336576,1.18987,168.05000,0
1506463736,22336566,1.18987,168.36000,0
1506463558,22336456,1.18988,97.48000,0
1506463529,22336444,1.18975,8.04410,1
1506463529,22336443,1.18975,402.69590,1
1506463498,22336432,1.18988,752.28754,1
1506463487,22336427,1.18989,280.56564,0
1506463487,22336424,1.18989,449.56538,0
1506463487,22336421,1.18988,753.07899,0
1506463485,22336416,1.18988,177.99606,1
1506463484,22336414,1.18988,498.09692,0
1506463482,22336411,1.18988,178.70734,0
1506463481,22336409,1.18988,280.96199,0
1506463480,22336408,1.18980,1.68690,0
1506463429,22336372,1.18980,490.34879,0
1506463408,22336353,1.18980,464.95000,0
1506463401,22336315,1.18980,1197.79216,0
1506463398,22336308,1.18980,209.83720,0
1506463398,22336307,1.18980,52.26065,0
1506463397,22336304,1.18980,2583.12430,0
1506463397,22336303,1.18980,1107.72377,0
1506463396,22336298,1.18980,55.77000,0
1506463395,22336296,1.18980,265.38000,0
1506463395,22336293,1.18980,265.81090,0
1506463394,22336287,1.18980,206.92430,0
1506463393,22336280,1.18980,182.65271,0
1506463392,22336275,1.18980,252.14322,0
1506463382,22336261,1.18980,322.51000,0
1506463364,22336242,1.18980,55.77000,0
1506463362,22336232,1.18980,170.36607,0
1506463362,22336231,1.18976,0.00393,0
1506463355,22336212,1.18976,534.88000,0
1506463350,22336203,1.18976,28.98920,0
1506463350,22336195,1.18976,328.41195,0
1506463349,22336191,1.18976,22.30895,0
1506463348,22336185,1.18976,48.88864,0
1506463331,22336150,1.18976,36.51733,0
1506463330,22336146,1.18976,90.70267,0
1506463330,22336144,1.18975,1534.44812,0
1506463329,22336142,1.18975,55.76000,0
1506463319,22336130,1.18975,250.00000,0
1506463316,22336122,1.18975,1454.32000,0
1506463314,22336117,1.18975,448.61000,0
1506463264,22336054,1.18975,55.76801,0
1506463244,22336037,1.18975,1734.12000,0
1506463223,22335994,1.18975,2024.63000,0
1506463220,22335979,1.18975,333.98000,0
1506463219,22335976,1.18975,1571.79000,0
1506463217,22335967,1.18975,333.73000,0
1506463216,22335959,1.18975,1570.60000,0
1506463215,22335956,1.18975,76.96866,0
1506463207,22335943,1.18975,77.04575,0
1506463205,22335933,1.18975,75.57535,0
1506463204,22335930,1.18975,933.35746,0
1506463203,22335923,1.18975,1421.76254,0
1506463201,22335912,1.18975,142.32000,0
1506463200,22335911,1.18975,549.90566,0
1506463199,22335905,1.18975,1732.80000,0
1506463197,22335901,1.18975,549.35152,0
1506463191,22335893,1.18975,96.62115,0
1506463189,22335885,1.18975,89.19856,0
1506463188,22335882,1.18975,96.60853,0
1506463187,22335879,1.18975,68.40092,0
1506463187,22335872,1.18975,2123.54199,0
1506463186,22335870,1.18975,314.34790,0
1506463184,22335863,1.18975,690.34000,0
1506463184,22335860,1.18975,388.64394,0
1506463183,22335857,1.18975,1632.69549,0
1506463183,22335855,1.18974,315.56582,0
1506463183,22335850,1.18974,74.36869,0
1506463181,22335847,1.18974,207.85299,1
1506463179,22335838,1.18975,722.79124,0
1506463177,22335820,1.18975,320.83423,0
1506463175,22335807,1.18975,37.39767,0
1506463174,22335804,1.18975,1569.37999,0
1506463172,22335792,1.18975,2846.97052,0
1506463171,22335785,1.18975,208.09562,0
1506463169,22335777,1.18975,244.08647,0
1506463169,22335776,1.18974,208.65691,0
1506463168,22335773,1.18974,35.30242,1
1506463168,22335772,1.18974,378.98702,1
1506463167,22335764,1.18975,721.71884,0
1506463165,22335758,1.18975,180.66836,0
1506463164,22335756,1.18975,100.26551,0
1506463164,22335755,1.18974,35.44449,0
1506463163,22335748,1.18974,150.50362,0
1506463163,22335747,1.18974,89.66892,0
1506463161,22335737,1.18974,103.37000,0
1506463158,22335721,1.18974,305.63047,0
1506462319,22335048,1.18975,99.81593,1
1506462204,22334978,1.18976,13.23369,1
1506462191,22334953,1.18976,174.64610,1
1506462178,22334940,1.18976,10.61955,1
1506462178,22334939,1.18976,206.61315,1
1506462173,22334920,1.18976,45.59935,0
1506462172,22334915,1.18976,198.49935,0
1506462168,22334901,1.18975,100.00000,0
1506462093,22334773,1.18320,70.00000,1
1506462027,22334709,1.18976,76.17415,0
1506461727,22334521,1.18974,0.06522,0
1506461725,22334518,1.18976,55.87466,1
1506461723,22334510,1.18977,516.03592,0
1506461722,22334508,1.18976,252.37818,1
1506461718,22334495,1.18976,56.47859,0
1506461718,22334494,1.18976,252.21251,0
1506461662,22334447,1.18976,400.92388,0
1506461151,22334106,1.18297,90.00000,1
1506460237,22333616,1.18977,129.86485,0
1506460237,22333615,1.18976,373.00515,0
1506460159,22333587,1.18301,100.00000,1
1506460080,22333541,1.18975,119.87595,0
1506460073,22333532,1.18975,30.63965,0
1506459692,22333142,1.18303,101.14406,1
1506459687,22333140,1.18300,101.14406,1
1506459238,22332471,1.18978,175.10740,0
1506459217,22332439,1.18979,150.05000,0
1506459217,22332437,1.18979,178.32039,0
1506459217,22332436,1.18978,0.19861,0
1506459214,22332427,1.18978,84.38858,0
1506459210,22332422,1.18978,49.23772,0
1506459209,22332420,1.18978,196.21839,0
1506459135,22332305,1.18980,552.42819,0
1506459131,22332290,1.18980,141.94789,0
1506459120,22332257,1.18969,189.08280,1
1506459118,22332250,1.18969,917.73980,0
1506459117,22332248,1.18969,82.26020,0
1506459116,22332246,1.18969,197.04756,0
1506459111,22332221,1.18969,1106.81213,0
1506459039,22332130,1.18969,133.16000,0
1506458892,22332006,1.18969,417.42000,0
1506458892,22332005,1.18969,45.12939,0
1506458884,22332000,1.18969,121.71000,0
1506458804,22331930,1.18969,416.06342,0
1506458800,22331915,1.18969,416.26637,0
1506458797,22331910,1.18969,416.48020,0
1506458795,22331907,1.18969,416.09000,0
1506458795,22331905,1.18969,45.26203,0
1506458793,22331902,1.18969,35.56042,0
1506458780,22331892,1.18969,155.06000,0
1506458771,22331887,1.18969,241.36614,0
1506458770,22331885,1.18969,241.23772,0
1506458770,22331882,1.18969,33.40675,0
1506458767,22331878,1.18969,45.08000,0
1506458736,22331827,1.18969,45.08000,0
1506458733,22331821,1.18969,2874.33885,0
1506458729,22331808,1.18969,213.13000,0
1506458725,22331795,1.18969,285.25735,0
1506458723,22331787,1.18969,305.49817,0
1506458652,22331682,1.18969,160.38539,0
1506458509,22331560,1.18969,352.90811,0
1506457908,22331049,1.18980,24.71977,0
1506457843,22330990,1.18980,619.28000,0
1506457833,22330981,1.18980,335.22000,0
1506457719,22330850,1.18980,45.03000,0
1506457700,22330821,1.18979,71.16624,0
1506457700,22330820,1.18979,71.21269,0
1506457572,22330696,1.18350,8.91000,0
1506457239,22330356,1.18979,0.10824,1
1506457239,22330353,1.18979,69.99999,1
1506457236,22330349,1.18979,80.00000,1
1506457235,22330348,1.18980,3.51278,0
1506457235,22330347,1.18979,150.00000,0
1506457210,22330313,1.18979,63.70207,0
1506457186,22330291,1.18322,272.94254,1
1506457183,22330273,1.18319,272.94254,0
1506457150,22330193,1.18980,392.81040,0
1506457150,22330192,1.18980,864.96194,0
1506457124,22330156,1.18980,110.86591,0
1506457121,22330152,1.18980,98.11280,0
1506457109,22330130,1.18980,152.58513,0
1506457108,22330122,1.18980,743.55341,0
1506457107,22330119,1.18980,190.70305,0
1506457107,22330116,1.18980,95.66746,0
1506457104,22330110,1.18980,760.12256,0
1506457100,22330091,1.18980,20.92249,0
1506457099,22330090,1.18980,232.77156,0
1506457097,22330086,1.18980,1049.58633,0
1506457095,22330075,1.18980,569.88433,0
1506457095,22330072,1.18980,33.88777,0
1506457051,22329999,1.18980,76.37526,0
1506455731,22329053,1.18988,10.00000,0
1506455629,22329002,1.18988,10.00000,0
1506455493,22328924,1.18988,288.05133,0
1506455147,22328369,1.18988,650.26664,0
1506455134,22328336,1.18988,50.13000,0
1506455131,22328331,1.18988,25.12026,0
1506455124,22328290,1.18988,99.62199,0
1506455114,22328207,1.18989,143.37677,0
1506455113,22328197,1.18988,11.44339,1
1506455110,22328187,1.18988,981.22429,0
1506455110,22328185,1.18908,90.87657,0
1506455109,22328180,1.18988,393.06376,0
1506455107,22328169,1.18910,90.71356,1
1506455102,22328141,1.18989,3663.83829,0
1506455102,22328138,1.18988,1357.30965,0
1506455102,22328136,1.18980,6.77449,0
1506455102,22328134,1.18960,6.77564,0
1506455102,22328131,1.18950,6.77622,0
1506455101,22328128,1.18940,6.77679,0
1506455101,22328125,1.18930,6.77736,0
1506455101,22328122,1.18920,6.77794,0
1506455101,22328119,1.18910,6.77851,0
1506455101,22328117,1.18910,84.07000,0
1506455101,22328115,1.18908,0.04660,0
1506455099,22328106,1.18908,9.27341,0
1506455098,22328101,1.18908,2836.16069,0
1506455098,22328100,1.18900,6.77909,0
1506455098,22328099,1.18890,0.03463,0
1506454928,22327659,1.18890,6.74503,0
1506454928,22327658,1.18890,2.29996,0
1506454928,22327655,1.18890,4.47970,0
1506454928,22327654,1.18880,6.78024,0
1506454928,22327652,1.18870,6.78081,0
1506454928,22327650,1.18860,0.21695,0
1506454920,22327636,1.18860,6.56444,0
1506454920,22327634,1.18850,6.78196,0
1506454920,22327633,1.18840,6.78253,0
1506454920,22327632,1.18830,6.42671,0
1506454913,22327610,1.18830,0.35640,0
1506454913,22327609,1.18820,6.78369,0
1506454912,22327608,1.18791,2548.78038,0
1506454912,22327607,1.18790,396.31672,0
1506454912,22327606,1.18789,1416.56685,0
1506454912,22327604,1.18631,0.00549,0
1506454863,22327338,1.18631,1655.08000,0
1506454848,22327288,1.18630,464.30375,0
1506454798,22327202,1.18631,2344.91451,0
1506454798,22327199,1.18630,90.00000,0
1506454797,22327197,1.18431,1559.96430,0
1506454738,22327114,1.18431,86.43000,0
1506454727,22327083,1.18431,86.20000,0
1506454721,22327072,1.18431,459.28570,0
1506454713,22327052,1.18431,340.79000,0
1506454703,22327008,1.18431,1467.33000,0
1506454703,22327007,1.18430,0.01000,0
1506454702,22327001,1.18430,169.99000,0
1506454696,22326988,1.18430,126.19318,0
1506454645,22326903,1.18430,229.42684,1
1506454644,22326895,1.18430,174.19152,0
1506454640,22326888,1.18428,55.37552,0
1506454638,22326882,1.18430,2476.40457,0
1506454638,22326881,1.18429,282.65000,0
1506454638,22326879,1.18429,67.35000,0
1506454634,22326860,1.18429,54.38984,0
1506454617,22326832,1.18429,5.11962,0
1506454547,22326771,1.18169,227.46198,0
1506454547,22326770,1.18131,64.61287,0
1506454547,22326769,1.18131,58.42638,0
1506454545,22326764,1.18131,373.51000,0
1506454512,22326682,1.18131,121.74507,0
1506454444,22326653,1.17906,18.00000,1
1506454314,22326570,1.18087,0.14977,1
1506454302,22326555,1.18131,167.91000,0
1506454273,22326498,1.17932,65.09369,0
1506454273,22326496,1.17932,156.36654,0
1506454267,22326487,1.17905,0.85972,1
1506454267,22326486,1.17907,600.62325,1
1506454262,22326462,1.17928,380.00206,1
1506454262,22326461,1.17928,380.56887,1
1506454256,22326448,1.17931,113.70256,1
1506454252,22326443,1.17931,2404.07399,1
1506454244,22326418,1.17931,1482.22345,1
1506454238,22326371,1.17932,398.50345,1
1506454238,22326370,1.17932,235.65289,1
1506454232,22326336,1.18091,4000.00000,1
1506454232,22326335,1.18131,521.57989,1
1506454231,22326331,1.18131,199.56852,1
1506454228,22326306,1.18131,306.91998,1
1506454228,22326302,1.18131,313.61053,1
1506454227,22326290,1.18131,393.33069,1
1506454226,22326286,1.18131,432.42672,1
1506454225,22326281,1.18131,135.61530,1
1506454221,22326265,1.18132,139.63000,0
1506454221,22326261,1.18131,110.78737,1
1506454220,22326259,1.18132,100.55000,0
1506454219,22326245,1.18132,98.81000,0
1506454217,22326226,1.18131,327.86264,1
1506454216,22326218,1.18131,197.16834,1
1506454211,22326184,1.18131,299.16002,1
1506454210,22326180,1.18132,493.63176,1
1506454210,22326177,1.18132,1236.10336,1
1506454207,22326150,1.18133,119.60786,1
1506454207,22326148,1.18133,95.68000,1
1506454206,22326139,1.18133,413.50531,1
1506454205,22326128,1.18132,210.16000,1
1506454201,22326087,1.18132,58.39429,1
1506454198,22326059,1.18133,334.80311,1
1506454197,22326047,1.18131,761.97000,1
1506454196,22326029,1.18132,411.81414,1
1506454196,22326025,1.18133,5.24834,1
1506454196,22326022,1.18133,406.89337,1
1506454192,22325995,1.18133,282.73216,1
1506454192,22325993,1.18143,7.56784,1
1506454186,22325931,1.18143,296.38257,1
1506454186,22325928,1.18143,37.71054,1
1506454112,22325833,1.18171,557.50701,1
1506454112,22325831,1.18170,67.41299,1
1506454036,22325733,1.18155,28.03000,1
1506454027,22325695,1.18155,43.18999,1
1506453993,22325588,1.18165,38.78701,1
1506453942,22325380,1.18144,120.92299,0
1506453938,22325365,1.18170,159.51000,0
1506453930,22325313,1.18170,159.51243,1
1506453838,22324964,1.18789,103.01000,0
1506453811,22324858,1.18151,199.30000,1
1506453801,22324791,1.18145,76.47383,1
1506453795,22324755,1.18788,655.85514,0
1506453794,22324746,1.18789,298.30343,0
1506453793,22324738,1.18789,295.52258,0
1506453787,22324685,1.18141,264.91508,0
1506453787,22324674,1.18141,39.45407,0
1506453780,22324639,1.18145,5.23381,1
1506453779,22324627,1.18144,210.56489,1
1506453776,22324599,1.18144,585.15555,1
1506453774,22324588,1.18144,208.18636,1
1506453773,22324582,1.18143,112.67469,1
1506453771,22324559,1.18227,207.41237,1
1506453768,22324539,1.18226,326.64252,1
1506453768,22324528,1.18226,206.41725,1
1506453766,22324515,1.18225,13.06982,1
1506453763,22324493,1.18225,37.88325,1
1506453763,22324491,1.18233,0.57800,1
1506453762,22324487,1.18233,115.02200,1
1506453760,22324469,1.18790,20.00000,0
1506453759,22324465,1.18790,9.97725,0
1506453759,22324461,1.18789,10.00000,0
1506453758,22324454,1.18232,304.88361,1
1506453757,22324444,1.18789,19.90000,0
1506453579,22323975,1.18789,49.95349,0
1506453100,22323251,1.18226,15.86687,0
1506453097,22323246,1.18223,50.08805,0
1506453087,22323236,1.18789,79.82769,0
1506453000,22323153,1.18226,15.87599,1
1506452998,22323150,1.18225,83.78082,1
1506452588,22322094,1.18791,75.14000,0
1506452587,22322090,1.18791,1376.07962,0
1506452587,22322088,1.18790,80.00000,0
1506452587,22322087,1.18740,0.01038,0
1506452586,22322083,1.18740,6.77791,0
1506452586,22322081,1.18720,0.26487,0
1506452586,22322080,1.18720,0.76868,0
1506452586,22322078,1.18720,1.29282,0
1506452586,22322073,1.18705,0.91649,0
1506452279,22321497,1.18705,747.90648,0
1506452210,22321460,1.18704,160.00000,0
1506451741,22321096,1.18705,251.17703,0
1506451740,22321095,1.18705,20.65937,0
1506451740,22321094,1.18704,320.00000,0
1506451721,22321078,1.18120,594.08238,1
1506451425,22320875,1.18705,8.70302,0
1506451349,22320855,1.18107,6.00000,0
1506450525,22320362,1.18103,50.00000,1
1506449704,22319824,1.18705,322.32000,0
1506449700,22319809,1.18705,121.77701,0
1506449697,22319806,1.18705,121.77701,0
1506449696,22319799,1.18705,843.92000,0
1506449691,22319786,1.18705,376.89000,0
1506449690,22319779,1.18705,674.05079,0
1506449685,22319758,1.18705,188.27000,0
1506449611,22319662,1.18705,1321.63280,0
1506449611,22319661,1.18691,447.70275,0
1506449611,22319660,1.18591,1632.01382,0
1506449591,22319621,1.18591,1229.72609,0
1506449581,22319592,1.18591,486.91925,0
1506449499,22319405,1.18591,4.97010,0
1506449497,22319399,1.18591,215.65226,0
1506449494,22319395,1.18591,215.64873,0
1506449494,22319392,1.18591,215.06975,0
1506449494,22319388,1.18505,0.58252,0
1506448636,22318765,1.18505,468.65675,0
1506448632,22318757,1.18505,159.93768,0
1506448627,22318741,1.18505,159.93768,0
1506448407,22318655,1.18505,1116.38094,0
1506448274,22318541,1.18505,46.24000,0
1506448125,22318466,1.18505,353.53100,0
1506448122,22318459,1.18505,356.20703,0
1506448120,22318456,1.18505,133.96751,0
1506448117,22318453,1.18505,252.82000,0
1506448116,22318452,1.18505,243.56886,0
1506448110,22318443,1.18505,158.38003,0
1506448042,22318397,1.18505,183.45000,0
1506448041,22318396,1.18505,366.34000,0
1506448030,22318375,1.18500,0.80000,0
1506448029,22318373,1.18500,546.91042,0
1506448002,22318352,1.18500,452.28958,0
1506448001,22318351,1.18500,302.22042,0
1506447986,22318335,1.18500,351.82958,0
1506447986,22318333,1.18500,79.79066,0
1506447983,22318321,1.18500,187.99505,0
1506447983,22318320,1.18500,189.37841,0
1506447982,22318318,1.18500,41.91654,0
1506447978,22318310,1.18500,146.04218,0
1506447977,22318306,1.18500,635.93104,0
1506447976,22318304,1.18500,823.88976,0
1506447976,22318303,1.18500,361.67920,0
1506447960,22318268,1.18500,46.30396,0
1506447956,22318247,1.18500,463.02000,0
1506447955,22318244,1.18500,397.87586,0
1506447954,22318236,1.18500,326.88006,0
1506447952,22318230,1.18500,46.30086,0
1506447950,22318224,1.18500,46.30086,0
1506447946,22318218,1.18500,92.60492,0
1506447943,22318207,1.18500,46.25000,0
1506447943,22318204,1.18500,46.30406,0
1506447934,22318200,1.18500,71.40396,0
1506447934,22318198,1.18500,123.31333,0
1506447929,22318194,1.18500,367.19955,0
1506447929,22318193,1.18500,365.08257,0
1506447929,22318191,1.18500,484.71788,0
1506447920,22318187,1.18500,294.50000,0
1506447861,22318161,1.18500,300.46000,0
1506447858,22318155,1.18500,296.80839,0
1506447858,22318153,1.18500,100.72956,0
1506447857,22318146,1.18500,168.40054,0
1506447856,22318145,1.18500,1375.72882,0
1506447856,22318144,1.18500,5.71145,0
1506447855,22318141,1.18500,126.61919,0
1506447850,22318133,1.18500,4.96549,0
1506447843,22318127,1.18500,126.64059,0
1506447843,22318125,1.18500,270.49271,0
1506447842,22318122,1.18500,947.22654,0
1506447842,22318121,1.18500,196.24999,0
1506447842,22318120,1.18500,1684.33051,0
1506447842,22318119,1.18500,152.71296,0
1506447840,22318118,1.18500,172.89704,0
1506447840,22318116,1.18500,264.97296,0
1506447839,22318112,1.18500,49.38704,0
1506447839,22318109,1.18500,96.26000,0
1506447839,22318108,1.18500,79.14994,0
1506447827,22318091,1.18500,277.54825,0
1506447825,22318084,1.18500,5.66058,0
1506447825,22318082,1.18500,322.23123,0
1506447824,22318080,1.18500,775.26000,0
1506447824,22318078,1.18500,309.96163,0
1506447824,22318076,1.18500,258.27714,0
1506447822,22318071,1.18500,50.81000,0
1506447820,22318067,1.18500,55.93000,0
1506447817,22318058,1.18500,389.02000,0
1506447817,22318057,1.18500,423.85000,0
1506447816,22318053,1.18500,437.72000,0
1506447813,22318047,1.18500,63.02846,0
1506447813,22318044,1.18500,147.65000,0
1506447813,22318042,1.18500,185.47415,0
1506447811,22318038,1.18500,141.90585,0
1506447810,22318036,1.18500,474.98000,0
1506447810,22318035,1.18500,363.15415,0
1506447808,22318025,1.18500,55.96309,0
1506447808,22318023,1.18500,346.32276,0
1506447807,22318021,1.18500,765.46000,0
1506447807,22318018,1.18500,506.10170,0
1506447807,22318015,1.18500,199.60554,0
1506447805,22318011,1.18500,102.77636,0
1506447804,22318008,1.18500,55.96309,0
1506447804,22318001,1.18500,403.79501,0
1506447804,22318000,1.18500,568.35684,0
1506447766,22317979,1.18500,517.75833,0
1506447765,22317978,1.18500,56.82482,0
1506447765,22317976,1.18500,50.13126,0
1506447753,22317966,1.18500,670.95126,0
1506447753,22317965,1.18500,975.82248,0
1506447753,22317964,1.18500,759.07000,0
1506447753,22317963,1.18500,847.19879,0
1506447742,22317947,1.18500,470.58481,0
1506447709,22317941,1.18500,578.24800,0
1506447709,22317939,1.18500,230.07200,0
1506447707,22317928,1.18500,367.05800,0
1506447707,22317926,1.18500,224.45200,0
1506447703,22317909,1.18500,1328.08000,0
1506447700,22317907,1.18500,92.88799,0
1506447700,22317906,1.18500,4.46201,0
1506447688,22317895,1.18500,280.20799,0
1506447688,22317894,1.18500,752.74000,0
1506447688,22317893,1.18500,82.23000,0
1506447687,22317891,1.18500,212.72201,0
1506447685,22317886,1.18500,86.45000,0
1506447629,22317838,1.18500,44.47256,0
1506447558,22317751,1.18500,403.52543,0
1506447558,22317750,1.18500,747.17000,0
1506447558,22317749,1.18500,209.09429,0
1506447557,22317748,1.18500,199.82000,0
1506447557,22317747,1.18500,3033.18304,0
1506447557,22317746,1.18500,1197.55532,0
1506447554,22317742,1.18500,1791.59492,0
1506447553,22317737,1.18500,670.26213,0
1506447551,22317727,1.18500,1832.52867,0
1506447550,22317723,1.18500,820.36000,0
1506447534,22317704,1.18500,149.92608,0
1506447521,22317673,1.18500,856.59762,0
1506447520,22317671,1.18500,0.64245,0
1506447520,22317670,1.18500,134.31993,0
1506447519,22317655,1.18500,286.94971,0
1506447518,22317653,1.18500,168.14807,0
1506447515,22317642,1.18500,421.96469,0
1506447514,22317641,1.18500,1096.63641,0
1506447514,22317639,1.18500,1686.74917,0
1506447514,22317637,1.18500,274.96836,0
1506447514,22317635,1.18500,574.75986,0
1506447513,22317632,1.18500,369.98864,0
1506447513,22317629,1.18500,992.40705,0
1506447509,22317614,1.18500,243.11391,0
1506447508,22317612,1.18500,457.33641,0
1506447501,22317585,1.18500,1357.71307,0
1506447500,22317582,1.18500,944.98020,0
1506447490,22317558,1.18499,1289.44593,0
1506447481,22317525,1.18499,1375.47151,0
1506447479,22317516,1.18499,2664.91744,0
1506447478,22317514,1.18499,474.28106,0
1506447470,22317492,1.18499,638.27542,0
1506447464,22317485,1.18499,218.86000,0
1506447464,22317480,1.18499,731.27197,0
1506447462,22317466,1.18499,5526.79025,0
1506447461,22317464,1.18499,7751.58815,0
1506447460,22317462,1.18499,498.85935,0
1506447451,22317445,1.18499,2397.22289,0
1506447448,22317441,1.18499,2396.25791,0
1506447442,22317434,1.18499,1120.93000,0
1506447441,22317431,1.18499,1122.39632,0
1506447436,22317412,1.18499,82.89945,0
1506447435,22317408,1.18499,730.30995,0
1506447431,22317389,1.18499,393.91811,0
1506447422,22317364,1.18499,108.17000,0
1506447420,22317362,1.18499,101.27000,0
1506447420,22317361,1.18499,2394.38339,0
1506447419,22317354,1.18499,108.17000,0
1506447417,22317344,1.18499,456.38755,0
1506447416,22317337,1.18499,108.17000,0
1506447414,22317333,1.18499,726.20863,0
1506447412,22317325,1.18499,469.37969,0
1506447409,22317315,1.18499,726.17489,0
1506447391,22317256,1.18499,26.90000,0
1506447370,22317238,1.18499,2392.78301,0
1506447364,22317233,1.18499,2391.54168,0
1506447360,22317230,1.18499,2390.58339,0
1506447357,22317229,1.18499,496.50000,0
1506447351,22317225,1.18499,669.05000,0
1506447314,22317213,1.18499,860.33000,0
1506447303,22317199,1.18499,496.37548,0
1506447286,22317193,1.18499,243.30000,0
1506447255,22317171,1.18499,1552.40000,0
1506447247,22317166,1.18499,79.81501,0
1506447224,22317148,1.18499,153.33000,0
1506447200,22317142,1.18499,162.86212,0
1506447166,22317101,1.18499,153.35000,0
1506447114,22317086,1.18499,67.23953,0
1506447100,22317081,1.18499,454.55235,0
1506447090,22317058,1.18499,454.38357,0
1506446988,22317006,1.18499,790.51000,0
1506446987,22317004,1.18499,790.51000,0
1506446987,22317001,1.18475,2586.45681,0
1506446986,22316998,1.18475,481.30777,0
1506446984,22316985,1.18475,495.80079,0
1506446983,22316982,1.18475,790.51000,0
1506446983,22316981,1.18475,494.41653,0
1506446980,22316968,1.18475,145.72779,0
1506446976,22316957,1.18475,5.78031,0
1506446976,22316956,1.18475,488.25639,0
1506446964,22316913,1.18475,3411.61916,0
1506446962,22316884,1.18475,308.84273,0
1506446961,22316881,1.18475,121.15827,0
1506446956,22316825,1.18475,670.12345,0
1506446951,22316787,1.18474,2695.29531,0
1506446951,22316785,1.18474,918.69068,0
1506446950,22316780,1.18474,1556.26000,0
1506446934,22316755,1.18473,40.00000,0
1506446917,22316741,1.18473,89.89354,0
1506446902,22316725,1.17930,14.68137,0
1506446902,22316724,1.18401,35.31863,1
1506446877,22316702,1.18474,251.94066,0
1506446654,22316594,1.18474,600.48482,0
1506446654,22316592,1.18474,72.06643,0
1506446653,22316588,1.18474,794.49497,0
1506446445,22316488,1.18474,486.40207,0
1506446262,22316388,1.18474,122.88233,0
1506446039,22316308,1.18474,243.80000,0
1506446037,22316306,1.18474,36.58157,0
1506446020,22316297,1.18474,1243.10116,0
1506446019,22316296,1.18399,35.37231,0
1506446018,22316294,1.18399,917.21175,0
1506445993,22316278,1.18399,47.41594,0
1506445910,22316222,1.18399,111.19349,0
1506445908,22316219,1.18399,321.50545,0
1506445821,22316176,1.18399,83.84237,0
1506445791,22316156,1.18399,734.97000,0
1506445788,22316150,1.18399,1215.00000,0
1506445780,22316132,1.18399,1239.30000,0
1506445769,22316124,1.18392,165.05162,1
1506445728,22316089,1.18399,48.59000,0
1506445718,22316078,1.18399,300.94000,0
1506445705,22316067,1.18399,364.48000,0
1506445692,22316056,1.18399,83.84692,0
1506445676,22316046,1.18399,420.68000,0
1506445664,22316034,1.18399,42.05536,0
1506445644,22316022,1.18399,464.27338,0
1506445634,22316011,1.18399,420.47000,0
1506445619,22315959,1.18399,24.30000,0
1506445609,22315953,1.18399,24.30000,0
1506445604,22315942,1.18399,46.17347,0
1506445601,22315933,1.18399,46.17347,0
1506445597,22315932,1.18399,26.79682,0
1506445594,22315924,1.18399,46.23134,0
1506445590,22315920,1.18399,3302.90415,0
1506445590,22315917,1.18399,26.79378,0
1506445586,22315913,1.18399,9.69528,0
1506445580,22315902,1.18399,14.62298,0
1506445576,22315893,1.18399,14.62298,0
1506445574,22315890,1.18399,9.69495,0
1506445569,22315882,1.18399,31.63801,0
1506445566,22315876,1.18399,12.16529,0
1506445562,22315869,1.18399,12.16529,0
1506445550,22315846,1.18390,3472.73459,0
1506445530,22315822,1.18390,352.60089,0
1506445493,22315792,1.18390,325.30808,0
1506445434,22315704,1.18390,48.67110,0
1506445425,22315698,1.18390,2390.48349,0
1506445424,22315694,1.18390,64.12000,0
1506445423,22315691,1.18390,4684.23000,0
1506445419,22315683,1.18390,2389.52463,0
1506445383,22315613,1.18390,1060.60235,0
1506445379,22315604,1.18390,2388.39692,0
1506445124,22315410,1.18390,1637.72400,0
1506444971,22315256,1.18390,242.80000,0
1506444935,22315181,1.18390,2309.19115,0
1506444935,22315179,1.18390,38.79137,0
1506444930,22315167,1.18390,243.02070,0
1506444915,22315127,1.18390,605.48000,0
1506444905,22315120,1.18390,605.48000,0
1506444902,22315108,1.18390,1904.64000,0
1506444892,22315101,1.18390,1904.66000,0
1506444881,22315081,1.18390,1904.51000,0
1506444875,22315078,1.18390,339.55148,0
1506444871,22315075,1.18390,261.94000,0
1506444867,22315070,1.18390,425.17000,0
1506444862,22315067,1.18390,119.27861,0
1506444860,22315065,1.18390,119.27861,0
1506444847,22315053,1.18390,140.82000,0
1506444837,22315045,1.18390,25.31000,0
1506444818,22315028,1.18390,412.77000,0
1506444806,22315015,1.18390,282.28000,0
1506444796,22314990,1.18390,97.11000,0
1506444781,22314981,1.18390,761.38000,0
1506444762,22314967,1.18390,714.69000,0
1506444748,22314952,1.18390,1476.20000,0
1506444723,22314930,1.18399,752.26000,0
1506444641,22314876,1.18399,323.20000,0
1506444565,22314844,1.18399,1304.25000,0
1506444564,22314842,1.18399,915.23450,0
1506444564,22314840,1.18399,1997.28000,0
1506444562,22314833,1.18399,914.32327,0
1506444562,22314830,1.18399,2126.40000,0
1506444560,22314825,1.18399,722.21000,0
1506444559,22314821,1.18399,2255.29000,0
1506444556,22314809,1.18399,133.04928,0
1506444553,22314802,1.18399,735.42000,0
1506444553,22314801,1.18399,150.10000,0
1506444552,22314797,1.18399,149.84491,0
1506444551,22314794,1.18399,4386.65200,0
1506444551,22314793,1.18398,150.00000,0
1506444549,22314781,1.18398,309.99000,0
1506444525,22314750,1.17929,486.00000,1
1506444397,22314679,1.18399,989.59000,0
1506444395,22314674,1.18399,906.97000,0
1506444394,22314669,1.18399,989.29000,0
1506444391,22314661,1.18399,988.98000,0
1506444390,22314656,1.18399,906.67000,0
1506444389,22314653,1.18399,988.66000,0
1506444385,22314647,1.18399,988.35000,0
1506444382,22314645,1.18399,131.55960,0
1506444379,22314638,1.18399,643.25267,0
1506444379,22314636,1.18399,131.55117,0
1506444377,22314630,1.18399,131.55369,0
1506444377,22314627,1.18399,774.56883,0
1506444376,22314621,1.18399,856.45295,0
1506444375,22314620,1.18399,131.54526,0
1506444372,22314613,1.18399,856.15474,0
1506444372,22314612,1.18399,131.53942,0
1506444372,22314611,1.18399,905.81000,0
1506444369,22314602,1.18399,131.53209,0
1506444369,22314600,1.18399,905.52058,0
1506444367,22314592,1.18399,131.53718,0
1506444367,22314591,1.18399,724.31791,0
1506444366,22314582,1.18399,724.04000,0
1506444365,22314580,1.18399,1036.71592,0
1506444365,22314578,1.18399,131.53718,0
1506444363,22314570,1.18399,131.53004,0
1506444362,22314568,1.18399,1167.87282,0
1506444361,22314564,1.18399,460.72996,0
1506444361,22314563,1.18399,131.53011,0
1506444359,22314558,1.18399,460.55000,0
1506444359,22314556,1.18399,1298.99716,0
1506444359,22314554,1.18399,131.53012,0
1506444356,22314546,1.18399,131.52270,0
1506444356,22314543,1.18399,1430.06988,0
1506444354,22314540,1.18399,197.35730,0
1506444354,22314538,1.18399,131.51372,0
1506444352,22314534,1.18399,1429.59628,0
1506444351,22314532,1.18399,131.50642,0
1506444323,22314506,1.17933,60.00000,1
1506444255,22314412,1.18399,208.99475,0
1506444253,22314404,1.18399,208.91710,0
1506444252,22314402,1.18399,251.22192,0
1506444251,22314399,1.18399,208.91709,0
1506444250,22314395,1.18399,1126.52000,0
1506444248,22314389,1.18399,890.22000,0
1506444246,22314382,1.18399,1126.15000,0
1506444245,22314376,1.18399,889.93000,0
1506444243,22314371,1.18399,1125.79000,0
1506444242,22314368,1.18399,236.55173,0
1506444242,22314366,1.18399,208.91655,0
1506444241,22314362,1.18399,444.17173,0
1506444240,22314359,1.18399,445.32387,0
1506444240,22314356,1.18399,232.38042,0
1506444239,22314352,1.18399,893.05982,0
1506444238,22314346,1.18399,227.10495,0
1506444238,22314343,1.18399,425.78062,0
1506444237,22314338,1.18399,232.38886,0
1506444235,22314331,1.18399,1550.72000,0
1506444223,22314318,1.18399,1348.53000,0
1506444222,22314313,1.18399,641.52000,0
1506444220,22314308,1.18399,1549.54856,0
1506444217,22314304,1.18398,201.46311,0
1506444215,22314300,1.18398,232.25000,0
1506444215,22314299,1.18398,232.18153,0
1506444214,22314297,1.18398,207.66171,0
1506444213,22314294,1.18399,232.18152,0
1506444212,22314291,1.18399,439.71233,0
1506444211,22314287,1.18399,243.51000,0
1506444211,22314284,1.18399,232.18798,0
1506444210,22314283,1.18399,568.51654,0
1506444209,22314275,1.18400,991.48346,0
1506444197,22314264,1.18400,671.68000,0
1506444196,22314259,1.18400,1316.27000,0
1506444194,22314250,1.18400,671.45000,0
1506444192,22314240,1.18400,1315.86000,0
1506444191,22314229,1.18400,671.24000,0
1506444189,22314224,1.18400,1315.43000,0
1506444187,22314221,1.18400,671.03000,0
1506444186,22314215,1.18400,1315.01000,0
1506444183,22314206,1.18400,670.81000,0
1506444183,22314201,1.18400,1082.42789,0
1506444182,22314197,1.18400,232.17514,0
1506444180,22314192,1.18400,1314.18000,0
1506444179,22314188,1.18400,596.77914,0
1506444178,22314186,1.18400,670.59000,0
1506444177,22314181,1.18400,1313.76000,0
1506444176,22314178,1.18400,70.44000,0
1506444175,22314172,1.18400,670.38000,0
1506444175,22314170,1.18400,331.02257,0
1506444175,22314168,1.18400,258.28000,0
1506444174,22314163,1.18400,428.36000,0
1506444172,22314155,1.18400,111.06953,0
1506444172,22314152,1.18400,670.18000,0
1506444171,22314151,1.18400,189.25159,0
1506444170,22314149,1.18400,299.59254,0
1506444168,22314141,1.18400,299.58064,0
1506444167,22314139,1.18400,299.58414,0
1506444165,22314136,1.18400,298.83505,0
1506444164,22314131,1.18400,106.94120,0
1506444163,22314129,1.18400,427.49000,0
1506444163,22314126,1.18400,299.55569,0
1506444162,22314121,1.18400,299.54550,0
1506444161,22314119,1.18400,301.66680,0
1506444159,22314116,1.18400,817.05000,0
1506444159,22314114,1.18400,428.21789,0
1506444158,22314105,1.18400,600.94748,0
1506444157,22314102,1.18400,427.33000,0
1506444156,22314097,1.18400,817.05000,0
1506444155,22314091,1.18400,660.19000,0
1506444155,22314090,1.18400,271.78573,0
1506444154,22314088,1.18400,660.19905,0
1506444152,22314080,1.18400,931.69000,0
1506444151,22314078,1.18400,271.18527,0
1506444151,22314076,1.18400,660.20830,0
1506444150,22314072,1.18400,931.40000,0
1506444143,22314065,1.18400,582.25621,0
1506444143,22314063,1.18400,729.14379,0
1506444142,22314056,1.18400,426.16000,0
1506444140,22314052,1.18400,57.61282,0
1506444140,22314050,1.18400,1253.31718,0
1506444086,22314015,1.18400,172.90000,0
1506444048,22313982,1.18400,1212.92230,0
1506443936,22313900,1.18400,337.96000,0
1506443934,22313897,1.18400,337.96000,0
1506443910,22313865,1.18400,273.46000,0
1506443900,22313853,1.18400,619.68000,0
1506443893,22313846,1.18400,628.51000,0
1506443890,22313838,1.18400,796.94000,0
1506443889,22313836,1.18400,164.00132,0
1506443871,22313807,1.18400,839.35000,0
1506443865,22313795,1.18400,805.65000,0
1506443863,22313790,1.18400,146.45000,0
1506443861,22313786,1.18400,110.14166,0
1506443860,22313781,1.18400,200.88682,0
1506443860,22313775,1.18400,28.60152,0
1506443859,22313771,1.18399,465.99402,0
1506443858,22313768,1.18399,28.60368,0
1506443857,22313762,1.18399,457.46000,0
1506443856,22313750,1.18400,95.70273,0
1506443855,22313743,1.18400,484.35810,0
1506443854,22313735,1.18400,68.83917,0
1506443853,22313733,1.18400,106.40000,0
1506443852,22313725,1.18400,457.15648,0
1506443851,22313723,1.18400,174.76422,0
1506443851,22313722,1.18399,0.00930,0
1506443851,22313719,1.18399,330.67000,0
1506443846,22313702,1.18399,833.73000,0
1506443814,22313648,1.18399,244.08000,0
1506443810,22313644,1.18399,242.57000,0
1506443725,22313556,1.18400,167.56000,0
1506443506,22313199,1.18398,515.07125,1
1506443478,22313116,1.18399,643.36000,0
1506443361,22312980,1.18398,94.24000,1
1506443356,22312975,1.18398,88.04029,1
1506443312,22312925,1.18398,200.00000,0
1506443312,22312924,1.18396,15.81365,0
1506443311,22312921,1.18396,1647.97797,0
1506443311,22312920,1.18396,60.82975,0
1506443310,22312916,1.18396,303.04233,0
1506443309,22312910,1.18396,2017.16329,0
1506443309,22312905,1.18396,912.25394,0
1506443307,22312899,1.18396,251.18595,0
1506443307,22312897,1.18396,1395.24405,0
1506443307,22312896,1.18396,911.34269,0
1506443306,22312892,1.18396,1607.91737,0
1506443306,22312891,1.18396,38.49263,0
1506443306,22312889,1.18396,768.34101,0
1506443305,22312886,1.18396,406.77469,0
1506443017,22312654,1.18396,299.57935,0
1506443012,22312644,1.18396,244.02000,0
1506442994,22312626,1.18396,36.07000,0
1506442957,22312567,1.18396,347.84958,0
1506442950,22312562,1.18396,24.96705,0
1506442923,22312535,1.18396,24.96705,0
1506442838,22312501,1.18396,835.34000,0
1506442838,22312498,1.18396,835.33864,0
1506442689,22312393,1.18396,263.84000,0
1506442685,22312388,1.18396,631.69000,0
1506442299,22312037,1.18395,51.69341,0
1506442294,22312029,1.18395,56.02631,0
1506442277,22312002,1.18395,224.02000,0
1506442274,22311989,1.18395,108.99055,0
1506442274,22311988,1.17926,381.73945,0
1506442273,22311985,1.17927,367.25996,1
1506442271,22311974,1.18395,52.53796,0
1506442264,22311948,1.18396,242.73000,0
1506442049,22311767,1.18399,1085.49589,0
1506442048,22311766,1.18399,169.63411,0
1506442002,22311727,1.17908,77.12591,1
1506441988,22311706,1.18399,411.03207,0
1506441988,22311705,1.18398,367.25996,0
1506441917,22311670,1.18398,44.13000,0
1506441915,22311669,1.18398,94.39000,0
1506441914,22311666,1.18398,217.02000,0
1506441913,22311665,1.18398,217.02000,0
1506441900,22311656,1.18398,56.06512,0
1506441889,22311643,1.18398,1218.77000,0
1506441880,22311638,1.18398,430.60000,0
1506441879,22311637,1.18398,645.78000,1
1506441879,22311636,1.18398,316.52445,1
1506441863,22311610,1.18398,1218.60000,0
1506441848,22311587,1.18398,113.57047,0
1506441837,22311578,1.18398,60.27000,0
1506441823,22311564,1.18399,60.34729,0
1506441815,22311554,1.18399,1601.01173,0
1506441811,22311546,1.18399,524.16000,0
1506441809,22311539,1.18399,492.41213,0
1506441786,22311484,1.18399,56.05352,0
1506441785,22311481,1.18399,203.69333,0
1506441745,22311411,1.18399,56.11533,0
1506441745,22311406,1.18399,51.81249,0
1506441743,22311398,1.18399,67.24718,0
1506441702,22311352,1.18399,268.89535,0
1506441624,22311188,1.18399,56.12000,0
1506441616,22311180,1.18399,526.16000,0
1506441609,22311173,1.18399,225.31644,0
1506441560,22311079,1.18398,215.37985,1
1506441558,22311071,1.18399,229.98903,0
1506441558,22311070,1.18399,539.23097,0
1506441549,22311050,1.18399,244.52645,0
1506441548,22311048,1.18399,767.65000,0
1506441545,22311041,1.18399,317.92000,0
1506441543,22311038,1.18399,244.29557,0
1506441537,22311024,1.18398,449.55555,0
1506441537,22311023,1.18398,316.53000,0
1506441531,22311011,1.18398,1082.54000,0
1506441517,22310990,1.18397,79.79655,0
1506441499,22310942,1.18398,814.39756,0
1506441496,22310931,1.18398,813.52499,0
1506441494,22310926,1.18398,190.42524,0
1506441491,22310907,1.18398,464.92416,0
1506441487,22310897,1.18398,56.15685,0
1506441485,22310886,1.18398,811.94565,0
1506441481,22310873,1.18397,56.15733,0
1506441390,22310779,1.18398,67.21396,0
1506441360,22310761,1.18398,56.17000,0
1506441325,22310737,1.18399,90.55000,0
1506441324,22310735,1.18398,85.68000,0
1506441324,22310733,1.18398,244.32000,0
1506441309,22310717,1.18398,124.21000,0
1506441308,22310715,1.18398,334.14000,0
1506441308,22310714,1.18398,435.86000,0
1506441304,22310708,1.18398,244.21000,0
1506441257,22310677,1.18398,56.16000,0
1506441255,22310673,1.18397,168.50000,0
1506441253,22310668,1.18398,168.75000,0
1506441237,22310659,1.18398,65.94000,0
1506441233,22310652,1.18398,67.39000,0
1506441219,22310640,1.18398,92.52685,0
1506441191,22310613,1.18398,948.90158,0
1506441186,22310596,1.18381,376.15854,1
1506441186,22310595,1.18385,609.00968,1
1506441186,22310593,1.18397,652.67690,1
1506441183,22310581,1.18381,1185.59602,0
1506441050,22310499,1.18397,57.19245,0
1506441047,22310491,1.18398,228.01000,0
1506441040,22310485,1.18399,125.74086,0
1506441036,22310476,1.18400,902.73764,0
1506441034,22310467,1.18400,1185.14557,0
1506441010,22310438,1.18388,56.28000,0
1506441006,22310427,1.18391,56.28662,0
1506440867,22310220,1.18427,56.37786,0
1506440811,22310061,1.18435,54.07443,0
1506440390,22309576,1.18467,1322.15218,0
1506439555,22309012,1.17900,50.00000,1
1506439089,22308723,1.17901,768.94999,1
1506438993,22308637,1.17901,498.49000,1
1506438701,22308361,1.17901,57.42305,1
1506438701,22308360,1.17902,90.00000,1
1506438644,22308294,1.17901,1.19418,1
1506438644,22308293,1.17902,180.00000,1
1506438544,22308225,1.17905,100.00000,0
1506438524,22308204,1.17901,2990.11742,1
1506438379,22308108,1.17906,56.69771,0
1506438290,22307978,1.17902,359.70243,1
1506438108,22307781,1.18005,0.00591,1
1506438097,22307761,1.18005,306.19889,1
1506438061,22307710,1.18005,233.81000,1
1506437661,22307157,1.18005,1089.40554,1
1506437661,22307156,1.18006,540.00000,1
1506437220,22306682,1.18006,307.75133,1
1506436787,22306272,1.18005,3370.57966,1
1506436786,22306271,1.18005,2554.61034,1
1506436786,22306270,1.18006,1580.00000,1
1506436778,22306264,1.18006,19.00000,1
1506436742,22306240,1.18005,2445.38966,1
1506436257,22305926,1.18200,636.51000,0
1506435783,22305623,1.18200,939.66000,0
1506435782,22305614,1.18200,1797.83000,0
1506435772,22305612,1.18200,217.36000,0
1506434884,22305029,1.18300,1827.32030,0
1506434878,22305025,1.18300,4234.40103,0
1506434872,22305011,1.18300,1576.96000,0
1506434810,22304981,1.18300,1117.58028,0
1506434807,22304973,1.18300,1681.47000,0
1506434807,22304970,1.18300,1320.39017,0
1506434805,22304961,1.18300,2137.07000,0
1506434805,22304960,1.18300,4516.32380,0
1506434556,22304796,1.18382,98.35046,1
1506434555,22304795,1.18382,28.38954,1
1506434529,22304781,1.18382,65.89000,1
1506434349,22304616,1.18382,0.46910,1
1506434349,22304615,1.18383,31.77000,1
1506434349,22304614,1.18383,236.32000,1
1506434269,22304525,1.18490,29.78399,0
1506434267,22304519,1.18490,1023.92000,0
1506434264,22304512,1.18490,1585.31000,0
1506434264,22304510,1.18490,29.75257,0
1506434262,22304505,1.18490,177.06046,0
1506434262,22304503,1.18489,467.96163,0
1506434218,22304403,1.18489,67.38000,0
1506434197,22304337,1.18489,61.25000,0
1506434094,22304227,1.18395,442.65964,0
1506434080,22304195,1.18395,1993.08616,0
1506434043,22304117,1.18395,390.15000,0
1506434043,22304116,1.18395,29.74066,0
1506434043,22304113,1.18395,546.17333,0
1506434042,22304111,1.18395,1598.19021,0
1506434042,22304110,1.18395,5000.00000,0
1506434042,22304108,1.18395,3442.64834,0
1506434040,22304103,1.18395,1225.00000,0
1506434039,22304100,1.18395,9.82437,0
1506434036,22304093,1.18395,9.82639,0
1506434033,22304084,1.18395,312.70090,0
1506434033,22304083,1.18395,814.71264,0
1506434031,22304067,1.18395,353.65023,0
1506434029,22304059,1.18395,1126.85411,0
1506434027,22304054,1.18395,299.57517,0
1506434025,22304047,1.18391,1.20276,0
1506434024,22304046,1.18391,831.10843,0
1506434021,22304026,1.18391,26.20000,0
1506434020,22304017,1.18391,2959.53917,0
1506434019,22304015,1.18389,500.00000,0
1506434019,22304013,1.18389,1500.00000,0
1506434019,22304012,1.18387,64.36702,0
1506434019,22304010,1.18380,5000.00000,0
1506433973,22303963,1.18387,819.33128,0
1506433972,22303962,1.18386,64.34872,0
1506433972,22303960,1.18386,0.01000,0
1506433972,22303958,1.18386,679.99000,0
1506433941,22303908,1.18387,106.45439,0
1506433937,22303898,1.18387,9.84731,0
1506433910,22303877,1.18385,235.75000,0
1506433684,22303714,1.18386,84.08174,0
1506433635,22303667,1.18385,67.39049,0
1506433615,22303608,1.18385,65.05000,0
1506433464,22303448,1.17832,56.79000,0
1506433393,22303372,1.17993,82.48000,0
1506432994,22303100,1.17995,82.18470,1
1506432987,22303092,1.17995,0.61844,1
1506432987,22303091,1.17996,165.52152,1
1506432979,22303072,1.17996,170.82056,1
1506432974,22303049,1.17997,31.11365,1
1506432742,22302878,1.18388,34.76000,0
1506432670,22302844,1.17997,34.76000,1
1506432221,22302483,1.17996,0.32515,1
1506432221,22302482,1.17997,69.09311,1
1506432140,22302393,1.18391,181.94964,0
1506432138,22302388,1.18390,298.08233,0
1506432072,22302342,1.17994,0.42277,0
1506432071,22302339,1.17994,336.75165,0
1506432071,22302337,1.17993,0.41835,0
1506432070,22302334,1.17993,83.25114,0
1506432068,22302330,1.17991,124.75130,0
1506432066,22302326,1.17991,99.60169,0
1506432064,22302323,1.17991,99.50000,0
1506432035,22302306,1.17991,56.84129,0
1506432028,22302301,1.17991,191.83948,0
1506432027,22302297,1.17991,191.33158,0
1506431952,22302229,1.17991,254.76677,0
1506431952,22302228,1.17866,0.08160,0
1506431943,22302211,1.17866,16.23841,0
1506431937,22302192,1.17866,182.17181,0
1506431925,22302180,1.17866,461.35731,0
1506431865,22302118,1.17866,281.19000,0
1506431858,22302105,1.17866,26.46667,0
1506431856,22302098,1.17866,31.54726,0
1506431728,22302001,1.17866,0.94694,0
1506431728,22301999,1.17866,616.86306,0
1506431688,22301869,1.17848,168.47303,1
1506431636,22301809,1.17866,273.00492,0
1506431444,22301733,1.17866,5.44614,0
1506431430,22301722,1.17866,272.78433,0
1506431375,22301692,1.17866,226.25000,0
1506431146,22301522,1.17866,67.61066,0
1506431146,22301520,1.17866,67.61066,0
1506431138,22301512,1.17866,2962.36413,0
1506431132,22301510,1.17866,19.88101,0
1506431078,22301476,1.17866,128.95912,0
1506430554,22301161,1.17843,360.70496,1
1506430497,22301142,1.17849,363.41845,0
1506430265,22301033,1.17830,0.26487,1
1506430265,22301031,1.17832,373.54777,1
1506430239,22301006,1.17832,376.52543,1
1506430132,22300947,1.17842,0.32348,0
1506430131,22300945,1.17844,379.98733,1
1506430084,22300909,1.17830,0.76868,1
1506430084,22300907,1.17833,383.27805,1
1506430072,22300883,1.17830,1.29282,1
1506430071,22300882,1.17831,594.68384,1
1506430071,22300880,1.17831,405.31616,1
1506430068,22300872,1.17844,0.88782,1
1506430067,22300871,1.17844,795.98051,1
1506430062,22300866,1.17844,203.13167,1
1506430061,22300865,1.17845,386.59941,1
1506430056,22300857,1.17850,0.00224,1
1506430056,22300855,1.17850,629.06000,1
1506430055,22300854,1.17850,11.82704,1
1506430055,22300852,1.17850,11.83544,1
1506430055,22300849,1.17850,347.27528,1
1506430054,22300848,1.17850,6.78829,1
1506430050,22300839,1.17865,998.74696,1
1506429941,22300757,1.17865,1.25304,1
1506429941,22300756,1.17867,607.69851,1
1506429881,22300674,1.17868,80.00000,0
1506429840,22300561,1.17867,392.30149,1
1506429838,22300554,1.17869,37.32084,1
1506429838,22300553,1.17869,962.67916,1
1506429838,22300551,1.17870,300.00000,1
1506429838,22300549,1.17871,40.70000,1
1506429837,22300548,1.17930,6.78369,1
1506429837,22300547,1.17940,6.78311,1
1506429837,22300546,1.17948,4000.00000,1
1506429837,22300545,1.17950,6.78253,1
1506429837,22300544,1.17960,6.78196,1
1506429837,22300543,1.17970,0.05557,1
1506429836,22300539,1.17970,49.81683,1
1506429836,22300534,1.17970,528.74278,1
1506429836,22300529,1.17970,421.38482,1
1506429835,22300523,1.17970,6.78139,1
1506429835,22300521,1.17980,6.78081,1
1506429835,22300518,1.17989,1000.00000,1
1506429835,22300515,1.17989,0.20005,1
1506429834,22300508,1.17989,39.80947,1
1506429834,22300505,1.17989,289.40860,1
1506429833,22300504,1.17989,289.40860,1
1506429833,22300502,1.17989,289.40860,1
1506429833,22300499,1.17989,91.76468,1
1506429832,22300495,1.17990,6.78024,1
1506429832,22300492,1.17991,1000.00000,1
1506429832,22300489,1.17993,42.82287,1
1506429832,22300484,1.17993,340.99000,1
1506429831,22300481,1.17993,329.27926,1
1506429830,22300467,1.17993,286.90787,1
1506429830,22300460,1.17994,487.09614,1
1506429828,22300418,1.17994,272.76320,1
1506429826,22300399,1.17994,240.14066,1
1506429826,22300398,1.17997,212.11662,1
1506429817,22300345,1.17997,399.73779,1
1506429802,22300225,1.17997,388.14559,1
1506429759,22300197,1.18000,6.77966,1
1506429758,22300195,1.18000,654.05000,1
1506429655,22300165,1.18000,267.78571,1
1506429595,22300113,1.18000,189.37841,1
1506429361,22299981,1.18000,823.88976,1
1506429356,22299977,1.18000,823.88976,1
1506429222,22299854,1.18000,1944.92374,1
1506429168,22299811,1.18000,490.51288,1
1506429056,22299667,1.18000,365.08257,1
1506429051,22299657,1.18000,1376.48627,1
1506429048,22299652,1.18000,269.13010,1
1506429048,22299649,1.18000,1375.72882,1
1506428759,22299382,1.18001,234.52003,1
1506428750,22299374,1.18001,227.94999,1
1506428750,22299371,1.18001,227.94999,1
1506428647,22299299,1.18001,121.53352,1
1506428586,22299256,1.18400,1358.63312,0
1506428586,22299254,1.18399,1000.00000,0
1506428581,22299239,1.18398,191.78818,0
1506428580,22299229,1.18398,329.52628,0
1506428558,22299209,1.18000,263.93672,1
1506428264,22298984,1.18000,1217.71925,1
1506428262,22298976,1.18000,196.24999,1
1506428259,22298963,1.18000,1684.33051,1
1506428165,22298912,1.18000,325.61000,1
1506428153,22298897,1.18000,314.36000,1
1506428151,22298893,1.18000,96.26000,1
1506428002,22298815,1.18000,684.59000,1
1506427999,22298810,1.18000,775.26000,1
1506427990,22298802,1.18000,309.96163,1
1506427988,22298796,1.18000,1678.63560,1
1506427971,22298775,1.18000,147.65000,1
1506427969,22298773,1.18000,327.38000,1
1506427961,22298770,1.18000,474.98000,1
1506427956,22298766,1.18000,765.44000,1
1506427953,22298762,1.18000,765.46000,1
1506427948,22298757,1.18000,506.10170,1
1506427946,22298746,1.18000,762.14000,1
1506427945,22298743,1.18000,1086.11517,1
1506427944,22298740,1.18000,56.82482,1
1506427941,22298733,1.18000,1696.90500,1
1506427935,22298723,1.18000,759.07000,1
1506427927,22298714,1.18000,1896.03160,1
1506427924,22298711,1.18000,597.13000,1
1506427923,22298708,1.18000,1645.41999,1
1506427916,22298704,1.18000,284.67000,1
1506427912,22298700,1.18000,752.74000,1
1506427910,22298696,1.18000,82.23000,1
1506427906,22298693,1.18000,747.17000,1
1506427903,22298687,1.18000,747.17000,1
1506427896,22298672,1.18000,209.09429,1
1506427888,22298658,1.18000,199.82000,1
1506427884,22298649,1.18000,3033.18304,1
1506427859,22298624,1.18000,3659.41237,1
1506427854,22298616,1.18000,3659.41237,1
1506427847,22298608,1.18000,0.64245,1
1506427846,22298606,1.18001,149.71137,1
1506427780,22298508,1.18001,179.27000,1
1506427741,22298448,1.18001,56.99000,1
1506427740,22298447,1.18001,179.31000,1
1506427738,22298443,1.18001,179.31000,1
1506427363,22297875,1.18002,25.51407,1
1506427363,22297874,1.18006,8.98509,1
1506427363,22297872,1.18007,45.50084,1
1506427198,22297548,1.18004,43.04176,0
1506427197,22297542,1.18004,53.37975,0
1506427197,22297537,1.18004,32.89811,0
1506427196,22297530,1.18004,20.38636,0
1506427194,22297525,1.18004,19.98559,0
1506427193,22297522,1.18004,20.52353,0
1506427191,22297515,1.18004,394.56242,0
1506427187,22297506,1.18002,20.46594,1
1506427187,22297501,1.18002,252.46183,1
1506427184,22297484,1.18004,20.46429,1
1506426805,22296947,1.18398,204.65460,0
1506426659,22296828,1.18001,84.56000,1
1506426600,22296775,1.18001,82.55863,1
1506426552,22296702,1.18001,1423.29000,1
1506425740,22296212,1.18006,20.00000,0
1506425740,22296211,1.18006,930.00000,1
1506425541,22296053,1.18400,164.58545,0
1506425528,22296030,1.18400,150.84449,0
1506425368,22295932,1.18009,398.68097,1
1506425220,22295812,1.18489,400.00000,1
1506425220,22295809,1.18489,104.43158,0
1506425220,22295805,1.18489,996.21006,0
1506425219,22295801,1.18488,789.99000,0
1506425178,22295705,1.18208,9.98350,0
1506425178,22295703,1.18203,9.40777,0
1506424667,22295307,1.18001,923.45477,1
1506424444,22295202,1.18001,176.11254,1
1506424443,22295199,1.18001,272.02773,1
1506424124,22295080,1.18001,123.32099,1
1506423914,22294970,1.18000,421.26964,1
1506423908,22294967,1.18000,1686.74917,1
1506423905,22294964,1.18000,1686.74917,1
1506423901,22294963,1.18000,274.96836,1
1506423896,22294961,1.18000,574.75986,1
1506423890,22294956,1.18000,4365.53928,1
1506423890,22294955,1.18000,2.29996,1
1506423883,22294948,1.18000,4.47970,1
1506423883,22294947,1.18001,479.12203,1
1506423883,22294945,1.18001,1274.13666,1
1506423879,22294939,1.18001,4367.83924,1
1506423874,22294933,1.18001,4367.83924,1
1506423871,22294926,1.18001,3499.25714,1
1506423866,22294922,1.18001,3499.25714,1
1506423710,22294857,1.18003,5.53838,0
1506423710,22294855,1.18001,233.58777,1
1506423585,22294724,1.18001,3335.33116,1
1506423467,22294626,1.18001,3365.99036,1
1506423460,22294617,1.18005,4000.00000,1
1506423399,22294576,1.18098,447.70275,1
1506423394,22294566,1.18148,662.67048,1
1506423359,22294526,1.18148,1668.66476,1
1506423355,22294523,1.18148,1668.66476,1
1506423276,22294494,1.18205,2341.44358,1
1506423272,22294491,1.18210,1135.75264,1
1506423272,22294490,1.18210,1354.14388,1
1506423269,22294485,1.18210,2749.78654,1
1506423267,22294481,1.18210,883.60999,1
1506423263,22294475,1.18210,12.45959,1
1506423263,22294474,1.18211,3096.43000,1
1506423212,22294446,1.18211,1873.57000,1
1506423134,22294401,1.18211,30.00000,1
1506423132,22294399,1.18212,1470.00000,1
1506422585,22294051,1.18500,264.61000,0
1506422571,22294049,1.18500,232.35000,0
1506422569,22294047,1.18500,265.35000,0
1506422567,22294045,1.18500,197.05000,0
1506422546,22294033,1.18500,260.32000,0
1506422545,22294032,1.18500,260.32000,0
1506422542,22294028,1.18500,260.32000,0
1506422541,22294027,1.18500,260.32000,0
1506422522,22294016,1.18500,256.58000,0
1506422520,22294013,1.18500,256.58000,0
1506422518,22294011,1.18500,256.58000,0
1506422509,22294005,1.18500,252.89000,0
1506422507,22294004,1.18500,252.89000,0
1506422504,22294001,1.18500,252.89000,0
1506422497,22293999,1.18500,249.29000,0
1506422494,22293995,1.18500,249.29000,0
1506422492,22293992,1.18500,249.29000,0
1506422483,22293987,1.18500,245.73000,0
1506422481,22293983,1.18500,245.73000,0
1506422479,22293979,1.18500,245.73000,0
1506422470,22293972,1.18500,242.23000,0
1506422469,22293970,1.18500,242.23000,0
1506422465,22293964,1.18500,242.23000,0
1506422460,22293959,1.18500,86.28000,0
1506422458,22293956,1.18500,237.64000,0
1506422455,22293949,1.18500,237.64000,0
1506422453,22293946,1.18500,237.64000,0
1506422451,22293943,1.18500,237.64000,0
1506422441,22293938,1.18500,233.14000,0
1506422440,22293937,1.18500,233.14000,0
1506422437,22293934,1.18500,233.14000,0
1506422435,22293932,1.18500,233.14000,0
1506422408,22293915,1.18400,485.90370,0
1506422406,22293910,1.18400,115.91000,0
1506422405,22293909,1.18400,115.91000,0
1506422403,22293904,1.18400,102.11147,0
1506422402,22293899,1.18400,16.30969,0
1506422401,22293894,1.18400,50.34000,0
1506422398,22293885,1.18400,16.30969,0
1506422397,22293880,1.18400,1026.28000,0
1506422388,22293873,1.18699,113.20000,0
1506422386,22293868,1.18699,113.20000,0
1506422383,22293864,1.18699,113.20000,0
1506422382,22293863,1.18699,2.54101,0
1506422382,22293862,1.18698,110.65899,0
1506422354,22293809,1.18699,193.26299,0
1506422349,22293797,1.18699,226.27000,0
1506421430,22293004,1.18214,50.00000,1
1506421284,22292831,1.18695,495.92224,0
1506421283,22292829,1.18695,262.18776,0
1506420679,22292351,1.18695,104.11193,0
1506420678,22292350,1.18694,0.05807,0
1506420632,22292315,1.18694,65.84360,0
1506420490,22292175,1.18695,332.34975,0
1506420483,22292154,1.18695,546.08507,0
1506420454,22292106,1.18695,348.83453,0
1506420366,22292043,1.18695,455.65586,0
1506420366,22292042,1.18694,90.00000,0
1506420361,22292031,1.18695,375.36623,0
1506420361,22292029,1.18694,170.00000,0
1506420357,22292009,1.18694,87.01855,0
1506420357,22292005,1.18694,73.74424,0
1506420354,22292001,1.18695,39.15526,0
1506420351,22291996,1.18694,420.79080,0
1506420349,22291987,1.18694,68.77388,0
1506420345,22291980,1.18694,218.90961,0
1506420341,22291970,1.18694,217.27704,0
1506420336,22291952,1.18694,544.17609,0
1506420322,22291937,1.18400,8.65807,0
1506420295,22291916,1.18692,10.42193,1
1506420126,22291805,1.18695,2536.25361,0
1506420126,22291804,1.18695,362.13510,0
1506420126,22291803,1.18695,232.23000,0
1506420126,22291802,1.18695,4754.09000,0
1506420103,22291767,1.18693,526.72492,0
1506420032,22291668,1.18691,266.95790,0
1506420010,22291629,1.18693,5976.69766,0
1506420010,22291628,1.18690,1900.00000,0
1506419984,22291572,1.18695,245.91000,0
1506419983,22291568,1.18693,544.44675,0
1506419981,22291562,1.18500,2764.81731,0
1506419980,22291553,1.18500,543.04970,0
1506419979,22291549,1.18500,256.29682,0
1506419978,22291546,1.18500,1100.11000,0
1506419975,22291539,1.18500,334.06619,0
1506419975,22291536,1.18500,95.86714,0
1506419973,22291529,1.18500,317.92560,0
1506419961,22291513,1.18500,32.51834,0
1506419954,22291499,1.18500,315.29934,0
1506419947,22291487,1.18500,342.18338,0
1506419937,22291466,1.18500,189.45975,0
1506419929,22291443,1.18500,1325.52164,0
1506419928,22291438,1.18500,460.49341,0
1506419927,22291432,1.18500,99.79000,0
1506419925,22291428,1.18500,1325.52502,0
1506419923,22291422,1.18500,7879.27443,0
1506419914,22291409,1.18500,77.92404,0
1506419912,22291406,1.18500,57.08252,0
1506419909,22291388,1.18500,696.84662,0
1506419908,22291385,1.18500,542.77743,0
1506419907,22291382,1.18500,1424.25859,0
1506419903,22291371,1.18500,339.08084,0
1506419902,22291368,1.18500,56.46000,0
1506419902,22291367,1.18500,7.79369,0
1506419885,22291294,1.18500,2443.83552,0
1506419869,22291247,1.18500,7863.16439,0
1506419865,22291221,1.18500,332.35582,0
1506419863,22291213,1.18500,1174.70067,0
1506419856,22291199,1.18500,1170.97890,0
1506419850,22291172,1.18500,669.64556,0
1506419847,22291154,1.18500,71.61042,0
1506419846,22291148,1.18500,75.25878,0
1506419845,22291138,1.18500,128.81856,0
1506419844,22291132,1.18500,2318.82266,0
1506419843,22291127,1.18500,204.06341,0
1506419843,22291122,1.18500,146.80659,0
1506419841,22291115,1.18500,2028.22000,0
1506419839,22291110,1.18500,543.42043,0
1506419837,22291081,1.18500,1573.29000,0
1506419836,22291078,1.18500,185.57945,0
1506419835,22291070,1.18500,76.81011,0
1506419834,22291065,1.18500,543.16937,0
1506419833,22291062,1.18500,76.78480,0
1506419833,22291060,1.18500,28.92000,0
1506419832,22291057,1.18500,6668.65756,0
1506419831,22291051,1.18500,4005.18142,0
1506419830,22291045,1.18500,56.50019,0
1506419829,22291039,1.18500,4059.14000,0
1506419827,22291033,1.18500,4056.63000,0
1506419826,22291028,1.18500,1519.59000,0
1506419825,22291027,1.18500,338.19749,0
1506419824,22291022,1.18500,4053.17000,0
1506419823,22291020,1.18500,497.70038,0
1506419823,22291016,1.18500,159.61180,0
1506419821,22291011,1.18500,159.50210,0
1506419820,22291007,1.18500,159.38395,0
1506419818,22291003,1.18500,159.26580,0
1506419818,22291002,1.18500,56.50601,0
1506419776,22290962,1.18500,106.27549,0
1506419737,22290920,1.18500,472.28210,0
1506419712,22290900,1.18500,377.04640,0
1506419684,22290846,1.18500,313.01240,0
1506419682,22290844,1.18500,312.69961,0
1506419681,22290842,1.18500,51.16000,0
1506419679,22290840,1.18500,264.43094,0
1506419676,22290833,1.18500,51.13000,0
1506419666,22290824,1.18500,36.40000,0
1506419652,22290810,1.18500,36.44726,0
1506419648,22290808,1.18500,36.41082,0
1506419647,22290807,1.18500,34.76183,0
1506419559,22290754,1.18500,500.00000,0
1506419545,22290748,1.18500,541.23167,0
1506419545,22290747,1.18499,1.02734,0
1506419518,22290733,1.18499,957.11045,0
1506419505,22290720,1.18499,41.86221,0
1506419505,22290718,1.18499,5045.97875,0
1506419494,22290708,1.18499,2117.70981,0
1506419490,22290698,1.18499,826.34998,0
1506419483,22290682,1.18499,5082.90431,0
1506419165,22290538,1.18499,100.00000,0
1506419093,22290521,1.18499,49.21000,0
1506419041,22290490,1.18499,1451.60000,0
1506418981,22290460,1.18499,100.22234,0
1506418476,22290171,1.18499,226.02481,0
1506417397,22288918,1.18205,1458.33643,1
1506417096,22288618,1.18205,200.21999,1
1506417012,22288600,1.18210,431.25256,1
1506416670,22288365,1.18497,256.32425,0
1506416415,22287696,1.18497,15.58605,0
1506416180,22284228,1.18210,1326.86228,1
1506415867,22279764,1.18500,272.99820,0
1506415866,22279755,1.18499,1127.14033,1
1506415865,22279737,1.18499,314.74528,0
1506415749,22278044,1.18500,721.56421,0
1506415692,22277176,1.18210,362.13510,1
1506415366,22272411,1.18210,82.23000,1
1506415246,22270665,1.18210,50.00000,1
1506415122,22268991,1.18210,100.00000,1
1506414732,22263464,1.18212,608.50403,0
1506414534,22260627,1.18210,862.54247,1
1506414484,22259934,1.18211,51.25565,0
1506414483,22259931,1.18211,283.63999,0
1506414449,22259460,1.18210,1126.47389,1
1506414446,22259414,1.18210,67.89612,1
1506414441,22259339,1.18210,20.41635,1
1506414437,22259287,1.18211,661.49528,1
1506414435,22259240,1.18212,1843.33241,1
1506414433,22259207,1.18211,523.65999,1
1506414429,22259147,1.18210,20.41635,1
1506414414,22258948,1.18211,67.67560,1
1506414409,22258881,1.18211,949.78324,1
1506414287,22257198,1.18210,211.74781,1
1506414246,22256621,1.18210,276.36147,1
1506414241,22256562,1.18210,345.54933,1
1506414239,22256523,1.18211,276.35999,1
1506414238,22256508,1.18210,276.08531,1
1506414236,22256475,1.18210,240.53999,1
1506414223,22256302,1.18210,832.24212,1
1506414222,22256278,1.18210,741.87028,1
1506414222,22256272,1.18210,432.97971,1
1506414221,22256255,1.18210,133.52191,1
1506414203,22256019,1.18210,156.77419,1
1506414203,22256007,1.18210,43.16550,1
1506414202,22255995,1.18210,255.00999,1
1506414197,22255934,1.18211,253.46956,1
1506414197,22255923,1.18210,54.51999,1
1506414196,22255914,1.18210,254.75948,1
1506414195,22255890,1.18210,253.37311,1
1506414177,22255637,1.18211,791.17735,1
1506414176,22255616,1.18210,229.27908,1
1506414176,22255613,1.18210,77.28460,1
1506414174,22255584,1.18210,871.88213,1
1506414172,22255539,1.18212,296.02983,1
1506414170,22255521,1.18211,659.98664,1
1506414140,22255067,1.18211,345.47453,1
1506413716,22252190,1.18211,59.84215,1
1506413693,22252171,1.18302,731.55146,1
1506413666,22252125,1.18693,1866.53073,0
1506413663,22252122,1.18300,462.92759,0
1506413661,22252113,1.18300,1401.63143,0
1506413657,22252095,1.18300,12.33972,0
1506413653,22252093,1.18300,12.33972,0
1506413633,22252088,1.18300,232.30989,0
1506413627,22252082,1.18300,66.92000,0
1506413625,22252080,1.18300,232.08569,0
1506413624,22252078,1.18300,31.90000,0
1506413621,22252074,1.18300,16.21370,0
1506413619,22252067,1.18300,16.21370,0
1506413617,22252062,1.18300,399.27007,0
1506413616,22252057,1.18300,130.96000,0
1506413614,22252050,1.18300,246.04139,0
1506413613,22252042,1.18300,1238.51000,0
1506413555,22251975,1.18300,500.33710,0
1506413353,22251771,1.18211,194.21205,1
1506413302,22251739,1.18211,1076.29788,1
1506413302,22251738,1.18212,40.00000,1
1506413299,22251735,1.18211,1036.29788,1
1506413299,22251734,1.18212,80.00000,1
1506413293,22251729,1.18211,80.36630,1
1506413289,22251727,1.18211,0.73763,1
1506413289,22251726,1.18212,160.00000,1
1506412913,22251584,1.18213,63.36867,1
1506412912,22251582,1.18212,20.42189,1
1506412908,22251578,1.18212,398.00000,1
1506412870,22251555,1.18212,586.16723,1
1506412820,22251524,1.18212,363.03573,1
1506412594,22251296,1.18208,55.37999,1
1506412588,22251287,1.18207,221.60863,1
1506412557,22251247,1.18206,11.10641,1
1506412557,22251246,1.18207,1910.00000,1
1506412042,22250676,1.18750,32.38736,0
1506412008,22250657,1.18750,164.74000,0
1506411985,22250642,1.18750,981.84000,0
1506411982,22250632,1.18750,582.00000,0
1506411978,22250619,1.18750,187.17277,0
1506411968,22250595,1.18750,299.68097,0
1506411966,22250585,1.18750,163.86729,0
1506411964,22250578,1.18750,298.52369,0
1506411963,22250571,1.18750,39.77429,0
1506411949,22250515,1.18749,1382.00938,0
1506411949,22250513,1.18703,4000.00000,0
1506411949,22250510,1.18648,3651.84142,0
1506411948,22250508,1.18647,998.52742,0
1506411932,22250438,1.18648,20.12365,0
1506411932,22250432,1.18647,2916.31000,0
1506411929,22250424,1.18648,328.03493,0
1506411927,22250411,1.18645,804.92963,1
1506411924,22250396,1.18647,13.69802,0
1506411918,22250370,1.18645,40.00000,1
1506411918,22250368,1.18645,0.89244,0
1506411917,22250366,1.18645,844.92963,0
1506411917,22250363,1.18644,0.05778,0
1506411914,22250347,1.18644,69.94222,0
1506411908,22250329,1.18644,149.84902,0
1506411905,22250319,1.18644,279.99000,0
1506411901,22250292,1.18645,154.17793,0
1506411899,22250287,1.18644,255.66394,0
1506411258,22249945,1.18083,50.00000,1
1506411015,22249812,1.18642,1464.64602,1
1506411013,22249811,1.18642,218.47774,1
1506410901,22249764,1.18642,298.09120,1
1506410668,22249575,1.18642,1194.99840,1
1506410256,22249339,1.18642,149.96814,1
1506409525,22249090,1.18642,1275.27217,1
1506409525,22249087,1.18642,443.48545,1
1506409494,22249076,1.18642,20.07323,1
1506409405,22248989,1.18642,206.09999,1
1506409341,22248963,1.18642,33.53530,1
1506409336,22248961,1.18642,33.53530,1
1506409331,22248959,1.18642,78.48958,1
1506409253,22248901,1.18642,760.00000,1
1506408541,22248478,1.18643,735.08563,0
1506408368,22248365,1.18644,64.43103,0
1506408365,22248359,1.18641,64.43211,0
1506408346,22248336,1.18647,144.31727,0
1506407843,22248156,1.18448,0.46187,0
1506407843,22248153,1.18448,267.76680,0
1506407145,22247803,1.18448,447.91806,0
1506407143,22247795,1.18448,625.48000,0
1506407142,22247787,1.18448,300.02460,0
1506407141,22247782,1.18448,196.10000,0
1506407140,22247777,1.18448,300.01855,0
1506407138,22247775,1.18448,300.97895,0
1506407137,22247770,1.18448,554.65867,0
1506406837,22247564,1.18448,785.84000,0
1506406834,22247559,1.18448,48.92276,0
1506406832,22247556,1.18448,40.29225,0
1506406782,22247512,1.18447,9.10000,0
1506406782,22247511,1.18447,520.90000,0
1506406631,22247419,1.18447,32.31632,0
1506406615,22247401,1.18447,139.26706,0
1506406609,22247398,1.18051,37.44664,1
1506406609,22247397,1.18051,12.55336,1
1506406530,22247325,1.18443,55.80712,0
1506406518,22247296,1.18443,108.52633,0
1506406507,22247269,1.18442,108.48794,0
1506406161,22247017,1.18443,20.41488,0
1506406161,22247015,1.18448,131.53749,0
1506406160,22247014,1.18446,0.00251,0
1506406160,22247008,1.18446,680.53000,0
1506406159,22247003,1.18438,249.83994,0
1506406159,22247001,1.18439,85.44000,1
1506406158,22247000,1.18445,16.88547,1
1506406158,22246998,1.18445,167.83459,1
1506406157,22246988,1.18439,85.44752,0
1506406156,22246981,1.18446,319.46749,0
1506405454,22246575,1.18175,123.93770,0
1506405451,22246574,1.18177,8.64193,1
1506405450,22246573,1.18183,8.64193,1
1506405450,22246572,1.18177,7.86797,1
1506405450,22246571,1.18177,16.50990,1
1506405450,22246570,1.18177,16.50990,1
1506405450,22246569,1.18177,16.50990,1
1506405449,22246568,1.18177,16.50990,1
1506405449,22246565,1.18177,16.50990,1
1506405449,22246563,1.18177,16.50990,1
1506405449,22246560,1.18177,16.50990,1
1506405449,22246558,1.18182,8.64193,1
1506405422,22246542,1.18050,79.72893,1
1506405419,22246540,1.18050,38.36116,1
1506405419,22246538,1.18051,16.50993,1
1506405419,22246537,1.18053,8.36890,1
1506405411,22246533,1.18055,8.47726,1
1506405411,22246532,1.18087,8.50496,1
1506405405,22246529,1.18055,11.78988,1
1506405405,22246528,1.18085,8.50496,1
1506405238,22246459,1.18055,0.19605,1
1506405238,22246458,1.18057,52.88320,1
1506405054,22246410,1.18057,247.11680,1
1506405054,22246409,1.18090,16.17265,1
1506405054,22246408,1.18099,8.10283,1
1506404810,22246308,1.18090,116.38710,1
1506404810,22246306,1.18102,8.00956,1
1506404636,22246201,1.18090,82.71493,1
1506404636,22246200,1.18092,7.96168,1
1506404629,22246188,1.18090,78.17602,1
1506404629,22246187,1.18155,7.96168,1
1506404449,22246100,1.18102,12.72008,1
1506404449,22246099,1.18112,11.00662,1
1506404437,22246095,1.18102,58.01998,1
1506404418,22246090,1.18102,254.95001,1
1506404341,22246054,1.18489,170.00000,0
1506404328,22246012,1.18102,575.91372,1
1506404323,22245975,1.18102,357.86000,1
1506404191,22245884,1.18102,703.29999,1
1506404117,22245843,1.18102,1046.91265,1
1506404110,22245830,1.18102,12.20116,1
1506404094,22245793,1.18102,19.56602,1
1506403991,22245758,1.18102,79.77450,1
1506403988,22245755,1.18102,73.48185,1
1506403988,22245753,1.18103,6.21293,1
1506403375,22245415,1.18102,49.89789,1
1506403370,22245405,1.18102,49.89789,1
1506403363,22245400,1.18102,49.90602,1
1506403269,22245361,1.18102,288.13497,1
1506403268,22245360,1.18103,5.35710,1
1506403165,22245283,1.18102,367.46327,1
1506403164,22245282,1.18103,8.05465,1
1506403164,22245281,1.18276,8.57380,1
1506403099,22245254,1.18200,441.13727,0
1506403097,22245253,1.18200,6951.96788,1
1506403089,22245238,1.18200,789.12860,1
1506403087,22245232,1.18200,189.36549,1
1506403081,22245222,1.18200,14.88773,1
1506403043,22245182,1.18200,602.21595,1
1506403037,22245162,1.18200,301.86426,1
1506403036,22245157,1.18200,14.87608,1
1506403034,22245144,1.18200,295.86820,1
1506403024,22245123,1.18201,5.70756,1
1506403021,22245118,1.18200,270.54587,1
1506403020,22245116,1.18200,264.90158,1
1506403020,22245115,1.18277,5.70756,1
1506403019,22245113,1.18276,325.66760,1
1506403019,22245112,1.18276,0.00003,1
1506403015,22245110,1.18201,325.66757,0
1506403007,22245102,1.18200,270.54587,1
1506403003,22245099,1.18203,424.35681,1
1506403003,22245096,1.18203,1370.31210,1
1506403002,22245094,1.18203,302.19072,1
1506403000,22245089,1.18203,311.87453,1
1506402999,22245086,1.18203,302.26994,1
1506402880,22244989,1.18203,126.95761,1
1506402858,22244920,1.18203,595.45857,1
1506402856,22244916,1.18203,566.57972,1
1506402853,22244903,1.18204,192.03406,1
1506402847,22244894,1.18204,847.80907,1
1506402832,22244864,1.18204,2284.50592,1
1506402829,22244857,1.18204,574.73164,1
1506402829,22244856,1.18205,5.83970,1
1506402823,22244819,1.18204,1215.56429,0
1506402823,22244816,1.18205,110.00000,1
1506402822,22244815,1.18204,434.19851,1
1506402821,22244810,1.18205,214.41596,1
1506402821,22244808,1.18206,5.58320,1
1506402807,22244755,1.18204,860.34463,1
1506402807,22244754,1.18205,430.00000,1
1506402807,22244751,1.18210,9.03081,1
1506402798,22244718,1.18207,203.54496,1
1506402744,22244574,1.18236,59.95458,0
1506402743,22244573,1.18239,10.39808,1
1506402737,22244569,1.18235,0.55933,1
1506402737,22244567,1.18236,120.00000,1
1506402333,22244430,1.18734,309.54811,0
1506402328,22244425,1.18734,18.17373,0
1506402324,22244421,1.18735,20.50821,0
1506402322,22244419,1.18733,100.32912,0
1506402320,22244413,1.18734,20.46696,0
1506402320,22244409,1.18734,79.83000,0
1506399194,22243730,1.18733,65.46000,1
1506399193,22243729,1.18735,33.30000,0
1506398618,22243512,1.18206,510.00000,1
1506398468,22243452,1.18206,25.12999,1
1506398464,22243447,1.18206,271.59096,1
1506396260,22242838,1.18736,295.76258,0
1506393512,22242021,1.18736,16.51623,0
