date,tid,price,amount,type
1506469790,22339431,44.03,1.84010000,1
1506469638,22339362,44.46,56.06792622,1
1506469637,22339361,44.39,15.65000000,0
1506469637,22339360,44.39,0.12000000,0
1506469637,22339359,44.29,0.12000000,0
1506469637,22339358,44.29,60.00000000,1
1506469636,22339357,44.28,3.13000000,0
1506469636,22339356,44.26,26.74200000,1
1506469636,22339355,44.26,60.00000000,1
1506469636,22339354,44.26,2.24659900,1
1506469634,22339353,44.18,0.97987430,0
1506469294,22339270,43.92,6.91446734,0
1506469293,22339269,43.99,4.79000000,1
1506469293,22339268,44.00,0.52000000,1
1506469293,22339267,44.00,0.15000000,1
1506469293,22339266,44.02,2.96579082,1
1506468865,22339110,44.04,6.86800200,1
1506468525,22338995,44.03,0.20000000,0
1506468454,22338966,44.26,0.43874571,0
1506468125,22338820,44.26,13.65747854,0
1506468011,22338787,44.02,2.00000000,1
1506467949,22338770,44.08,1.34356176,1
1506467949,22338769,44.08,0.65538824,1
1506467946,22338761,44.08,0.00138018,1
1506467946,22338760,44.13,1.97168982,1
1506467212,22338458,44.16,7.38571300,1
1506466883,22338274,44.17,0.53671000,0
1506466843,22338249,44.17,4.93000000,0
1506466823,22338214,44.17,11.04364500,1
1506466809,22338197,44.16,11.03260000,1
1506466808,22338195,44.16,1.73681000,1
1506466804,22338193,44.16,4.65003000,1
1506466802,22338191,44.16,10.86956522,1
1506466800,22338187,44.16,4.65003000,1
1506466733,22338166,44.19,13.59000000,1
1506466172,22337789,44.18,1.00000000,1
1506465973,22337687,44.18,7.00000000,1
1506465881,22337666,44.17,1.00000000,1
1506463953,22336716,44.12,7.09399329,1
1506463937,22336711,44.25,10.16390000,0
1506463581,22336464,44.47,0.56060265,0
1506463063,22335678,44.46,0.22000000,0
1506463008,22335657,44.30,0.00280000,1
1506463008,22335656,44.35,4.00000000,1
1506462012,22334698,44.56,0.00000029,1
1506462008,22334695,44.56,44.77087100,1
1506461878,22334606,44.79,7.37898628,1
1506461878,22334605,44.79,0.12000000,0
1506461878,22334604,44.69,0.12000000,0
1506461878,22334603,44.69,2.00000000,1
1506461878,22334602,44.64,6.82307824,0
1506461877,22334601,44.64,1.07405895,0
1506461877,22334600,44.59,9.00000000,0
1506461877,22334599,44.56,2.87000000,0
1506461875,22334598,44.50,14.34000000,0
1506461875,22334597,44.50,0.99960000,0
1506461536,22334300,44.59,22.48172235,1
1506461536,22334299,44.57,0.12000000,0
1506461536,22334298,44.54,6.23914511,0
1506461534,22334296,44.49,0.12000000,0
1506460618,22333844,44.41,0.23777725,1
1506460546,22333796,44.31,0.67742433,0
1506460508,22333748,44.31,0.58531290,1
1506460273,22333630,44.60,58.99347368,0
1506460273,22333629,44.59,0.12000000,0
1506460272,22333628,44.53,10.98000000,0
1506460272,22333627,44.50,9.45581085,0
1506460272,22333625,44.49,18.13094547,0
1506460272,22333624,44.49,0.12000000,0
1506460270,22333623,44.48,2.20000000,0
1506460000,22333428,44.45,6.23914511,0
1506459973,22333393,44.42,0.60300436,0
1506459973,22333390,44.39,0.12000000,0
1506459973,22333389,44.38,0.36612828,0
1506459971,22333385,44.20,0.00467000,0
1506459931,22333336,44.28,6.66620000,1
1506459929,22333333,44.38,1.91451310,0
1506459929,22333332,44.38,1.38064138,0
1506459919,22333327,44.30,1.68488000,1
1506459919,22333325,44.28,0.00630000,1
1506459918,22333324,44.29,9.00000000,1
1506459876,22333290,44.38,0.90000000,0
1506459874,22333288,44.30,0.00160200,0
1506459803,22333244,44.29,0.12000000,0
1506459801,22333242,44.28,2.32750000,1
1506459706,22333159,44.14,1.14528000,1
1506459703,22333157,44.14,1.14528000,1
1506459686,22333137,44.38,2.28223800,1
1506459660,22333119,44.39,2.64742967,0
1506459649,22333113,44.39,0.24841147,1
1506459647,22333112,44.40,9.00000000,0
1506459643,22333106,44.39,0.12000000,1
1506459640,22333103,44.40,0.24835531,0
1506459633,22333101,44.39,0.12000000,0
1506459382,22332789,44.34,1.81424707,0
1506459382,22332788,44.33,0.66848157,0
1506459382,22332787,44.33,7.89533190,0
1506459379,22332771,44.33,6.94958521,0
1506459379,22332769,44.29,0.12000000,0
1506459379,22332766,44.19,0.12000000,0
1506459303,22332646,44.08,34.00000000,1
1506459300,22332640,44.09,3.85728000,1
1506459151,22332344,44.19,0.88000000,0
1506459151,22332343,44.19,0.12000000,0
1506459121,22332261,44.05,1.53000000,0
1506458907,22332022,44.08,1.47714000,1
1506458675,22331690,44.01,5.30893179,0
1506458673,22331689,44.10,1.40398788,1
1506458673,22331688,44.10,3.28694433,1
1506458651,22331679,44.10,1.99761000,1
1506458648,22331676,44.10,1.96345000,1
1506458413,22331492,44.10,1.49600000,1
1506458384,22331468,44.29,1.61673515,0
1506458384,22331467,44.29,0.12000000,0
1506458235,22331350,44.19,1.09742524,0
1506458235,22331349,44.19,0.10023312,0
1506458234,22331348,44.19,0.12000000,0
1506458052,22331227,44.10,0.19769000,1
1506458052,22331225,44.10,0.52000000,1
1506457814,22330945,44.24,5.38023000,0
1506457814,22330944,44.19,0.12000000,0
1506457812,22330941,44.13,0.50000000,0
1506457662,22330796,44.25,0.21000000,0
1506457396,22330495,44.19,10.03772799,0
1506457396,22330494,44.19,0.12000000,0
1506457234,22330344,44.21,0.76828771,0
1506457230,22330328,44.23,0.80100000,0
1506457070,22330030,44.26,0.17397198,0
1506457064,22330018,44.26,1.56737460,0
1506456463,22329521,44.34,0.73193504,0
1506456353,22329478,44.36,0.64375563,0
1506456294,22329434,44.32,22.10813900,1
1506456293,22329433,44.32,72.80863290,1
1506456293,22329432,44.33,1.32824310,1
1506456292,22329431,44.33,10.26675100,1
1506456292,22329429,44.35,0.68000000,1
1506456291,22329428,44.33,8.99105200,1
1506456291,22329426,44.33,4.65395390,1
1506456291,22329425,44.34,2.94975210,1
1506456291,22329424,44.34,8.64524200,1
1506456291,22329423,44.34,14.59637300,1
1506456290,22329422,44.34,5.68456500,1
1506456288,22329421,44.48,0.67216726,0
1506456116,22329355,44.49,0.12000000,0
1506456028,22329270,44.47,7.91095790,1
1506456028,22329269,44.48,6.14304210,1
1506456021,22329260,44.52,3.33360600,1
1506456020,22329259,44.52,3.33234800,1
1506456020,22329258,44.52,30.63723700,1
1506456020,22329257,44.52,3.57905200,1
1506456020,22329256,44.52,1.00163900,1
1506456020,22329255,44.52,54.43047400,1
1506456012,22329245,44.53,45.00000000,1
1506456009,22329241,44.54,16.57000000,0
1506455795,22329105,44.40,2.00000000,1
1506455747,22329064,44.55,2.58023000,0
1506455745,22329061,44.49,0.12000000,0
1506455658,22329014,44.40,14.00482400,1
1506455500,22328928,44.49,0.12000000,0
1506455489,22328922,44.49,0.12000000,0
1506455473,22328896,44.49,0.12000000,0
1506455467,22328886,44.56,0.11175943,0
1506455433,22328838,44.53,9.00517600,1
1506455433,22328836,44.55,1.65000000,1
1506455419,22328793,44.52,0.99900000,1
1506455416,22328783,44.52,0.40000000,1
1506455392,22328759,44.47,31.38286700,1
1506455392,22328758,44.48,2.02629300,1
1506455392,22328757,44.48,24.15370700,1
1506455391,22328756,44.48,11.07000000,1
1506455391,22328755,44.51,8.80405500,1
1506455391,22328754,44.51,16.27014900,1
1506455390,22328753,44.51,1.10579600,1
1506455326,22328705,44.51,6.71389489,0
1506455326,22328704,44.51,3.16710511,0
1506455326,22328703,44.51,83.99900000,0
1506455326,22328702,44.50,0.12000000,0
1506455325,22328701,44.50,44.14237900,1
1506455325,22328699,44.50,8.73762100,1
1506455319,22328672,44.50,0.12000000,1
1506455317,22328656,44.53,22.27000000,1
1506455317,22328653,44.53,2.79000000,0
1506455317,22328652,44.53,13.94000000,0
1506455308,22328649,44.49,0.12000000,0
1506455297,22328638,44.39,0.12000000,0
1506455256,22328534,44.40,4.88000000,1
1506455255,22328533,44.40,0.12000000,1
1506455093,22328078,44.48,1.04153400,0
1506455093,22328076,44.48,18.16885600,0
1506455093,22328071,44.48,1.03120800,1
1506455092,22328070,44.48,16.63840200,1
1506455090,22328055,44.39,0.12000000,0
1506455089,22328040,44.49,0.12000000,0
1506455089,22328038,44.48,1.00000000,0
1506455089,22328036,44.46,14.05000000,0
1506455089,22328032,44.46,28.05500000,0
1506455088,22328031,44.45,3.02000000,0
1506455085,22328000,44.45,2.00000000,0
1506455081,22327957,44.46,11.00000000,0
1506455077,22327921,44.46,30.00000000,0
1506455071,22327866,44.39,0.12000000,0
1506455063,22327849,44.45,29.77800000,0
1506455063,22327848,44.44,14.22200000,0
1506455057,22327845,44.39,0.12000000,0
1506455001,22327773,44.39,0.12000000,0
1506454994,22327768,44.29,0.12000000,0
1506454894,22327441,44.24,1.35827300,1
1506454863,22327339,44.61,9.60277964,0
1506454863,22327337,44.59,0.12000000,0
1506454863,22327336,44.55,112.00000000,0
1506454863,22327335,44.49,0.12000000,0
1506454862,22327334,44.49,29.98575200,1
1506454862,22327333,44.49,88.91252800,1
1506454862,22327332,44.39,0.11041677,0
1506454861,22327331,44.35,0.69000000,0
1506454861,22327330,44.35,48.59480300,1
1506454861,22327329,44.35,5.78722700,1
1506454861,22327327,44.29,0.12000000,0
1506454861,22327325,44.29,37.97822600,1
1506454861,22327324,44.29,35.87943400,1
1506454860,22327322,44.24,61.58600000,0
1506454860,22327321,44.23,3.43000000,0
1506454858,22327314,44.22,14.28300000,0
1506454838,22327278,44.23,8.00000000,0
1506454819,22327265,44.23,7.00000000,0
1506454816,22327252,44.25,3.00000000,0
1506454804,22327222,44.25,0.79000000,1
1506454803,22327219,44.25,0.85000000,0
1506454803,22327217,44.25,4.24000000,0
1506454803,22327214,44.19,0.12000000,0
1506454767,22327143,44.29,115.00000000,0
1506454767,22327142,44.28,1.72700000,0
1506454766,22327141,44.23,2.04000000,0
1506454766,22327140,44.23,3.00000000,0
1506454760,22327132,44.22,5.98000000,0
1506454744,22327123,44.25,48.00000000,0
1506454724,22327078,44.16,34.45000000,1
1506454720,22327068,44.29,0.12000000,0
1506454698,22326992,44.19,6.66000000,1
1506454694,22326983,44.15,14.27918546,1
1506454693,22326982,44.15,12.30654500,1
1506454693,22326978,44.16,54.31000000,1
1506454693,22326975,44.16,2.25000000,1
1506454693,22326972,44.21,31.00000000,1
1506454669,22326947,44.17,33.16858600,1
1506454421,22326638,44.39,0.00958323,0
1506454419,22326633,44.29,0.12000000,0
1506454335,22326580,44.34,3.50180423,1
1506454334,22326579,44.25,1.00000000,0
1506454298,22326547,44.35,4.49875986,0
1506454281,22326508,44.38,4.49571879,0
1506454220,22326254,44.36,16.78623400,0
1506454219,22326236,44.37,1.15200000,0
1506454218,22326235,44.29,0.12000000,0
1506454213,22326199,44.15,1.49951377,1
1506454206,22326146,44.38,117.08059300,0
1506454206,22326145,44.33,3.56249600,0
1506454206,22326144,44.33,10.03668000,0
1506454206,22326142,44.33,9.66174500,0
1506454206,22326136,44.33,37.46663800,0
1506454206,22326134,44.33,20.14827300,0
1506454205,22326132,44.33,17.03755000,0
1506454205,22326123,44.33,20.08661800,1
1506454202,22326112,44.29,1.61951300,1
1506454202,22326111,44.33,64.49223181,1
1506454202,22326102,44.38,1.00000000,0
1506454202,22326096,44.38,41.13373226,0
1506454201,22326092,44.38,4.00045074,0
1506454200,22326085,44.33,42.50776819,0
1506454200,22326082,44.33,8.87811000,0
1506454200,22326080,44.33,55.61412181,0
1506454200,22326078,44.29,0.12000000,0
1506454199,22326077,44.28,114.00000000,0
1506454199,22326076,44.27,0.92587819,0
1506454199,22326075,44.26,1.15000000,0
1506454199,22326074,44.19,0.12000000,0
1506454199,22326071,44.18,5.77000000,0
1506454193,22326004,44.19,42.43635300,1
1506454193,22325998,44.24,6.97615661,1
1506454192,22325994,44.21,102.00000000,0
1506454191,22325981,44.19,16.08364700,0
1506454191,22325977,44.19,4.48000000,0
1506454191,22325976,44.19,28.14777200,0
1506454191,22325974,44.19,22.91858100,0
1506454191,22325971,44.19,36.76068500,0
1506454190,22325969,44.19,3.60931500,0
1506454190,22325968,44.19,7.96068500,0
1506454190,22325964,44.19,48.05931500,0
1506454190,22325962,44.19,5.61000000,0
1506454190,22325960,44.19,1.25000000,0
1506454189,22325959,44.19,0.12000000,0
1506454113,22325838,44.18,0.00008098,1
1506454111,22325829,44.18,17.76751902,1
1506454110,22325827,44.09,0.01240000,0
1506454109,22325825,44.18,17.78000000,1
1506454065,22325792,44.26,0.50000000,0
1506454033,22325726,44.38,1.38855958,1
1506454032,22325722,44.38,0.12000000,1
1506454022,22325680,44.32,0.50000000,0
1506453973,22325544,44.39,0.38000000,1
1506453972,22325538,44.39,0.12000000,0
1506453967,22325522,44.34,8.15086200,1
1506453957,22325459,44.32,1.56033590,1
1506453956,22325457,44.35,6.76997410,1
1506453936,22325353,44.35,3.59919045,1
1506453930,22325311,44.35,3.59919045,1
1506453909,22325180,44.21,0.22104183,1
1506453908,22325177,44.28,2.32629386,1
1506453908,22325175,44.28,2.70000000,1
1506453862,22325035,44.47,9.00000000,0
1506453858,22325024,44.47,0.50000000,0
1506453844,22324974,44.31,2.15497000,0
1506453844,22324970,44.30,6.98121332,0
1506453842,22324966,44.31,2.29470000,0
1506453811,22324864,44.28,0.50000000,1
1506453798,22324770,44.64,9.07629300,0
1506453798,22324769,44.37,1.72370700,0
1506453792,22324728,44.64,2.96714727,0
1506453792,22324725,44.63,2.59000000,0
1506453792,22324721,44.45,3.84849721,0
1506453791,22324720,44.18,0.17435552,0
1506453791,22324719,43.99,1.22000000,0
1506453783,22324651,43.90,8.82000000,1
1506453783,22324650,43.90,1.95000000,1
1506453781,22324641,44.45,0.15150279,0
1506453781,22324640,44.00,1.21849721,0
1506453779,22324636,44.00,36.30000000,1
1506453779,22324634,44.00,1.00000000,1
1506453779,22324633,44.00,3.80000000,1
1506453779,22324632,44.00,0.37000000,1
1506453779,22324630,44.02,1.08947347,1
1506453779,22324626,44.08,0.70491154,1
1506453779,22324624,44.10,1.00000000,1
1506453779,22324623,44.20,4.00000000,1
1506453778,22324619,44.26,27.26483413,1
1506453778,22324616,44.26,0.17435551,1
1506453778,22324615,44.27,0.17435551,1
1506453778,22324613,44.40,40.42603363,1
1506453778,22324611,44.41,38.70000000,1
1506453778,22324610,44.42,4.04996900,1
1506453777,22324606,44.42,4.76539540,1
1506453776,22324592,44.42,9.31558081,1
1506453774,22324587,44.40,2.57396637,1
1506453773,22324583,44.41,4.52466586,0
1506453773,22324580,44.50,0.17807414,1
1506453773,22324576,44.51,2.58726000,1
1506453772,22324571,44.51,5.66274000,1
1506453772,22324566,44.64,41.19000000,1
1506453768,22324541,44.65,7.46333205,1
1506453768,22324533,44.65,2.52543355,1
1506453763,22324494,44.64,0.85870000,1
1506453762,22324484,44.82,3.15194109,1
1506453760,22324475,44.79,0.12000000,0
1506453758,22324452,44.64,6.96477285,1
1506453730,22324362,44.81,1.98683329,1
1506453730,22324361,44.79,0.12000000,0
1506453728,22324355,44.69,0.12000000,0
1506452872,22323102,44.69,0.12000000,0
1506452590,22322098,44.69,30.45552422,1
1506452589,22322097,44.69,1.78988365,1
1506452548,22321917,44.69,1.90556900,1
1506452535,22321872,44.69,0.88000000,1
1506452535,22321869,44.69,0.12000000,0
1506452465,22321674,44.75,8.30229900,1
1506452407,22321558,44.75,5.00000000,0
1506452369,22321544,44.73,2.00693047,0
1506452365,22321542,44.70,9.64000000,0
1506452273,22321488,44.67,0.60350200,1
1506452126,22321401,44.69,0.12000000,0
1506452118,22321396,44.69,0.12000000,0
1506452096,22321360,44.70,6.13000000,0
1506452089,22321348,44.69,0.12000000,0
1506451979,22321293,44.61,0.20000000,0
1506451931,22321279,44.69,0.86209890,1
1506451930,22321278,44.69,0.12000000,0
1506451740,22321092,44.54,0.13000000,1
1506451624,22320983,44.56,7.00000000,0
1506451240,22320754,44.60,8.83942703,0
1506451234,22320753,44.60,21.00000000,0
1506451231,22320752,44.60,2.00000000,1
1506449917,22320022,44.50,0.82564449,1
1506449915,22320021,44.51,0.17435551,1
1506449894,22320013,44.67,4.35477832,1
1506449891,22320009,44.66,1.08716283,0
1506449827,22319979,44.61,6.00000000,0
1506449676,22319734,44.59,1.55711538,1
1506449675,22319731,44.59,0.12000000,0
1506449675,22319730,44.55,49.00000000,1
1506449644,22319700,44.73,4.05365526,0
1506449644,22319699,44.69,0.12000000,0
1506449642,22319692,44.59,0.12000000,0
1506449414,22319340,44.55,1.00000000,1
1506449065,22319086,44.65,5.15000000,0
1506449065,22319085,44.64,24.85000000,0
1506448935,22318997,44.68,4.46453345,0
1506448816,22318947,44.57,2.01488619,1
1506448816,22318946,44.60,12.50511381,1
1506448814,22318944,44.69,0.48000000,1
1506448771,22318925,44.77,4.45655573,0
1506448685,22318821,44.69,0.12000000,0
1506448642,22318776,44.60,10.06611937,1
1506448640,22318774,44.61,1.00000000,1
1506447838,22318105,44.62,14.34000000,0
1506447828,22318092,44.65,18.13300000,0
1506447825,22318085,44.65,4.00000000,0
1506447820,22318068,44.63,25.00000000,0
1506447691,22317897,44.71,2.50000000,1
1506447639,22317851,44.68,8.22818300,1
1506447638,22317842,44.68,18.86653800,1
1506447568,22317761,44.67,4.00000000,0
1506447521,22317675,44.56,5.09225684,1
1506447518,22317650,44.54,17.39774316,0
1506447516,22317647,44.54,4.00000000,0
1506447514,22317638,44.54,8.64000000,0
1506447514,22317636,44.54,44.17525684,0
1506447513,22317630,44.55,10.17000000,1
1506447513,22317627,44.88,8.57000000,1
1506447512,22317625,44.85,2.23000000,0
1506447512,22317621,44.53,10.00000000,0
1506447511,22317619,44.53,0.17435551,1
1506447496,22317569,44.85,1.83981600,0
1506447484,22317550,44.90,81.19202672,0
1506447484,22317549,44.90,0.12000000,0
1506447484,22317548,44.89,0.12000000,0
1506447484,22317546,44.89,50.00000000,1
1506447484,22317545,44.89,16.52833600,1
1506447484,22317544,44.89,5.40719600,1
1506447483,22317542,44.89,8.75877400,1
1506447483,22317541,44.85,0.12000000,0
1506447483,22317540,44.84,13.74000000,1
1506447482,22317539,44.84,8.75877500,1
1506447482,22317535,44.81,0.74196727,0
1506447482,22317533,44.81,1.11065392,0
1506447482,22317531,44.80,2.75000000,1
1506447481,22317530,44.80,0.12000000,0
1506447481,22317529,44.80,1.02625200,1
1506447481,22317528,44.80,8.75304800,1
1506447481,22317526,44.80,6.16871000,1
1506447480,22317522,44.79,0.12000000,0
1506447480,22317519,44.76,0.12000000,0
1506447478,22317515,44.71,0.12000000,0
1506447417,22317340,44.54,8.13039500,1
1506447415,22317335,44.54,19.93960500,1
1506447414,22317332,44.69,1.90228900,1
1506447379,22317241,44.69,5.47771100,1
1506447366,22317237,44.69,0.12000000,0
1506447198,22317141,44.67,3.64165844,0
1506447137,22317091,44.59,0.12000000,0
1506446702,22316609,44.67,0.37721065,0
1506446702,22316608,44.66,0.12000000,0
1506446701,22316607,44.59,0.12000000,0
1506446700,22316606,44.59,0.12000000,0
1506446596,22316566,44.48,0.12000000,0
1506446552,22316549,44.38,0.12000000,0
1506446370,22316464,44.38,35.17400000,0
1506446370,22316463,44.38,9.76000000,0
1506446369,22316462,44.38,5.06000000,1
1506445846,22316191,44.51,0.25803273,1
1506445822,22316178,44.54,0.74196727,1
1506445763,22316114,44.55,1.68077172,0
1506445741,22316104,44.54,1.11065392,0
1506445739,22316103,44.55,0.37893508,1
1506445739,22316100,44.55,1.86012216,0
1506445665,22316038,44.51,0.12000000,1
1506445561,22315867,44.49,0.12000000,0
1506445561,22315866,44.49,9.50024065,0
1506445557,22315860,44.32,46.20000000,1
1506445555,22315859,44.49,5.00000000,0
1506445550,22315848,44.48,31.77000000,0
1506445499,22315796,44.39,0.12000000,0
1506445475,22315765,44.39,0.12000000,0
1506445430,22315703,44.43,6.73531398,0
1506445425,22315701,44.43,5.00000000,0
1506445425,22315700,44.43,1.44316902,0
1506445410,22315661,44.44,23.00000000,0
1506445399,22315640,44.45,0.76915884,1
1506445399,22315639,44.45,35.23084116,0
1506445384,22315615,44.45,1.12852400,1
1506445159,22315456,44.39,0.12000000,0
1506445085,22315345,44.39,0.12000000,0
1506444927,22315159,44.39,0.12000000,0
1506444804,22315006,44.39,0.12000000,0
1506444733,22314946,44.42,0.50742909,1
1506444693,22314900,44.39,0.12000000,0
1506444664,22314883,44.39,0.12000000,0
1506444542,22314771,44.38,2.24763407,0
1506444345,22314527,44.38,2.28143307,0
1506444344,22314525,44.21,1.09401000,0
1506444339,22314524,44.38,7.00000000,0
1506444329,22314509,44.36,27.00800000,0
1506444193,22314248,44.20,31.83942703,1
1506444193,22314246,44.22,2.51000000,1
1506444193,22314243,44.22,1.86012216,1
1506444192,22314241,44.24,19.61000000,0
1506444192,22314235,44.24,43.55000000,0
1506444191,22314232,44.24,110.00000000,1
1506444118,22314034,44.27,3.99600000,1
1506444032,22313969,44.35,1.97487800,1
1506444031,22313966,44.35,2.79961400,1
1506444025,22313964,44.39,0.35964000,0
1506444017,22313959,44.39,0.12000000,0
1506443876,22313819,44.42,1.02791535,0
1506443874,22313816,44.39,0.12000000,0
1506443696,22313532,44.30,1.94207000,0
1506443604,22313377,44.30,56.63322400,1
1506443604,22313376,44.33,5.00000000,1
1506443570,22313323,44.34,21.62000000,1
1506443570,22313322,44.35,1.33300000,1
1506443482,22313120,44.49,21.72402098,0
1506443366,22312995,44.49,4.03573837,0
1506443272,22312861,44.49,0.08000000,0
1506443272,22312860,44.49,0.12000000,0
1506443137,22312739,44.49,3.00000000,0
1506443094,22312699,44.49,0.12000000,0
1506442981,22312613,44.50,4.30000000,1
1506442981,22312612,44.50,1.00000000,1
1506442981,22312611,44.50,1.00000000,1
1506442863,22312509,44.50,4.75076600,1
1506442814,22312486,44.61,11.88023000,0
1506442813,22312484,44.59,0.12000000,0
1506442789,22312472,44.61,6.24696000,0
1506442783,22312468,44.61,3.70984000,0
1506442783,22312467,44.59,0.12000000,0
1506442763,22312452,44.50,3.28042600,1
1506442703,22312404,44.50,4.04028000,1
1506442699,22312402,44.50,4.80093700,1
1506442669,22312366,44.50,35.66368973,1
1506442669,22312364,44.51,4.44619186,1
1506442669,22312362,44.60,0.00000041,1
1506442646,22312330,44.62,2.23554460,0
1506442641,22312319,44.62,8.00000000,0
1506442589,22312282,44.64,4.52532000,0
1506442579,22312274,44.60,2.44958600,1
1506442579,22312273,44.60,10.13000000,1
1506442559,22312260,44.66,8.00000000,0
1506442357,22312106,44.84,0.06136230,1
1506442357,22312105,44.79,0.12000000,0
1506442356,22312103,44.75,15.31900000,0
1506442356,22312100,44.73,0.97963770,0
1506442354,22312098,44.69,0.12000000,0
1506442305,22312069,44.60,12.46174300,1
1506442272,22311983,44.77,0.50023000,0
1506442237,22311932,44.79,0.12000000,0
1506442236,22311931,44.75,16.78000000,0
1506442236,22311930,44.78,1.00000000,1
1506442218,22311914,44.69,9.00000000,0
1506442189,22311897,44.72,1.15492957,0
1506442189,22311896,44.72,1.49564050,0
1506442174,22311879,44.73,13.91621730,0
1506442174,22311878,44.69,0.12000000,0
1506442156,22311862,44.68,1.00000000,0
1506442083,22311787,44.62,10.88810000,1
1506442069,22311782,44.74,3.00023000,0
1506441996,22311719,44.62,3.76643800,1
1506441981,22311703,44.73,1.76250000,0
1506441918,22311671,44.73,0.98220700,0
1506441832,22311568,44.73,0.55734406,0
1506441822,22311563,44.73,98.00000000,0
1506441819,22311556,44.73,8.00000000,0
1506441813,22311547,44.75,4.45810056,0
1506441767,22311445,44.61,0.41758700,1
1506441756,22311430,44.77,5.00000000,0
1506441702,22311349,44.60,6.01510300,1
1506441653,22311266,44.77,2.00000000,0
1506441650,22311263,44.80,0.76000000,0
1506441650,22311262,44.79,5.24000000,0
1506441649,22311261,44.62,5.24425100,1
1506441647,22311259,44.62,5.24425000,1
1506441644,22311255,44.65,5.24425100,1
1506441609,22311172,44.80,0.13574300,0
1506441608,22311170,44.62,5.24425700,0
1506441602,22311138,44.62,5.24425900,1
1506441571,22311090,44.63,25.00000000,1
1506441562,22311082,44.71,1.84559744,1
1506441562,22311081,44.75,0.00000006,1
1506441559,22311074,44.81,4.00000000,0
1506441556,22311067,44.81,9.00023000,0
1506441555,22311060,44.81,2.00000000,0
1506441533,22311015,44.81,87.00000000,0
1506441524,22311002,44.80,19.61000000,0
1506441507,22310964,44.75,1.84395100,1
1506441506,22310961,44.77,1.84395100,1
1506441500,22310947,44.80,3.00000000,0
1506441488,22310899,44.81,1.00000000,0
1506441484,22310880,44.81,3.00000000,0
1506441482,22310875,44.80,4.00000000,0
1506441482,22310874,44.80,0.36523300,1
1506441464,22310846,44.82,15.00000000,0
1506441432,22310824,44.82,9.00000000,0
1506441344,22310751,44.81,0.88000000,1
1506441343,22310749,44.81,0.12000000,0
1506441280,22310693,44.85,2.00000000,1
1506441275,22310690,44.86,2.03868662,0
1506441274,22310689,44.85,0.12000000,0
1506441211,22310626,44.80,1.19976700,1
1506441207,22310624,44.87,1.00023000,0
1506441040,22310486,45.00,36.49907827,1
1506441039,22310483,45.00,10.50732404,0
1506441039,22310482,44.99,0.12000000,0
1506441035,22310469,44.80,3.43500000,1
1506441034,22310466,44.90,1.00000000,1
1506441034,22310465,44.94,1.00000000,1
1506441032,22310464,44.95,1.00000000,1
1506441005,22310424,44.96,1.00000000,1
1506440999,22310414,44.98,1.00000000,1
1506440989,22310408,45.00,1.00000000,0
1506440986,22310406,45.00,0.55260000,0
1506440979,22310400,45.00,0.88000000,0
1506440979,22310399,44.99,0.12000000,0
1506440906,22310267,44.98,0.45175634,1
1506440843,22310142,44.94,24.00000000,1
1506440843,22310141,44.95,1.00000000,1
1506440461,22309665,44.87,2.00000000,1
1506440391,22309578,44.87,1.89577600,0
1506440380,22309549,44.87,1.00000000,1
1506440380,22309548,44.87,20.21000000,1
1506440380,22309547,44.90,1.99764400,1
1506440375,22309544,45.00,22.06007596,0
1506440374,22309539,44.99,0.12000000,0
1506440108,22309370,44.89,0.12000000,0
1506440079,22309358,44.85,3.00000000,1
1506440079,22309357,44.86,3.00000000,1
1506439956,22309283,44.86,2.00000000,1
1506439931,22309269,44.85,2.00000000,1
1506439931,22309268,44.86,0.00036000,1
1506439898,22309257,44.86,1.99964000,1
1506439897,22309256,44.86,0.32136000,1
1506439874,22309244,44.86,1.67864000,1
1506439391,22308912,44.80,0.12007000,1
1506439385,22308903,44.80,3.45847000,1
1506439382,22308897,44.80,1.99836000,1
1506439356,22308883,44.80,4.36000000,1
1506439309,22308846,44.84,7.00000000,0
1506439092,22308727,44.80,9.24498987,1
1506438941,22308586,44.83,28.27213897,0
1506438913,22308570,44.94,1.00000000,0
1506438911,22308569,44.95,4.38000000,0
1506438911,22308568,44.89,0.12000000,0
1506438903,22308524,44.80,2.23054562,1
1506438856,22308491,44.80,0.80073500,1
1506438782,22308422,44.80,23.07060500,1
1506438773,22308411,44.80,19.18300200,1
1506438773,22308410,44.80,19.36499400,1
1506438764,22308401,44.80,11.36573600,1
1506438630,22308279,44.80,0.49585600,1
1506438629,22308278,44.80,16.65000000,1
1506438540,22308217,44.80,6.00000000,1
1506438540,22308216,44.80,3.00000000,1
1506438364,22308097,44.99,8.23118915,0
1506438364,22308096,44.99,0.12000000,0
1506438362,22308095,44.90,0.76271700,0
1506438359,22308094,44.90,0.50000000,1
1506438352,22308089,44.92,5.00215605,1
1506438352,22308088,44.92,3.06315839,1
1506438352,22308086,44.93,11.00204732,1
1506438290,22307977,44.94,0.80397197,0
1506438288,22307974,44.94,2.19602803,1
1506438274,22307950,44.95,33.18000000,1
1506438269,22307938,44.98,17.78000000,1
1506437544,22307034,44.97,0.77791482,1
1506437382,22306818,45.19,14.88023000,0
1506437382,22306817,45.19,0.12000000,0
1506437190,22306636,45.11,10.00000000,1
1506436949,22306397,45.32,1.00000000,0
1506436945,22306392,45.29,1.00000000,0
1506436937,22306382,45.30,1.00000000,0
1506436936,22306381,45.30,0.56089100,0
1506436936,22306380,45.29,0.12000000,0
1506436934,22306377,45.28,0.31933900,0
1506436933,22306376,45.28,1.00000000,0
1506436760,22306257,45.10,5.37585300,1
1506436617,22306136,45.25,10.00000000,0
1506436591,22306132,45.25,8.36218594,0
1506436591,22306131,45.20,0.63781406,0
1506436588,22306129,45.20,2.00000000,0
1506436574,22306127,45.20,6.00000000,0
1506436573,22306126,45.20,1.36218594,0
1506436573,22306125,45.20,3.63781406,0
1506436559,22306120,45.20,4.00000000,0
1506436527,22306116,45.20,22.00000000,0
1506436503,22306105,45.19,1.28059305,0
1506436484,22306092,45.19,1.70538871,0
1506436484,22306091,45.19,0.12000000,0
1506436445,22306072,45.14,17.00000000,0
1506436400,22306047,45.09,0.12000000,0
1506436384,22306033,45.09,0.12000000,0
1506436341,22306009,45.11,0.47229840,0
1506436338,22306006,45.11,0.90000000,0
1506436327,22306000,45.11,9.00000000,0
1506436313,22305988,45.11,1.49400000,0
1506436300,22305981,45.11,1.49400000,0
1506436293,22305956,45.10,1.42792017,0
1506436293,22305955,45.10,0.38159645,0
1506436291,22305952,45.09,0.12000000,0
1506436065,22305779,45.08,0.20000000,1
1506435885,22305700,45.09,1.10601020,0
1506435845,22305674,45.03,3.33000000,1
1506435797,22305637,44.94,12.23578885,1
1506435763,22305603,45.07,11.06611937,0
1506435623,22305510,45.03,0.87541639,0
1506435468,22305422,45.12,0.40174170,1
1506435468,22305421,45.12,6.64927000,1
1506435468,22305419,45.12,20.00000000,1
1506435468,22305417,45.12,29.03210000,1
1506435466,22305415,45.09,0.12000000,0
1506435251,22305229,44.96,27.73417600,1
1506435235,22305223,44.96,0.28067800,1
1506435218,22305218,45.07,0.95163080,0
1506435180,22305187,44.98,14.60000000,1
1506435169,22305182,44.98,44.40000000,1
1506434774,22304932,45.13,4.42056282,0
1506434727,22304906,45.14,14.37638458,0
1506434726,22304903,45.09,0.12000000,0
1506434679,22304863,45.09,0.12000000,0
1506434600,22304814,45.07,37.75793500,1
1506434596,22304813,45.07,5.00000000,1
1506434555,22304793,45.07,2.81212004,1
1506434422,22304697,45.11,2.09133229,0
1506434421,22304695,45.09,0.12000000,0
1506434303,22304582,45.02,30.10000000,0
1506434303,22304581,45.01,32.90000000,0
1506434282,22304559,44.99,19.00000000,0
1506434267,22304518,44.99,0.12000000,0
1506434244,22304479,44.97,1.00000000,0
1506434229,22304437,44.97,14.00000000,1
1506434224,22304426,44.98,33.90000000,1
1506434196,22304332,44.90,4.97327900,1
1506434194,22304326,44.92,4.24016300,1
1506434193,22304322,44.92,29.72327900,1
1506434193,22304321,44.92,4.87327900,1
1506434189,22304308,44.90,20.59344200,1
1506434187,22304306,44.90,4.97327900,1
1506434160,22304278,44.94,8.79707200,1
1506434151,22304266,44.98,55.20000000,0
1506434137,22304262,44.99,0.12000000,0
1506434123,22304255,44.96,12.40000000,0
1506434105,22304248,44.90,1.00000000,0
1506434096,22304234,44.97,14.73000000,0
1506434091,22304225,44.98,2.31381200,1
1506434091,22304224,44.98,53.68618800,1
1506434060,22304171,44.89,5.47875100,1
1506434032,22304077,44.97,11.34134500,1
1506434032,22304074,44.97,84.93865497,1
1506434031,22304072,44.98,5.72000000,1
1506434031,22304071,45.00,0.00000003,1
1506434020,22304020,45.00,159.99999997,1
1506434020,22304018,45.00,1.23705003,1
1506434019,22304016,45.00,10.46579000,1
1506434019,22304014,45.00,1.02867400,1
1506433948,22303927,45.01,5.21978000,1
1506433942,22303910,45.01,1.28554000,1
1506433938,22303904,45.01,1.28553900,1
1506433938,22303903,45.01,7.28737600,1
1506433931,22303886,45.01,3.29670200,1
1506433926,22303882,45.01,5.21978000,1
1506433916,22303881,45.01,1.14748100,1
1506433873,22303850,45.02,3.66850400,1
1506433868,22303846,45.11,44.59882000,1
1506433865,22303840,45.04,45.89248000,1
1506433858,22303824,45.01,9.21752000,1
1506433855,22303823,45.19,2.62267600,1
1506433853,22303822,45.19,16.20000000,0
1506433850,22303819,45.18,19.72500000,0
1506433842,22303811,45.06,2.16511100,1
1506433841,22303810,45.06,5.17225000,1
1506433837,22303806,45.07,19.68244300,1
1506433770,22303760,45.02,10.02231466,1
1506433706,22303732,45.01,21.99500000,1
1506433688,22303718,45.02,3.48315500,1
1506433656,22303687,45.20,114.51811594,0
1506433656,22303686,45.17,6.00000000,0
1506433656,22303685,45.15,0.95113974,0
1506433654,22303683,45.12,12.56000000,0
1506433632,22303663,45.00,8.97132600,1
1506433486,22303464,45.15,1.82679955,0
1506433382,22303354,45.15,11.16946317,0
1506433382,22303353,45.13,2.77793929,0
1506433362,22303339,45.01,2.00000000,1
1506433335,22303299,45.14,20.10424398,0
1506433292,22303259,45.14,28.13766593,0
1506433269,22303251,45.01,1.62513942,1
1506433268,22303250,45.01,0.41000000,1
1506433240,22303229,45.14,17.67833407,0
1506433196,22303206,45.20,21.56372787,1
1506433195,22303205,45.19,0.12000000,0
1506433195,22303203,45.15,43.66200000,0
1506433195,22303202,45.14,15.50000000,0
1506433176,22303196,45.01,17.80000000,1
1506433052,22303149,45.09,18.21000000,0
1506432995,22303110,45.23,1.39251458,1
1506432995,22303109,45.23,2.53000000,1
1506432995,22303108,45.25,1.83796005,1
1506432995,22303106,45.25,1.83099567,1
1506432976,22303063,45.25,0.36860692,1
1506432557,22302786,45.33,15.65502000,1
1506432512,22302761,45.31,17.80000000,1
1506432512,22302759,45.40,7.00000000,1
1506432511,22302758,45.41,29.99000000,1
1506432443,22302720,45.32,0.18595031,1
1506432433,22302717,45.39,0.12000000,0
1506432416,22302706,45.39,0.12000000,0
1506432332,22302608,45.32,29.56485800,1
1506432274,22302542,45.39,0.12000000,0
1506432261,22302516,45.46,31.03900000,0
1506432237,22302497,45.46,8.00000000,0
1506432219,22302481,45.39,0.12000000,0
1506432204,22302471,45.39,0.12000000,0
1506432189,22302456,45.44,0.00000144,1
1506432188,22302452,45.44,11.27986000,1
1506432077,22302350,45.44,2.37971410,0
1506432070,22302331,45.47,1.10028590,0
1506432065,22302324,45.25,2.19890929,0
1506432055,22302315,45.43,1.03761100,0
1506431974,22302251,45.44,1.64788200,0
1506431947,22302223,45.39,5.48000000,1
1506431942,22302207,45.39,0.12000000,0
1506431934,22302191,45.29,0.12000000,0
1506431905,22302151,45.44,29.27062500,0
1506431905,22302150,45.39,0.12000000,0
1506431767,22302051,45.57,0.78275181,0
1506431767,22302050,45.50,5.62904439,0
1506431767,22302049,45.50,11.70770770,0
1506431767,22302048,45.49,35.71217823,0
1506431766,22302046,45.49,1.82482378,0
1506431766,22302044,45.49,0.11000000,0
1506431766,22302043,45.48,1.35000000,0
1506431766,22302041,45.48,6.76000000,0
1506431765,22302039,45.47,5.09577303,0
1506431765,22302037,45.47,54.72000000,1
1506431765,22302036,45.45,16.00000000,0
1506431763,22302035,45.39,0.12000000,0
1506431728,22302002,45.35,13.50315325,1
1506431728,22302000,45.29,0.12000000,0
1506431682,22301866,45.42,2.45464553,0
1506431681,22301865,45.39,0.12000000,0
1506431681,22301864,45.35,5.00000000,0
1506431679,22301863,45.29,0.12000000,0
1506431532,22301764,45.34,1.07850455,0
1506431434,22301727,45.29,0.12000000,0
1506431426,22301720,45.19,4.62943859,0
1506431426,22301718,45.19,6.02829817,1
1506431375,22301693,45.25,5.00000000,0
1506431311,22301637,45.18,10.00000000,0
1506431256,22301584,45.15,0.48000000,0
1506431248,22301583,45.15,9.52000000,1
1506431074,22301468,45.04,45.14093250,0
1506431074,22301467,45.04,15.58500000,0
1506431073,22301466,45.11,20.10424372,0
1506431071,22301465,45.22,1.82482378,1
1506430999,22301397,45.30,1.06450655,1
1506430999,22301396,45.30,0.00000045,1
1506430965,22301381,45.30,1.82160707,1
1506430965,22301380,45.32,0.01015693,1
1506430813,22301239,45.32,1.81064830,1
1506430813,22301238,45.36,0.05630570,1
1506430775,22301215,45.36,1.35140200,1
1506430768,22301209,45.36,4.20000000,1
1506430532,22301153,45.45,0.50000000,1
1506430504,22301148,45.41,50.00000000,0
1506430452,22301130,45.42,10.02267224,0
1506430414,22301116,45.41,45.12282338,1
1506430359,22301097,45.41,45.67221403,1
1506430337,22301085,45.47,2.19375412,0
1506430239,22301007,45.41,8.29168532,1
1506430211,22300991,45.52,0.13137083,0
1506430106,22300922,45.41,0.91327727,1
1506430106,22300921,45.41,0.84926227,1
1506429989,22300807,45.43,1.69000000,0
1506429866,22300657,45.45,4.25000000,1
1506429857,22300632,45.45,1.75000000,1
1506429848,22300608,45.41,1.75000000,0
1506429830,22300465,45.65,0.20000000,0
1506429807,22300264,45.59,7.46280545,0
1506429680,22300173,45.65,7.58554216,0
1506429679,22300172,45.59,0.11000000,0
1506429679,22300171,45.48,0.11000000,0
1506429678,22300169,45.47,6.84782609,0
1506429653,22300162,45.37,25.19102986,1
1506429645,22300158,45.37,10.00000000,1
1506429580,22300084,45.49,42.14000000,1
1506429565,22300071,45.49,5.00000000,1
1506429555,22300061,45.50,3.25000000,1
1506429533,22300050,45.65,0.99023000,0
1506429531,22300049,45.59,0.11000000,0
1506429501,22300041,45.50,0.41331584,0
1506429489,22300037,45.50,39.12000000,1
1506429448,22300021,45.49,0.75000000,1
1506429423,22300010,45.49,0.11000000,1
1506429418,22300008,45.49,2.00000000,1
1506429391,22300001,45.50,1.00000000,1
1506429385,22299995,45.50,4.63175100,0
1506429382,22299993,45.49,0.11000000,0
1506429336,22299957,45.50,1.36824900,0
1506429314,22299944,45.47,0.50000000,1
1506429300,22299911,45.61,0.05925088,1
1506429288,22299885,45.61,1.75000000,1
1506429199,22299840,45.72,12.30271216,0
1506429197,22299839,45.72,2.72397200,0
1506429141,22299798,45.70,0.75000000,1
1506429135,22299790,45.90,1.79794885,0
1506429133,22299789,45.71,1.75000000,1
1506429133,22299788,45.99,3.61785138,0
1506429133,22299786,45.99,0.12000000,0
1506429133,22299785,45.99,54.79530800,1
1506429132,22299784,45.98,1.00000000,0
1506429132,22299783,45.92,0.24008868,0
1506429132,22299782,45.92,1.56758000,0
1506429132,22299781,45.92,2.53000000,1
1506429131,22299779,45.91,12.67000000,1
1506429131,22299778,45.91,1.00000000,0
1506429131,22299777,45.89,0.11000000,0
1506429130,22299776,45.79,0.11000000,0
1506429130,22299775,45.77,1.71593342,0
1506429130,22299774,45.77,1.81361626,0
1506429130,22299772,45.77,1.81364305,0
1506429130,22299771,45.77,0.00000035,0
1506429129,22299770,45.76,3.01000000,0
1506429129,22299769,45.72,47.60470210,0
1506429129,22299765,45.70,69.12079347,0
1506429128,22299764,45.69,15.05000000,0
1506429091,22299733,45.49,0.50000000,0
1506429063,22299685,45.72,47.94736187,0
1506429063,22299684,45.71,17.89000000,0
1506429062,22299683,45.69,0.11000000,0
1506429062,22299682,45.69,1.38366799,0
1506429055,22299665,45.59,0.75000000,0
1506429027,22299639,45.61,1.00000000,0
1506429027,22299638,45.60,4.99999958,0
1506429027,22299637,45.58,3.69000000,0
1506429023,22299628,45.59,13.00000000,0
1506429009,22299614,45.40,11.23437623,1
1506428990,22299586,45.59,0.11000000,0
1506428750,22299373,45.59,0.00000021,1
1506428750,22299370,45.59,4.99999979,1
1506428727,22299358,45.68,4.25766199,0
1506428726,22299356,45.59,0.11000000,0
1506428665,22299317,45.59,0.11000000,0
1506428653,22299309,45.32,8.81801865,0
1506428653,22299308,45.48,1.38486509,0
1506428651,22299306,45.50,1.81361626,1
1506428633,22299293,45.69,0.43313635,0
1506428631,22299292,45.59,0.11000000,0
1506428621,22299288,45.58,3.92000000,0
1506428588,22299261,45.34,72.17413935,1
1506428588,22299260,45.52,1.81364305,1
1506428587,22299259,45.52,1.82361600,0
1506428586,22299255,45.49,1.82482378,0
1506428586,22299253,45.39,0.00202507,0
1506428584,22299251,44.80,1.12000000,1
1506428584,22299250,44.80,15.98155965,1
1506428584,22299249,44.80,1.82361635,0
1506428584,22299248,44.80,2.37000000,0
1506428583,22299246,45.33,1.82482400,0
1506428583,22299245,45.33,12.00000000,0
1506428582,22299242,45.39,1.82683503,0
1506428582,22299241,45.34,0.00202497,0
1506428581,22299240,45.34,1.82886000,0
1506428580,22299230,44.79,44.77179566,1
1506428580,22299227,44.79,7.30494964,0
1506428580,22299226,44.80,63.16492588,0
1506428579,22299223,45.07,1.83088497,1
1506428579,22299222,45.10,9.50001121,1
1506428579,22299221,45.12,1.82886010,1
1506428578,22299220,45.22,1.82482378,1
1506428578,22299219,45.25,0.52137542,1
1506428578,22299218,45.40,2.37000000,1
1506428577,22299217,45.42,1.81680434,1
1506428577,22299216,45.51,1.43489700,1
1506428577,22299215,45.56,6.43000000,0
1506428577,22299214,45.56,32.16000000,0
1506428576,22299213,45.66,13.06167200,1
1506428364,22299068,45.72,4.16000000,0
1506428262,22298977,45.90,13.94186800,0
1506428262,22298975,45.89,8.32000000,0
1506428259,22298969,45.89,2.11567197,1
1506428259,22298967,45.85,0.12315403,0
1506428259,22298964,45.85,12.93852300,0
1506428059,22298833,45.87,43.89000000,0
1506428059,22298832,45.79,0.11000000,0
1506427947,22298756,45.65,10.84647649,0
1506427946,22298751,45.65,0.24008868,1
1506427829,22298570,45.89,31.02236252,0
1506427801,22298535,45.90,1.33216860,0
1506427747,22298463,45.90,1.79823259,0
1506427745,22298460,45.90,3.80792178,0
1506427745,22298459,45.89,0.09205822,0
1506427744,22298458,45.89,0.02794178,0
1506427744,22298457,45.86,1.00000000,0
1506427744,22298455,45.84,1.69085869,0
1506427744,22298453,45.84,0.12000000,0
1506427744,22298452,45.83,1.04605423,0
1506427743,22298451,45.83,0.01512530,0
1506427713,22298424,45.79,0.75000000,0
1506427704,22298418,45.83,0.75000000,0
1506427691,22298407,45.79,0.11000000,0
1506427660,22298372,45.76,0.75000000,1
1506427651,22298355,45.76,7.50000000,1
1506427651,22298354,45.76,3.05208000,1
1506427649,22298353,45.76,1.77709200,1
1506427635,22298338,45.74,3.11000000,1
1506427635,22298337,45.79,0.89000000,1
1506427635,22298336,45.79,0.11000000,0
1506427634,22298331,45.75,3.50000000,1
1506427607,22298258,45.74,0.50894871,1
1506427607,22298256,45.79,0.68294929,1
1506427600,22298247,45.79,1.00000000,1
1506427582,22298223,45.79,0.12000000,0
1506427579,22298220,45.77,1.81367892,0
1506427579,22298219,45.76,1.81407685,0
1506427577,22298218,45.74,59.65654700,1
1506427577,22298217,45.75,5.67093800,1
1506427575,22298215,45.76,10.00000000,0
1506427575,22298214,45.69,0.12000000,0
1506427565,22298206,45.65,1.56758000,1
1506427557,22298194,45.74,6.36000000,0
1506427557,22298193,45.74,18.21000000,0
1506427557,22298192,45.69,0.12000000,0
1506427530,22298159,45.58,1.43489700,1
1506427524,22298145,45.69,0.12000000,0
1506427524,22298143,45.64,1.81880258,0
1506427524,22298142,45.63,0.83240181,0
1506427523,22298141,45.63,0.98680095,0
1506427523,22298139,45.62,1.00000000,0
1506427523,22298137,45.61,1.75000000,0
1506427521,22298131,45.61,2.25000000,0
1506427521,22298130,45.59,0.12000000,0
1506427504,22298094,45.51,1.13510300,1
1506427427,22297983,45.55,1.04605423,1
1506427424,22297974,45.61,1.00000000,0
1506427420,22297966,45.59,0.00000031,0
1506427420,22297965,45.59,1.69085869,1
1506427417,22297961,45.59,0.12000000,0
1506427411,22297959,45.55,1.05718021,0
1506427411,22297958,45.55,1.00000000,0
1506427410,22297957,45.54,1.82281979,0
1506427410,22297956,45.49,0.12000000,0
1506427366,22297892,45.52,4.88000000,0
1506427366,22297891,45.49,0.12000000,0
1506427361,22297862,45.51,7.58211267,1
1506427360,22297856,45.51,12.14432108,0
1506427352,22297835,45.51,1.81367892,0
1506427349,22297823,45.53,0.60935319,0
1506427349,22297822,45.53,0.15064681,0
1506427349,22297819,45.49,0.12000000,0
1506427348,22297817,45.39,0.12000000,0
1506427329,22297778,45.48,2.00000000,0
1506427307,22297752,45.49,1.81407685,0
1506427302,22297743,45.50,4.56110402,0
1506427301,22297742,45.50,0.88000000,0
1506427301,22297740,45.50,0.12000000,0
1506427301,22297738,45.50,2.18768197,0
1506427301,22297737,45.50,3.50000000,0
1506427301,22297735,45.49,0.12000000,0
1506427301,22297734,45.48,1.82522661,0
1506427300,22297733,45.47,2.42000000,0
1506427300,22297732,45.47,1.82563900,0
1506427300,22297731,45.47,0.98714175,0
1506427300,22297730,45.47,0.83848787,0
1506427299,22297729,45.43,2.00000000,0
1506427299,22297728,45.43,23.00000000,0
1506427299,22297727,45.42,1.82764733,0
1506427299,22297724,45.39,0.12000000,0
1506427298,22297723,45.32,1.83175167,0
1506427297,22297719,45.30,5.16168514,0
1506427296,22297717,45.26,33.45837400,1
1506427273,22297681,45.30,5.00000000,0
1506427263,22297664,45.30,4.00000000,0
1506427249,22297609,45.30,1.82230551,0
1506427244,22297601,45.30,4.13728460,0
1506427244,22297600,45.29,0.12000000,0
1506427243,22297599,45.28,1.58921902,0
1506427243,22297598,45.28,0.24410172,0
1506427243,22297596,45.27,1.83372733,0
1506427241,22297593,45.22,0.01018594,0
1506427197,22297541,45.19,0.12000000,0
1506427197,22297540,45.18,1.83739478,0
1506427197,22297538,45.16,1.67702983,0
1506427187,22297502,45.16,0.16126658,0
1506427187,22297499,45.14,1.83873342,0
1506427178,22297441,45.13,7.00000000,0
1506427075,22297296,45.13,2.21028141,0
1506427000,22297242,45.10,5.69661900,1
1506426924,22297150,45.10,0.47286700,1
1506426921,22297148,45.10,4.18050500,1
1506426903,22297131,45.13,20.00023000,0
1506426897,22297114,45.13,20.00000000,0
1506426830,22296985,45.10,0.14999779,0
1506426641,22296818,45.02,4.99962400,1
1506426606,22296788,45.02,8.00000000,1
1506426597,22296770,45.07,1.83175167,0
1506426592,22296763,45.10,1.63680709,0
1506426592,22296762,45.10,0.21219512,0
1506426592,22296761,45.09,0.41000000,0
1506426591,22296760,45.09,0.12000000,0
1506426591,22296758,45.08,1.15513158,0
1506426591,22296757,45.08,0.68642648,0
1506426591,22296756,45.07,1.84186937,0
1506426588,22296754,45.00,20.00000000,0
1506426588,22296753,45.00,7.91232684,0
1506426588,22296752,45.00,0.99000000,0
1506426588,22296749,45.00,0.17309919,0
1506426588,22296748,45.00,6.00000000,0
1506426587,22296747,45.00,1.00000000,0
1506426587,22296746,44.99,2.03000000,0
1506426587,22296745,44.99,9.00000000,0
1506426587,22296744,44.99,0.12000000,0
1506426587,22296743,44.99,0.12000000,0
1506426587,22296742,44.98,9.42349925,0
1506426587,22296741,44.97,0.12000000,0
1506426571,22296723,44.98,1.90650075,0
1506426571,22296722,44.98,1.09349925,0
1506426559,22296709,44.80,9.00058900,1
1506426557,22296708,44.98,2.88000000,0
1506426557,22296707,44.97,0.12000000,0
1506426512,22296683,44.89,0.12000000,0
1506426461,22296662,44.93,2.00000000,0
1506426442,22296643,44.93,1.59000000,0
1506426442,22296642,44.92,2.41000000,0
1506426406,22296603,44.93,16.99000000,0
1506426406,22296602,44.92,3.01000000,0
1506426380,22296577,44.93,79.42000000,0
1506426380,22296576,44.92,3.58000000,0
1506426368,22296569,44.92,16.49600000,0
1506426273,22296489,44.94,1.10959112,0
1506426247,22296480,44.97,43.34267289,0
1506426237,22296474,44.97,1.83582494,0
1506426232,22296470,44.98,0.34001426,0
1506426232,22296469,44.96,1.84642174,0
1506426232,22296468,44.96,1.84642174,0
1506426232,22296467,44.94,1.84714226,0
1506426230,22296466,44.89,0.12000000,0
1506426228,22296464,44.88,3.58565868,0
1506426154,22296426,44.87,18.21000000,0
1506426154,22296425,44.87,0.01184378,0
1506426142,22296421,44.83,0.94821328,0
1506426142,22296420,44.83,0.69664257,0
1506426132,22296418,44.83,0.06343352,0
1506426132,22296417,44.83,0.15350938,0
1506426127,22296415,44.81,1.73228968,0
1506426127,22296414,44.81,0.12000000,0
1506426115,22296412,44.80,51.79260795,0
1506426115,22296411,44.80,14.71013956,0
1506426060,22296393,44.79,4.14544044,0
1506426058,22296391,44.78,0.12000000,0
1506425992,22296361,44.79,1.16845277,0
1506425871,22296293,44.79,0.20000000,0
1506425852,22296278,44.80,1.84186937,0
1506425849,22296274,44.80,1.44799107,0
1506425848,22296269,44.79,5.50000000,0
1506425848,22296267,44.79,0.12000000,0
1506425848,22296264,44.78,1.10000000,0
1506425846,22296262,44.77,1.85432359,0
1506425845,22296261,44.71,1.29682200,0
1506425841,22296255,44.71,8.70317800,0
1506425829,22296243,44.69,0.12000000,0
1506425574,22296098,44.69,4.77651797,1
1506425574,22296096,44.69,27.83260000,1
1506425574,22296095,44.69,1.02754800,1
1506425552,22296069,44.69,27.83261100,1
1506425551,22296068,44.69,1.02204500,1
1506425550,22296066,44.69,6.12695300,1
1506425550,22296065,44.69,5.75565700,1
1506425548,22296063,44.69,35.00000000,0
1506425548,22296062,44.69,0.12000000,0
1506425523,22296023,44.68,7.76000000,0
1506425523,22296022,44.68,15.01400000,0
1506425456,22295964,44.59,0.12000000,0
1506425272,22295877,44.64,0.77419354,0
1506425270,22295876,44.59,0.12000000,0
1506425260,22295873,44.64,4.35058243,1
1506425258,22295872,44.59,0.12000000,0
1506425244,22295841,44.64,2.40255376,1
1506425244,22295840,44.63,6.42000000,1
1506425242,22295839,44.59,0.12000000,0
1506425225,22295826,44.67,20.82583389,1
1506425225,22295825,44.66,9.22000000,1
1506425224,22295823,44.63,59.11862900,1
1506425224,22295822,44.59,0.12000000,0
1506425223,22295820,44.49,0.12000000,0
1506425184,22295713,44.68,95.51633840,1
1506425183,22295712,44.68,112.00000000,0
1506425183,22295711,44.63,10.96000000,0
1506425181,22295710,44.57,4.82571483,0
1506425166,22295692,44.45,25.47057000,1
1506425140,22295673,44.57,134.29728517,0
1506425116,22295659,44.60,0.62017937,0
1506425116,22295658,44.59,0.12000000,0
1506425114,22295653,44.56,38.43800000,0
1506425107,22295648,44.42,0.40000000,1
1506424747,22295399,44.57,1.11891407,0
1506424181,22295096,44.68,5.11287560,1
1506424180,22295095,44.60,8.10100000,0
1506424179,22295094,44.59,0.12000000,0
1506424129,22295084,44.54,0.94821328,1
1506424127,22295083,44.58,1.85177415,1
1506424123,22295079,44.55,2.76814793,1
1506424110,22295075,44.54,0.84049062,0
1506424110,22295074,44.54,0.12000000,0
1506424104,22295066,44.53,0.81900000,0
1506424102,22295065,44.49,0.12000000,0
1506424069,22295046,44.53,8.13600000,0
1506424066,22295041,44.53,5.57000000,0
1506424065,22295040,44.49,0.12000000,0
1506424038,22295035,44.53,17.00000000,0
1506424008,22295022,44.53,0.20000000,0
1506424001,22295019,44.53,1.37293751,0
1506423938,22294984,44.49,1.73228968,1
1506423937,22294982,44.50,0.30780868,0
1506423937,22294981,44.50,1.00000000,0
1506423936,22294979,44.49,0.12000000,0
1506423935,22294977,44.42,0.66018740,0
1506423673,22294829,44.39,0.12000000,0
1506423267,22294483,44.42,0.33678523,0
1506423266,22294480,44.37,1.28000000,1
1506423225,22294462,44.42,0.11211166,0
1506423177,22294426,44.42,0.75956776,0
1506423166,22294422,44.39,0.12000000,0
1506423030,22294349,44.41,2.00000000,0
1506423005,22294330,44.41,2.24611574,0
1506422988,22294317,44.41,10.00000000,0
1506422767,22294202,44.39,0.12000000,0
1506422716,22294166,44.30,1.00000000,1
1506422714,22294164,44.41,12.24412600,1
1506422618,22294070,44.41,7.75587400,1
1506422526,22294019,44.41,8.95000000,0
1506422526,22294018,44.40,17.00000000,0
1506422521,22294014,44.40,10.00000000,0
1506422517,22294009,44.40,23.00000000,0
1506422499,22294000,44.39,2.00000000,0
1506422483,22293985,44.39,5.88000000,0
1506422483,22293984,44.39,0.12000000,0
1506422470,22293971,44.38,2.00000000,0
1506422460,22293960,44.38,1.94411897,0
1506422424,22293925,44.31,7.00000000,0
1506422406,22293911,44.31,7.00000000,0
1506422382,22293860,44.30,38.72000000,0
1506422379,22293855,44.32,12.00000000,0
1506422377,22293853,44.33,7.00000000,0
1506422346,22293789,44.29,0.74986000,1
1506422339,22293782,44.30,6.26919600,0
1506422310,22293759,44.30,11.46978400,0
1506422310,22293758,44.30,11.45831000,0
1506422307,22293757,44.29,0.99400000,1
1506422300,22293746,44.29,0.12000000,0
1506422293,22293737,44.34,1.87191664,0
1506422293,22293736,44.34,0.87242052,0
1506422282,22293726,44.29,0.12000000,0
1506422282,22293725,44.28,2.31000000,0
1506422209,22293648,44.29,0.88000000,1
1506422209,22293647,44.29,0.12000000,0
1506422014,22293522,44.20,0.22254464,0
1506422013,22293521,44.19,0.12000000,0
1506422010,22293520,44.16,15.00000000,0
1506421874,22293441,44.10,15.98552606,0
1506421826,22293406,44.10,9.00000000,0
1506421816,22293399,44.10,3.88000000,0
1506421816,22293398,44.09,0.12000000,0
1506421583,22293158,44.02,11.00000000,0
1506421574,22293155,44.02,2.00000000,0
1506421567,22293153,44.04,24.00000000,0
1506421555,22293143,43.99,1.00000000,0
1506421552,22293139,44.00,15.28296590,1
1506421521,22293107,44.00,42.78703400,1
1506421521,22293106,44.01,6.72812000,1
1506421520,22293104,44.01,16.80000000,1
1506421520,22293103,44.01,1.57957300,1
1506421520,22293102,44.01,8.55484600,1
1506421519,22293101,44.01,1.08179300,1
1506421519,22293100,44.01,3.97603200,1
1506421519,22293099,44.01,1.00599500,1
1506421519,22293098,44.01,4.22440600,1
1506421519,22293096,44.01,2.08220100,1
1506421519,22293095,44.01,1.37703400,1
1506421510,22293088,44.01,1.34000000,1
1506421510,22293087,44.01,6.28296600,1
1506421509,22293086,44.01,7.66000000,1
1506421402,22292989,44.00,158.47661400,1
1506421402,22292988,44.01,4.07000000,1
1506421402,22292986,44.01,52.00000000,1
1506421402,22292985,44.01,0.12000000,1
1506421399,22292982,43.99,0.87834962,0
1506421397,22292981,43.99,13.88000000,0
1506421397,22292980,43.98,0.12000000,0
1506421393,22292971,43.99,106.26165038,0
1506421390,22292964,43.99,12.88000000,0
1506421390,22292963,43.98,0.12000000,0
1506421386,22292960,43.99,6.00000000,0
1506421381,22292951,43.99,6.34000000,0
1506421381,22292949,43.98,6.66000000,0
1506421347,22292903,43.98,0.32905605,0
1506421326,22292882,43.99,15.00000000,0
1506421279,22292822,43.99,1.00000000,0
1506421239,22292770,43.99,0.12000000,0
1506421221,22292740,44.00,2.00000000,1
1506421121,22292699,44.00,1.49000000,0
1506421029,22292667,44.01,14.38000000,0
1506421028,22292666,43.99,0.12000000,0
1506420899,22292539,43.90,1.20890400,1
1506420790,22292463,43.99,1.01331870,1
1506420790,22292462,43.99,0.12000000,0
1506420789,22292461,43.87,1.29124100,1
1506420710,22292363,43.98,0.88000000,0
1506420710,22292362,43.89,0.12000000,0
1506420642,22292318,43.95,18.00000000,0
1506420599,22292269,43.95,1.00000000,0
1506420596,22292266,43.95,24.50001000,0
1506420596,22292265,43.94,1.49999000,0
1506420590,22292264,43.95,23.00000000,0
1506420574,22292262,43.89,0.12000000,0
1506420476,22292144,43.91,7.88000000,0
1506420476,22292143,43.89,0.12000000,0
1506420368,22292049,43.88,9.63000000,0
1506420360,22292022,43.89,3.72500000,1
1506420358,22292015,43.89,46.15500000,0
1506420358,22292013,43.89,0.12000000,0
1506420154,22291829,43.89,0.12000000,0
1506420137,22291824,43.88,4.30000000,0
1506419996,22291600,43.88,8.81900000,0
1506419986,22291580,43.87,46.36000000,0
1506419986,22291579,43.86,11.44000000,0
1506419986,22291577,43.85,21.76200000,0
1506419901,22291362,43.88,76.76000000,0
1506419900,22291360,43.86,36.24000000,0
1506419898,22291350,43.87,8.00000000,0
1506419894,22291327,43.87,2.00000000,0
1506419883,22291292,43.77,44.99000000,1
1506419883,22291291,43.78,7.12000000,1
1506419854,22291188,43.83,0.05100000,1
1506419852,22291180,43.83,52.94900000,0
1506419850,22291169,43.82,1.00000000,1
1506419849,22291167,43.82,44.76000000,0
1506419845,22291137,43.82,3.53000000,0
1506419843,22291128,43.81,2.94110934,0
1506419838,22291090,43.82,27.47000000,0
1506419829,22291040,43.70,1.00000000,1
1506419776,22290963,43.85,3.28668000,0
1506419775,22290961,43.84,20.36240000,0
1506419596,22290767,43.93,0.92442522,0
1506419594,22290765,43.89,0.12000000,0
1506419328,22290593,43.88,0.54110681,0
1506419307,22290591,43.88,2.27324521,0
1506419295,22290583,43.76,5.00000000,1
1506419253,22290562,43.80,0.20838502,1
1506419142,22290534,43.79,0.12000000,0
1506419129,22290532,43.79,0.12000000,0
1506418644,22290253,43.95,5.88023000,0
1506418643,22290251,43.89,0.12000000,0
1506418340,22290087,43.76,7.00000000,1
1506418306,22290069,43.79,0.12000000,0
1506417996,22289885,43.94,0.00000015,1
1506417862,22289645,43.94,1.71601763,1
1506417862,22289644,43.99,0.24482837,1
1506417777,22289560,43.99,2.09205200,1
1506417762,22289551,44.00,1.13000000,1
1506417563,22289184,44.01,1.13315156,0
1506417313,22288811,44.09,2.81032581,0
1506417313,22288810,44.09,0.12000000,0
1506417209,22288672,44.00,3.43910668,1
1506417208,22288671,44.01,6.31000000,1
1506417208,22288670,44.01,4.36500355,1
1506417158,22288645,44.01,2.98000000,1
1506417157,22288644,44.10,6.29589915,1
1506417156,22288643,44.11,32.52000000,1
1506417096,22288617,44.10,4.54013583,1
1506417012,22288598,44.10,9.77896962,1
1506416984,22288571,44.10,5.63502800,1
1506416976,22288562,44.10,6.15580800,1
1506416555,22288289,44.10,2.00000000,1
1506416530,22288283,44.09,0.12000000,0
1506416428,22287896,44.10,7.89000908,0
1506416428,22287893,44.10,13.24399092,0
1506416426,22287867,44.09,9.25728800,0
1506416426,22287864,44.09,0.12000000,0
1506416417,22287723,44.01,0.12000000,1
1506416413,22287660,44.01,1.32790000,1
1506416395,22287401,44.01,0.12000000,1
1506416354,22286791,43.99,0.12000000,0
1506416348,22286693,43.98,16.00000000,0
1506416311,22286135,43.99,0.12000000,0
1506416238,22285057,44.12,13.07535242,1
1506416237,22285050,44.12,8.43629729,0
1506416179,22284210,44.09,11.42386000,1
1506416176,22284159,44.10,29.09718600,1
1506416095,22283058,44.28,24.79290973,0
1506416094,22283052,44.23,0.60000000,0
1506416094,22283044,44.19,16.55500000,0
1506416094,22283040,44.19,14.43327700,1
1506415813,22279036,43.97,2.80493500,1
1506415784,22278586,44.13,0.32835784,0
1506415784,22278584,44.09,0.12000000,0
1506415525,22274875,43.97,1.51783300,1
1506415419,22273228,44.28,51.05000000,0
1506415419,22273226,44.27,0.71000000,0
1506415419,22273223,44.19,0.12000000,0
1506415418,22273220,44.15,0.12000000,0
1506415325,22271788,44.15,16.19500000,0
1506415325,22271785,44.09,0.12000000,0
1506415218,22270293,43.99,0.12000000,0
1506415119,22268951,43.98,8.29000000,0
1506414843,22265136,44.16,1.91023000,0
1506414842,22265130,44.15,0.85000000,0
1506414842,22265123,44.09,0.12000000,0
1506414840,22265103,43.99,0.12000000,0
1506414685,22262802,43.98,6.00000000,0
1506414469,22259735,44.15,0.78391845,0
1506414467,22259702,44.09,0.12000000,0
1506414306,22257451,43.96,2.00000000,0
1506414303,22257411,43.96,12.28799800,1
1506414073,22254136,44.11,1.13058263,0
1506413714,22252187,44.11,1.35683518,0
1506413693,22252170,44.12,68.41713979,0
1506413692,22252169,44.11,1.62000000,0
1506413692,22252168,44.11,16.60729762,1
1506413692,22252167,44.09,0.12000000,0
1506413690,22252166,44.05,3.68033812,0
1506413353,22251770,44.03,4.41090280,1
1506413351,22251768,44.03,0.12000000,0
1506413234,22251705,44.06,4.25403478,0
1506413234,22251704,44.06,0.34000000,0
1506413232,22251702,44.01,0.24000000,0
1506412844,22251543,44.24,11.17400000,0
1506412844,22251542,44.23,0.35000000,1
1506412844,22251541,44.21,27.99600000,0
1506412843,22251539,44.19,0.12000000,0
1506412843,22251538,44.17,0.12000000,0
1506412843,22251537,44.15,0.12000000,0
1506412841,22251536,44.09,0.12000000,0
1506412737,22251392,44.11,3.51327000,1
1506412593,22251295,44.14,1.25464409,1
1506412584,22251278,44.14,20.76200000,1
1506412422,22251093,44.14,6.08064200,1
1506412379,22251046,44.14,3.75267000,1
1506412313,22250973,44.17,6.10000000,0
1506412283,22250909,44.18,1.86865205,0
1506412280,22250905,44.09,1.00000000,1
1506412277,22250902,44.09,0.88000000,0
1506412275,22250901,44.09,0.12000000,0
1506412271,22250898,44.05,5.34661133,0
1506412269,22250889,44.05,12.00000000,0
1506412263,22250883,44.05,0.11147203,0
1506412256,22250881,44.05,15.88000000,0
1506412256,22250880,43.99,0.12000000,0
1506412209,22250843,44.04,1.00000000,0
1506412208,22250841,44.04,5.00000000,0
1506412154,22250805,44.05,1.87191664,0
1506412146,22250786,44.05,7.36000000,0
1506412146,22250784,44.04,1.40000000,0
1506412146,22250782,44.04,0.12000000,0
1506412146,22250781,43.99,0.12000000,0
1506412145,22250780,43.98,13.00000000,0
1506412135,22250766,43.97,18.00000000,0
1506412131,22250764,43.97,9.00000000,0
1506412120,22250754,43.98,2.00000000,0
1506412116,22250749,43.97,1.00000000,1
1506412114,22250747,43.98,42.51755800,0
1506412107,22250740,43.98,5.00000000,0
1506411953,22250538,44.02,0.97324622,0
1506411953,22250537,44.02,5.92299951,0
1506411953,22250536,43.99,0.12000000,0
1506411953,22250535,43.95,2.98375427,0
1506411951,22250524,43.95,22.69624573,0
1506411950,22250519,43.95,9.00000000,0
1506411942,22250473,43.95,1.37000000,0
1506411928,22250415,43.95,1.00000000,0
1506411925,22250400,43.95,11.00000000,0
1506411913,22250342,43.96,5.92283746,1
1506411910,22250333,43.96,2.10156500,1
1506411908,22250324,43.96,5.92300000,0
1506411892,22250254,43.96,6.00000000,0
1506411885,22250234,43.96,7.00000000,0
1506411875,22250214,43.96,11.00000000,0
1506411871,22250213,43.96,2.00000000,0
1506411865,22250204,43.97,7.00000000,0
1506411857,22250195,43.97,11.81000000,0
1506411856,22250194,43.97,2.19000000,0
1506411814,22250124,43.89,0.12000000,0
1506411654,22250064,43.97,0.90743689,0
1506411543,22250036,44.02,27.65765561,0
1506411543,22250035,44.00,1.00000000,0
1506411542,22250034,43.99,2.61000000,0
1506411542,22250033,43.99,0.12000000,0
1506411542,22250032,43.98,13.82800000,0
1506411540,22250031,43.89,0.12000000,0
1506411167,22249885,43.88,1.63347311,1
1506411167,22249884,43.88,0.64000000,0
1506411079,22249826,43.79,0.12000000,0
1506411071,22249823,43.76,1.89560835,0
1506411067,22249822,43.70,2.14634123,0
1506411036,22249817,43.70,3.88000000,0
1506411036,22249816,43.69,0.12000000,0
1506410916,22249774,43.69,1.08870000,0
1506410911,22249773,43.69,6.02634100,0
1506410847,22249747,43.69,0.12000000,0
1506410847,22249746,43.69,1.70174417,0
1506410842,22249738,43.69,2.00000000,0
1506410825,22249717,43.69,4.00000000,0
1506410690,22249596,43.66,5.48491210,0
1506410689,22249595,43.66,0.50438154,0
1506410668,22249574,43.63,27.38937429,0
1506410595,22249502,43.60,3.04449398,0
1506410577,22249497,43.60,23.00000000,0
1506410574,22249496,43.60,2.00000000,0
1506410564,22249492,43.60,5.00000000,0
1506410488,22249464,43.60,3.00000000,0
1506410484,22249463,43.60,18.20000000,0
1506410484,22249462,43.59,3.80000000,0
1506410471,22249457,43.60,2.00000000,0
1506410463,22249454,43.60,2.00000000,0
1506410455,22249453,43.60,4.44000000,0
1506410454,22249452,43.59,5.56000000,0
1506410439,22249418,43.60,0.44000000,0
1506410439,22249417,43.59,5.56000000,0
1506410407,22249401,43.59,2.86000000,0
1506410407,22249400,43.59,7.14000000,0
1506410376,22249396,43.60,9.52000000,0
1506410376,22249395,43.59,8.48000000,0
1506410362,22249389,43.60,3.00000000,0
1506410346,22249372,43.60,4.00000000,0
1506410343,22249367,43.60,5.00000000,0
1506410304,22249362,43.59,7.00000000,0
1506410275,22249349,43.60,2.00000000,0
1506410272,22249346,43.60,15.00000000,0
1506410234,22249331,43.60,13.00000000,0
1506410231,22249330,43.60,3.00000000,0
1506409696,22249163,43.51,2.62468376,1
1506409692,22249159,43.59,6.01390108,0
1506409405,22248988,43.44,4.74447491,1
1506409397,22248984,43.59,2.68000000,1
1506409396,22248983,43.59,5.32000000,0
1506409353,22248969,43.59,5.32000000,0
1506409349,22248967,43.59,1.00000000,0
1506409343,22248965,43.46,0.77163555,0
1506409341,22248962,43.46,0.00054062,1
1506409335,22248960,43.46,0.77217617,1
1506409330,22248958,43.46,1.80728321,1
1506409322,22248952,43.59,2.00000000,0
1506409317,22248947,43.59,0.56000000,1
1506409316,22248946,43.59,3.44000000,0
1506409304,22248937,43.59,4.55000000,1
1506409270,22248913,43.59,1.00000000,0
1506409263,22248908,43.60,8.77000000,0
1506409263,22248907,43.59,4.23000000,0
1506409256,22248902,43.59,3.00000000,0
1506409251,22248898,43.60,3.00000000,0
1506409246,22248894,43.60,23.00000000,0
1506409241,22248891,43.60,3.41000000,0
1506409241,22248890,43.59,8.59000000,0
1506409225,22248864,43.59,1.00000000,0
1506409219,22248855,43.59,10.00000000,0
1506409195,22248837,43.60,14.37509000,0
1506409195,22248836,43.59,5.62491000,0
1506409192,22248828,43.59,6.64509000,0
1506409192,22248827,43.57,0.35491000,0
1506409179,22248814,43.59,6.00000000,0
1506409175,22248806,43.59,1.00000000,0
1506409169,22248797,43.59,0.05000000,0
1506409168,22248796,43.56,0.03626739,0
1506409168,22248795,43.55,0.83197331,0
1506409168,22248794,43.54,0.28426533,0
1506409168,22248793,43.53,0.83197331,0
1506409149,22248783,43.54,0.28426533,0
1506409149,22248782,43.54,0.28426533,0
1506409143,22248779,43.54,0.28426533,0
1506409143,22248778,43.54,0.28426533,0
1506409143,22248777,43.52,1.13706132,0
1506409143,22248776,43.52,0.28426533,0
1506409097,22248743,43.49,0.12000000,0
1506409081,22248709,43.47,0.12000000,0
1506408699,22248540,43.51,3.61000000,0
1506408548,22248481,43.49,0.12000000,0
1506408386,22248374,43.49,0.12000000,0
1506408286,22248306,43.52,45.64678562,0
1506408286,22248305,43.52,67.74100000,0
1506408240,22248274,43.54,8.70000000,0
1506408237,22248273,43.53,2.00000000,0
1506408117,22248215,43.56,23.05000000,1
1506408117,22248212,43.55,47.95000000,0
1506407496,22247965,43.59,0.07000000,0
1506407496,22247964,43.58,9.81000000,1
1506407494,22247962,43.49,0.12000000,0
1506407252,22247852,43.48,9.08486660,0
1506407067,22247722,43.46,17.96400000,1
1506407066,22247721,43.47,15.98000000,1
1506406658,22247445,43.49,0.03079306,0
1506406631,22247417,43.49,0.74307463,0
1506406587,22247388,43.31,2.00000000,1
1506406577,22247375,43.41,4.15000000,0
1506406574,22247374,43.41,9.00000000,0
1506406571,22247369,43.41,10.15442297,1
1506406548,22247355,43.43,5.00000000,0
1506406545,22247354,43.43,11.00000000,0
1506406537,22247334,43.42,16.00000000,0
1506406507,22247271,43.40,13.93000000,0
1506406487,22247228,43.40,9.00000000,0
1506406481,22247225,43.41,1.00000000,0
1506406434,22247188,43.13,4.18932666,1
1506406434,22247187,43.13,18.12000000,0
1506406432,22247184,43.16,57.05000000,1
1506406432,22247183,43.16,120.36100000,1
1506406310,22247138,43.54,2.29099678,1
1506406300,22247136,43.37,15.76000000,0
1506406300,22247135,43.36,4.77000000,0
1506406251,22247100,43.38,52.00000000,0
1506406171,22247035,43.36,1.91439605,0
1506406160,22247012,42.85,2.44000000,1
1506406160,22247010,42.85,10.95019803,0
1506406159,22247007,42.85,8.00962500,0
1506406159,22247006,42.85,8.03651200,0
1506406159,22247005,42.85,11.10000000,0
1506406159,22247002,42.86,0.39350907,0
1506406158,22246999,42.86,0.30612408,0
1506406158,22246997,42.86,5.59651200,0
1506406158,22246996,42.86,12.80073000,0
1506406158,22246995,42.86,55.65306400,0
1506406158,22246994,42.86,50.04037000,0
1506406158,22246993,42.86,17.90932400,0
1506406158,22246992,42.86,16.04500000,0
1506406157,22246985,42.91,2.67000000,0
1506406157,22246984,42.91,7.42947642,0
1506406156,22246977,42.85,23.74000000,1
1506406156,22246975,42.85,9.00000000,0
1506406155,22246973,43.10,25.27308584,1
1506406155,22246972,43.11,0.26000000,0
1506406154,22246969,42.85,222.65337761,1
1506406154,22246968,42.85,25.18123398,0
1506406153,22246967,43.00,20.00000000,1
1506406153,22246965,43.00,5.22000000,1
1506406153,22246964,43.00,1.00000000,1
1506406153,22246963,43.00,1.00000000,1
1506406153,22246962,43.09,15.05017925,1
1506406152,22246961,43.09,54.52000000,0
1506406152,22246960,43.10,1.91439605,1
1506406152,22246959,43.18,2.52000000,1
1506406152,22246958,43.18,73.98778240,0
1506406151,22246957,43.26,20.10424372,1
1506406151,22246956,43.30,10.00000000,1
1506406151,22246955,43.49,2.03000000,1
1506406150,22246954,43.50,0.00015764,1
1506406087,22246905,43.55,0.21262916,0
1506406085,22246901,43.53,0.36000000,0
1506406040,22246844,43.50,0.13210127,1
1506406039,22246843,43.50,20.00000000,1
1506406039,22246842,43.50,2.00000000,1
1506406039,22246841,43.50,66.00077230,1
1506406038,22246839,43.51,1.86692715,1
1506406004,22246810,43.50,0.18676400,1
1506405927,22246769,43.51,0.00038700,1
1506405927,22246767,43.52,12.06000000,1
1506405739,22246698,43.57,0.12000000,0
1506405327,22246488,43.56,7.00000000,1
1506405012,22246375,43.69,5.59598409,0
1506404903,22246334,43.64,5.00000000,0
1506404903,22246333,43.63,56.08000000,0
1506404903,22246332,43.61,1.30480568,0
1506404683,22246233,43.55,5.96923077,1
1506404681,22246226,43.55,26.29299656,1
1506404377,22246078,43.51,7.75000000,1
1506404370,22246071,43.61,5.93622300,0
1506404338,22246047,43.51,7.75000000,1
1506404312,22245942,43.50,8.00000000,1
1506404299,22245920,43.50,7.37997912,1
1506404299,22245919,43.51,0.37002088,1
1506404259,22245911,43.51,7.75000000,1
1506403986,22245749,43.50,0.10665809,1
1506403986,22245747,43.50,1.00000000,1
1506403678,22245543,43.64,0.00026380,1
1506403499,22245479,43.64,13.63680110,1
1506403498,22245477,43.64,11.87445100,1
1506403461,22245463,43.64,5.37433500,1
1506403453,22245460,43.64,7.75000000,1
1506403435,22245450,43.65,1.23528065,1
1506403434,22245449,43.64,5.04000000,1
1506403432,22245448,43.64,5.73959200,1
1506403427,22245446,43.64,7.75000000,1
1506403411,22245440,43.64,7.93984800,1
1506403407,22245438,43.64,7.75000000,1
1506403406,22245437,43.64,0.95210700,1
1506403375,22245416,43.64,5.00000000,1
1506403375,22245414,43.64,1.14419847,1
1506403372,22245406,43.64,5.66109075,1
1506403370,22245404,43.64,1.14419847,1
1506403367,22245403,43.64,1.14385000,1
1506403364,22245401,43.64,7.87328000,1
1506403363,22245399,43.64,74.23375000,1
1506403363,22245398,43.64,15.17292300,1
1506403362,22245397,43.64,1.14358433,1
1506403361,22245393,43.64,6.56920257,1
1506403268,22245358,43.51,6.74539348,1
1506403167,22245287,43.52,2.08423200,1
1506403166,22245286,43.52,4.85368265,0
1506403165,22245284,43.52,1.89560835,1
1506403087,22245229,43.55,0.00006018,0
1506403085,22245227,43.55,18.11999953,1
1506403085,22245226,43.55,0.00000047,0
1506403084,22245225,43.55,2.96001400,0
1506403080,22245220,43.54,46.82997300,0
1506402856,22244911,43.67,2.93022300,0
1506402825,22244834,43.69,2.70038899,0
1506402825,22244833,43.68,12.54364700,0
1506402825,22244831,43.67,40.79596401,0
1506402824,22244828,43.67,15.00000000,1
1506402824,22244827,43.67,10.00000000,1
1506402824,22244826,43.69,6.20403599,1
1506402822,22244811,43.69,14.99999500,1
1506402759,22244611,43.90,1.83000000,1
1506402710,22244541,44.05,1.88023000,0
1506402709,22244540,43.99,0.12000000,0
1506402341,22244437,43.95,2.97912242,0
1506402337,22244434,43.89,0.12000000,0
1506402315,22244395,43.94,70.71557283,0
1506402127,22244350,43.90,13.30577303,0
1506402105,22244348,43.90,4.41630362,0
1506401768,22244306,43.90,34.84000000,1
1506401767,22244305,43.91,13.82000000,1
1506401764,22244304,43.89,0.12000000,0
1506400915,22244158,43.93,4.00000000,0
1506400901,22244153,43.93,0.88000000,0
1506400901,22244152,43.89,0.12000000,0
1506400230,22244039,43.89,0.12000000,0
1506400192,22244033,43.89,0.12000000,0
1506400140,22244023,43.90,2.00000000,0
1506399618,22243879,43.87,1.00000000,0
1506399290,22243768,43.85,5.24005000,0
1506399249,22243754,43.61,3.89399981,1
1506399249,22243753,43.61,11.00000000,0
1506399249,22243752,43.63,2.49000000,1
1506399248,22243750,43.65,10.93624100,0
1506399247,22243748,43.65,17.38400000,1
1506399125,22243680,43.89,1.00000000,0
1506399074,22243676,43.82,3.00000000,0
1506399071,22243675,43.80,1.00000000,0
1506398962,22243664,43.99,22.67560809,0
1506398941,22243661,43.90,2.27220957,1
1506398852,22243629,43.61,5.00000000,1
1506398852,22243628,43.65,25.00000000,1
1506398820,22243614,43.66,40.13913163,1
1506398820,22243613,43.66,20.10424372,1
1506398797,22243609,43.73,17.53247234,1
1506398784,22243607,43.74,29.86000000,0
1506398774,22243606,43.76,32.99000000,1
1506398774,22243605,43.79,34.90662465,1
1506398742,22243585,43.84,0.41570000,1
1506398711,22243564,44.03,1.25829451,0
1506398711,22243563,44.02,3.74193549,0
1506398710,22243562,44.03,0.12970949,0
1506398710,22243561,43.96,0.32308216,0
1506398648,22243552,44.06,10.71252687,0
1506398619,22243513,43.91,11.61466637,0
1506397974,22243324,44.23,0.56590549,1
1506397974,22243322,44.23,15.00000000,0
1506397921,22243291,44.31,26.66699052,0
1506397921,22243290,44.31,0.11500000,0
1506397920,22243289,44.30,2.42000000,0
1506397920,22243288,44.25,45.00000000,1
1506397920,22243287,44.20,0.11500000,0
1506397920,22243286,44.20,0.11500000,0
1506397919,22243285,44.17,12.12000000,0
1506397919,22243284,44.11,1.12291685,0
1506397919,22243283,44.09,0.11500000,0
1506397917,22243282,44.07,0.11500000,0
1506397917,22243281,44.07,0.11500000,0
1506397917,22243280,44.07,0.11500000,0
1506396221,22242825,44.09,3.00000000,0
1506396218,22242823,44.09,1.00000000,0
1506394636,22242287,44.25,4.00000000,0
1506394622,22242284,44.22,1.00000000,0
1506394621,22242283,44.22,1.00000000,0
1506394430,22242232,44.18,1.99932096,1
1506394421,22242231,44.17,1.00000000,0
1506392728,22241836,44.17,8.00000000,0
1506392713,22241828,44.06,15.68000000,0
1506392656,22241801,44.15,1.00000000,0
1506391190,22241240,44.18,4.00000000,0
1506390118,22240892,44.15,23.17938845,1
1506390094,22240887,44.14,4.37902131,1
1506390086,22240885,44.14,2.38939665,0
1506389620,22240673,43.98,12.62872042,1
1506389215,22240495,44.05,15.44000000,0
1506389184,22240475,44.04,2.56834696,0
1506389182,22240474,44.03,0.66731080,0
1506388721,22240404,43.85,1.00000000,1
1506388718,22240403,43.97,11.08295710,1
1506386808,22240037,44.14,4.30463801,0
1506386777,22240022,44.17,9.24337786,0
1506385013,22239718,43.96,2.00000000,1
