date,tid,price,amount,type
1506470297,22339607,52.09,0.56000000,1
1506470297,22339606,52.17,1.94000000,1
1506470292,22339601,52.17,40.00000000,1
1506470292,22339600,52.17,28.06000000,1
1506470292,22339599,52.19,11.94000000,1
1506468916,22339119,52.20,5.39549550,0
1506468900,22339111,52.20,60.00000000,0
1506468865,22339109,52.20,6.86800200,0
1506468767,22339095,52.19,3.81469400,0
1506468762,22339094,52.19,1.81567350,0
1506468743,22339091,52.19,1.17987430,1
1506468686,22339082,52.20,14.00000000,1
1506468543,22339019,52.22,1.72241000,1
1506468526,22338997,52.22,4.48896897,0
1506468523,22338993,52.22,3.66334000,0
1506468519,22338987,52.22,175.92300000,1
1506468519,22338986,52.23,15.00000000,1
1506468519,22338985,52.24,0.92469103,1
1506468119,22338817,52.48,1.90119380,1
1506467917,22338755,52.26,14.26000000,1
1506467915,22338754,52.28,150.86000000,1
1506467868,22338736,52.28,16.00000000,1
1506467632,22338667,52.29,9.00000000,1
1506467517,22338579,52.57,0.67012779,0
1506466979,22338376,52.29,0.15000000,1
1506466968,22338373,52.33,19.66051135,1
1506466855,22338252,52.24,2.39970669,0
1506466830,22338229,52.24,50.00000000,0
1506466829,22338227,52.24,2.65545500,0
1506466828,22338223,52.24,0.34679200,0
1506466826,22338221,52.24,3.22249000,0
1506466826,22338220,52.24,1.17497000,0
1506466826,22338219,52.24,3.23817700,0
1506466826,22338217,52.24,1.67219900,0
1506466822,22338212,52.24,17.35480100,0
1506466822,22338211,52.24,10.24707000,0
1506466822,22338210,52.23,15.49000000,0
1506466805,22338194,52.24,11.04364000,0
1506466802,22338190,52.24,6.69314700,0
1506466802,22338189,52.24,10.86956522,0
1506466801,22338188,52.24,4.62385000,0
1506466800,22338186,52.24,8.60048200,0
1506466800,22338184,52.24,11.04364500,0
1506466746,22338175,52.51,17.73681204,0
1506466712,22338159,52.20,105.00000000,1
1506466712,22338158,52.21,15.00000000,1
1506466702,22338147,52.26,40.93286523,1
1506466702,22338146,52.27,15.00000000,1
1506466687,22338139,52.23,4.06713477,1
1506466678,22338133,52.21,55.93286523,1
1506466667,22338129,52.50,4.06713477,1
1506466583,22338050,52.50,100.00000000,1
1506466562,22338042,52.50,40.00000000,1
1506466294,22337891,52.51,9.32801479,1
1506466179,22337798,52.53,5.00000000,1
1506465974,22337688,52.43,1.00000000,1
1506465811,22337622,52.75,37.20075900,1
1506465797,22337617,52.70,2.79924100,1
1506465718,22337605,52.48,0.62900000,0
1506465704,22337602,52.50,10.80000000,0
1506465694,22337590,52.92,21.32634164,1
1506465694,22337589,52.90,3.51000000,1
1506465694,22337588,52.74,17.56000000,1
1506465693,22337587,52.74,14.27800000,0
1506465308,22337449,52.76,25.50360121,1
1506465307,22337448,52.76,14.49639879,1
1506465059,22337378,52.84,8.37800000,0
1506464819,22337268,52.42,0.15090623,1
1506464819,22337267,52.42,2.33288821,1
1506464745,22337221,52.49,5.93943215,0
1506464742,22337216,52.49,8.86561300,0
1506464738,22337209,52.49,0.20000000,0
1506464730,22337208,52.49,5.93943200,0
1506464726,22337205,52.49,0.15282500,0
1506464707,22337200,52.49,0.20000000,0
1506464695,22337199,52.49,0.20000000,0
1506464664,22337195,52.49,0.20000000,0
1506464659,22337194,52.49,9.18794200,0
1506464656,22337192,52.49,60.00000000,0
1506464649,22337190,52.49,0.20000000,0
1506464542,22337159,52.82,5.70200000,0
1506464423,22337083,52.80,17.74271900,0
1506464368,22336991,52.46,8.49305335,1
1506463460,22336395,52.66,72.30057079,1
1506463120,22335699,52.68,40.00000000,0
1506463109,22335690,52.68,1.92000000,0
1506463105,22335688,52.71,38.08000000,1
1506463010,22335659,52.62,2.50130000,1
1506462821,22335551,52.99,1.03947820,0
1506462608,22335424,52.97,3.03754204,0
1506462608,22335423,52.96,0.24000000,0
1506462541,22335349,52.70,0.12000000,1
1506462540,22335347,52.71,0.12000000,1
1506462540,22335346,52.71,0.12000000,0
1506462397,22335174,52.71,22.40000000,0
1506462397,22335173,52.92,0.12000000,1
1506462396,22335171,52.93,0.12000000,1
1506462396,22335169,52.94,0.12000000,0
1506462394,22335161,52.94,0.12000000,1
1506461899,22334622,52.94,46.59530000,1
1506461861,22334592,52.94,20.00000000,1
1506461840,22334579,52.94,1.53669000,1
1506461823,22334562,52.94,2.67852000,1
1506461818,22334561,52.94,15.00000000,1
1506461814,22334556,52.94,19.12389524,1
1506461806,22334553,52.94,6.61433300,1
1506461806,22334552,52.94,11.52337900,1
1506461806,22334551,52.94,45.43863000,1
1506461805,22334549,52.94,5.92878731,1
1506461578,22334339,52.97,2.88157734,0
1506461442,22334252,52.70,88.20366681,0
1506461261,22334130,52.70,7.48336534,0
1506461197,22334116,52.70,0.10697700,0
1506461113,22334096,52.70,4.26082800,0
1506460904,22333983,52.60,0.12000000,1
1506460681,22333893,52.70,0.92600000,0
1506460661,22333884,52.60,41.41508056,1
1506460654,22333881,52.60,0.12000000,1
1506460653,22333880,52.60,0.12000000,1
1506460651,22333879,52.60,0.12000000,1
1506460650,22333878,52.60,0.12000000,1
1506460642,22333874,52.61,0.12000000,0
1506460641,22333872,52.61,45.77000000,1
1506460641,22333871,52.61,0.12000000,1
1506460567,22333818,52.70,0.53684100,0
1506460326,22333664,52.70,16.86603416,0
1506460321,22333657,52.61,0.12000000,0
1506460247,22333619,52.65,18.00000000,1
1506460165,22333590,52.65,1.00000000,1
1506460159,22333586,52.65,1.00000000,1
1506459977,22333396,52.59,27.48311100,0
1506459976,22333395,52.59,0.67850000,0
1506459972,22333387,52.59,1.76217344,0
1506459969,22333384,52.59,10.17810000,0
1506459968,22333381,52.59,0.67850000,0
1506459966,22333380,52.59,10.17470000,0
1506459960,22333376,52.59,8.70022200,0
1506459959,22333374,52.59,15.17470000,0
1506459959,22333373,52.59,0.67800000,0
1506459902,22333311,52.69,13.05000000,0
1506459902,22333310,52.69,16.76000000,0
1506459881,22333295,52.69,13.97065500,0
1506459878,22333294,52.69,1.53934500,0
1506459877,22333293,52.69,0.68000000,0
1506459877,22333292,52.69,2.49179000,0
1506459761,22333217,52.50,2.25343300,0
1506459756,22333208,52.50,0.68000000,0
1506459738,22333187,52.50,49.06922516,0
1506459737,22333186,52.50,24.21517900,0
1506459727,22333172,52.53,10.93077484,1
1506459699,22333147,52.39,0.68020000,0
1506459696,22333145,52.39,10.20060000,0
1506459692,22333141,52.39,2.28064138,0
1506459687,22333138,52.39,2.28064138,0
1506459685,22333136,52.39,2.30483000,0
1506459632,22333100,52.36,0.30000000,1
1506459574,22333016,52.49,17.91646900,0
1506459562,22332984,52.49,0.49959100,0
1506459382,22332786,52.30,1.89934000,0
1506459341,22332697,52.32,43.84546323,1
1506459341,22332696,52.33,6.15453677,1
1506459124,22332272,52.36,51.25943599,0
1506458916,22332032,52.36,5.10499700,0
1506458908,22332023,52.37,1.46660000,0
1506458877,22331989,52.39,10.51500300,0
1506458835,22331952,52.44,3.11389524,0
1506458834,22331951,52.44,16.01000000,0
1506458833,22331948,52.40,16.01000000,0
1506458800,22331917,52.42,1.00000000,0
1506458408,22331488,52.23,1.49749986,0
1506458385,22331469,52.23,48.50250014,1
1506458347,22331437,52.23,5.00621217,1
1506458142,22331297,52.23,101.26628769,1
1506458142,22331296,52.30,105.88371231,1
1506458048,22331220,52.31,59.28159000,0
1506458047,22331219,52.31,0.71841000,1
1506458045,22331214,52.30,12.00000000,1
1506458000,22331171,52.30,0.50000000,1
1506457778,22330909,52.34,9.63063888,0
1506457730,22330859,52.31,1.18912058,1
1506457581,22330704,52.47,4.02669838,0
1506457566,22330694,52.31,8.88067099,1
1506457498,22330621,52.31,4.37446018,1
1506457307,22330440,52.50,6.43185000,0
1506457149,22330188,52.22,5.41799737,1
1506457124,22330154,52.24,9.00000000,1
1506457116,22330140,52.22,30.06000000,1
1506457116,22330139,52.22,104.00000000,1
1506457116,22330138,52.24,15.00000000,1
1506457115,22330137,52.39,0.94000000,1
1506457021,22329963,52.56,3.37535000,0
1506456909,22329855,52.41,0.12000000,1
1506456499,22329536,52.60,1.04296578,0
1506456306,22329453,52.65,11.91036600,1
1506456306,22329452,52.70,26.39137000,0
1506456306,22329451,52.69,21.95863000,0
1506456292,22329430,52.65,38.08963400,1
1506456282,22329415,52.66,9.45000000,1
1506455538,22328950,52.65,10.80000000,1
1506455537,22328948,52.95,66.94894443,1
1506455535,22328947,52.95,15.00000000,0
1506455305,22328644,52.80,13.94000000,1
1506455293,22328632,52.80,223.00000000,1
1506455292,22328631,52.80,107.00000000,1
1506455292,22328629,52.80,16.57000000,1
1506455290,22328626,52.78,119.00000000,0
1506455290,22328625,52.71,114.00000000,0
1506455239,22328476,52.70,0.56000000,1
1506455239,22328475,52.70,9.44000000,1
1506455218,22328456,52.71,4.06867767,0
1506455217,22328455,52.61,23.19273903,1
1506455175,22328396,52.60,216.71000000,1
1506455175,22328395,52.61,27.29000000,1
1506455121,22328248,52.63,105.93500000,0
1506455107,22328170,52.57,16.65065042,0
1506455031,22327821,52.51,0.15000000,1
1506454971,22327730,52.32,5.85544341,1
1506454907,22327569,52.60,1.35827300,0
1506454872,22327375,52.51,9.28525200,1
1506454872,22327374,52.52,9.88687600,1
1506454870,22327366,52.52,7.70312400,1
1506454867,22327357,52.52,6.17348001,1
1506454859,22327319,52.51,611.79999998,0
1506454858,22327318,52.50,3.43000000,0
1506454858,22327317,52.50,15.23041684,0
1506454813,22327251,52.48,0.55565058,0
1506454809,22327245,52.48,0.55558571,0
1506454808,22327240,52.48,1.88930000,0
1506454806,22327235,52.48,7.23829458,0
1506454803,22327212,52.48,0.55587858,0
1506454798,22327201,52.48,40.54077068,0
1506454787,22327173,52.48,11.40770000,0
1506454786,22327170,52.47,0.67900000,0
1506454781,22327166,52.47,0.67900000,1
1506454778,22327163,52.48,0.55581751,0
1506454777,22327158,52.48,7.24161711,0
1506454772,22327148,52.48,35.44271675,0
1506454750,22327129,52.31,5.98000000,1
1506454749,22327127,52.30,939.35455835,0
1506454747,22327126,52.30,8.60000000,0
1506454744,22327124,52.30,5.72800000,0
1506454743,22327120,52.30,0.67910000,0
1506454737,22327112,52.29,7.11000000,1
1506454737,22327111,52.30,0.84110000,0
1506454737,22327110,52.30,0.84110000,0
1506454737,22327109,52.30,0.84100000,0
1506454737,22327108,52.30,0.84100000,0
1506454736,22327107,52.30,0.84080000,0
1506454736,22327106,52.30,0.84080000,0
1506454736,22327105,52.30,0.84100000,0
1506454733,22327103,52.30,0.84100000,0
1506454733,22327102,52.30,0.84100000,0
1506454733,22327101,52.30,0.84100000,0
1506454732,22327100,52.30,0.84100000,0
1506454731,22327094,52.30,1.90800000,0
1506454730,22327091,52.30,0.67830000,0
1506454730,22327090,52.30,1.00000000,0
1506454729,22327088,52.30,1.00000000,0
1506454728,22327086,52.30,0.67910000,0
1506454724,22327077,52.30,1.00000000,0
1506454718,22327063,52.30,37.58630000,0
1506454717,22327062,52.30,0.67920000,0
1506454710,22327045,52.30,10.18850000,0
1506454709,22327043,52.30,0.67920000,0
1506454708,22327040,52.30,10.18850000,0
1506454703,22327006,52.30,0.67830000,0
1506454702,22327002,52.30,10.18850000,0
1506454694,22326984,52.30,1.00000000,0
1506454693,22326980,52.30,1.00000000,0
1506454693,22326976,52.30,1.00000000,0
1506454690,22326970,52.30,0.20000000,0
1506454688,22326968,52.30,0.67910000,0
1506454684,22326965,52.29,1.96000000,1
1506454682,22326962,52.30,7.32820000,0
1506454681,22326961,52.30,0.67910000,0
1506454681,22326960,52.30,10.18680000,0
1506454674,22326956,52.30,0.67910000,0
1506454673,22326955,52.30,10.18680000,0
1506454670,22326951,52.30,10.18850000,0
1506454670,22326950,52.30,1.89420000,0
1506454669,22326948,52.30,1.00000000,0
1506454668,22326946,52.30,1.00000000,0
1506454664,22326943,52.30,2.40000000,0
1506454663,22326942,52.30,9.06720000,0
1506454663,22326941,52.30,0.60016000,0
1506454659,22326940,52.30,0.67920000,0
1506454658,22326939,52.30,10.18850000,0
1506454658,22326938,52.30,1.00000000,0
1506454653,22326921,52.30,0.67920000,0
1506454653,22326919,52.30,10.18850000,0
1506454651,22326918,52.30,7.35500000,0
1506454648,22326908,52.30,0.54464658,0
1506454647,22326907,52.30,0.20000000,0
1506454647,22326906,52.30,1.45500000,0
1506454630,22326847,52.30,0.20000000,0
1506454611,22326821,52.30,0.20000000,0
1506454601,22326817,52.30,50.00000000,0
1506454592,22326811,52.30,9.64560000,0
1506454581,22326805,52.30,0.20000000,0
1506454578,22326801,52.30,1.95700000,0
1506454555,22326784,52.30,0.55000000,0
1506454552,22326780,52.29,0.85120000,1
1506454552,22326779,52.29,1.47880000,1
1506454543,22326759,52.30,0.20000000,0
1506454537,22326746,52.30,4.44412100,0
1506454513,22326684,52.30,4.44500000,0
1506454511,22326680,52.30,1.35200000,0
1506454437,22326641,52.30,5.47417100,0
1506454399,22326623,52.30,5.08633800,0
1506454389,22326607,52.25,3.00000000,1
1506454389,22326605,52.25,50.00000000,1
1506454320,22326574,52.26,3.72340000,0
1506454319,22326573,52.26,1.00000000,0
1506454297,22326546,52.26,3.03807700,0
1506454275,22326501,52.25,2.77000000,1
1506454267,22326485,52.26,10.18680000,0
1506454266,22326483,52.26,2.30000000,0
1506454249,22326435,52.25,3.29000000,1
1506454244,22326421,52.26,1.19552500,0
1506454240,22326389,52.26,20.91007500,0
1506454231,22326321,52.26,9.99390000,0
1506454231,22326319,52.26,4.50000000,0
1506454220,22326258,52.25,3.09800000,0
1506454199,22326064,52.00,96.88450793,0
1506454199,22326062,52.00,0.67810000,0
1506454198,22326054,52.00,7.03900000,0
1506454190,22325965,52.18,10.17470000,1
1506454171,22325916,51.82,30.48700000,1
1506454171,22325915,51.82,17.49000000,0
1506454170,22325914,52.00,12.00000000,1
1506454170,22325913,52.10,55.71786900,0
1506454170,22325912,52.10,66.30513100,0
1506454170,22325911,52.09,45.46471900,0
1506454170,22325910,52.09,13.16528100,0
1506454168,22325908,52.10,50.00000000,1
1506454151,22325903,52.13,3.26300000,0
1506454141,22325882,52.17,7.95170000,1
1506454138,22325872,52.19,2.00000000,0
1506454138,22325871,52.17,0.82360000,1
1506454137,22325870,52.17,10.17640000,1
1506454121,22325854,51.84,2.66512400,0
1506454121,22325853,51.84,18.78000000,1
1506454121,22325852,51.86,58.63000000,0
1506454120,22325851,52.00,1.00000000,1
1506454120,22325850,52.11,15.94860600,1
1506454118,22325849,52.17,1.97627000,1
1506454113,22325840,52.11,55.54682556,0
1506454113,22325839,52.11,1.34700000,0
1506454113,22325836,52.11,17.78276722,0
1506454113,22325835,52.11,15.77423700,0
1506454112,22325834,52.11,84.54917022,0
1506454112,22325832,52.11,45.68246478,0
1506454108,22325823,52.11,2.53962771,1
1506454107,22325822,52.11,11.77790751,1
1506454087,22325815,52.27,17.42887500,0
1506454083,22325810,52.15,3.63158749,1
1506454074,22325800,52.20,1.00000000,0
1506454067,22325795,52.20,60.00000000,0
1506454057,22325785,52.20,2.00400800,0
1506454057,22325783,52.20,8.33582375,0
1506454046,22325766,52.27,3.64611700,0
1506454045,22325765,52.20,1.00000000,1
1506454043,22325761,52.30,1.72204801,0
1506454042,22325756,52.30,3.00000000,0
1506454041,22325754,52.30,1.50000000,0
1506454040,22325751,52.30,0.15539999,0
1506454040,22325749,52.30,24.30186200,0
1506454039,22325747,52.30,3.32255200,0
1506454037,22325740,52.30,0.30000000,0
1506454037,22325736,52.30,50.00000000,0
1506454029,22325704,52.29,0.15000000,1
1506454029,22325702,52.29,2.49880047,1
1506454025,22325690,52.29,0.50000000,1
1506454019,22325675,52.30,1.50573613,0
1506454017,22325663,52.30,9.70000000,0
1506454012,22325648,52.30,10.13860000,0
1506454011,22325646,52.29,0.60038998,1
1506454011,22325645,52.29,2.33961002,1
1506454010,22325642,52.30,7.47867200,0
1506454007,22325641,52.30,90.23513600,0
1506454004,22325637,52.30,1.00000000,0
1506454002,22325635,52.30,24.86110000,0
1506454001,22325633,52.30,28.23629500,0
1506454000,22325631,52.30,2.39700000,0
1506454000,22325629,52.30,5.52512500,0
1506453999,22325625,52.30,20.08407600,0
1506453999,22325624,52.30,27.08659500,0
1506453997,22325620,52.30,36.99177700,0
1506453997,22325618,52.30,36.99177700,0
1506453996,22325613,52.30,5.95926000,0
1506453996,22325612,52.30,3.19365000,0
1506453996,22325611,52.30,6.18880600,0
1506453995,22325599,52.30,10.50969000,0
1506453994,22325597,52.30,3.67229400,0
1506453994,22325595,52.30,13.34310600,0
1506453993,22325590,52.30,7.61014900,0
1506453993,22325583,52.30,12.62710800,0
1506453992,22325578,52.30,5.58925300,0
1506453991,22325575,52.30,88.88367200,0
1506453991,22325574,52.30,177.70000000,0
1506453991,22325573,52.30,14.47279600,0
1506453991,22325570,52.30,14.79240800,0
1506453991,22325569,52.30,100.55297000,0
1506453986,22325566,52.30,40.40960000,0
1506453985,22325565,52.29,3.50000000,1
1506453984,22325564,52.30,0.67590000,0
1506453982,22325560,52.30,0.67590000,0
1506453982,22325559,52.30,10.13860000,0
1506453980,22325557,52.30,5.26375700,0
1506453980,22325556,52.30,15.53877100,0
1506453980,22325555,52.30,14.79339000,0
1506453980,22325554,52.30,31.29623100,0
1506453979,22325551,52.30,8.10000000,0
1506453979,22325550,52.30,2.77560000,0
1506453976,22325548,52.30,17.35197000,0
1506453975,22325545,52.30,2.38808800,0
1506453973,22325543,52.30,14.79339000,0
1506453973,22325542,52.30,8.47651000,0
1506453972,22325537,52.30,1.00000000,0
1506453969,22325534,52.30,28.23800000,0
1506453969,22325532,52.30,10.13680000,0
1506453964,22325500,52.30,16.78438500,0
1506453964,22325499,52.30,11.55618200,0
1506453964,22325495,52.30,3.19904000,0
1506453964,22325492,52.30,0.67580000,0
1506453963,22325487,52.30,15.98730300,0
1506453963,22325484,52.30,10.39307000,0
1506453963,22325483,52.30,85.66886100,0
1506453962,22325479,52.30,102.46178500,0
1506453961,22325476,52.30,10.13680000,0
1506453959,22325467,52.29,1.19038998,1
1506453958,22325465,52.29,2.95961002,1
1506453957,22325463,52.30,0.67580000,0
1506453956,22325458,52.30,17.54050000,0
1506453956,22325456,52.30,10.13680000,0
1506453956,22325451,52.30,16.65854800,0
1506453956,22325450,52.30,15.59592600,0
1506453956,22325449,52.30,26.36160800,0
1506453955,22325448,52.30,11.41464500,0
1506453955,22325447,52.30,44.77699100,0
1506453955,22325444,52.30,15.53877100,0
1506453954,22325442,52.30,14.54283400,0
1506453954,22325439,52.30,9.59132100,0
1506453954,22325438,52.30,11.51014000,0
1506453954,22325437,52.30,19.89272200,0
1506453953,22325436,52.30,19.91241000,0
1506453953,22325433,52.30,109.49948900,0
1506453953,22325431,52.30,14.17614100,0
1506453953,22325430,52.30,14.95781500,0
1506453952,22325429,52.30,8.33865000,0
1506453952,22325428,52.30,24.11379400,0
1506453952,22325427,52.30,2.60000000,0
1506453952,22325426,52.30,6.82040200,0
1506453952,22325425,52.30,8.13741300,0
1506453951,22325422,52.30,57.74561400,0
1506453951,22325420,52.30,31.48163500,0
1506453951,22325419,52.30,10.39307000,0
1506453951,22325418,52.30,37.00141700,0
1506453950,22325417,52.30,151.94486600,0
1506453950,22325415,52.30,42.85196400,0
1506453950,22325414,52.30,177.70000000,0
1506453950,22325413,52.30,0.67580000,0
1506453950,22325412,52.30,10.13680000,0
1506453949,22325410,52.30,4.35970800,0
1506453949,22325409,52.30,118.55347100,0
1506453949,22325408,52.30,21.78959800,0
1506453946,22325392,52.29,0.63958043,1
1506453945,22325391,52.29,4.00041957,1
1506453945,22325390,52.30,17.45260000,0
1506453944,22325389,52.30,3.00527000,0
1506453940,22325375,52.30,3.03605000,0
1506453936,22325356,52.30,17.35330000,0
1506453936,22325355,52.30,6.51108986,0
1506453935,22325346,52.30,0.25000000,0
1506453933,22325342,52.29,5.51000000,1
1506453933,22325339,52.30,28.12681100,0
1506453932,22325337,52.30,63.29868800,0
1506453932,22325335,52.30,29.30095300,0
1506453932,22325333,52.30,26.48547700,0
1506453932,22325329,52.30,10.25047400,0
1506453932,22325327,52.30,3.70994000,0
1506453932,22325326,52.30,79.93404500,0
1506453931,22325323,52.30,34.91593300,0
1506453931,22325320,52.30,1.33625900,0
1506453930,22325318,52.30,3.70994000,0
1506453930,22325316,52.30,10.25047400,0
1506453930,22325315,52.30,35.54247100,0
1506453930,22325314,52.30,2.70000000,0
1506453930,22325312,52.30,29.30095300,0
1506453929,22325305,52.30,177.70000000,0
1506453929,22325303,52.30,30.00836000,0
1506453929,22325301,52.30,37.98353900,0
1506453928,22325298,52.30,82.86900000,0
1506453928,22325296,52.30,18.10935600,0
1506453928,22325295,52.30,33.67722200,0
1506453928,22325294,52.30,5.50000000,0
1506453928,22325292,52.30,4.17507900,0
1506453927,22325286,52.30,31.25808800,0
1506453926,22325285,52.30,1.94799785,0
1506453926,22325278,52.30,48.31507600,0
1506453926,22325277,52.30,6.68129500,0
1506453925,22325273,52.30,3.60000000,0
1506453925,22325269,52.30,5.52600000,0
1506453924,22325266,52.30,2.39700000,0
1506453924,22325264,52.30,1.22000000,0
1506453924,22325263,52.30,20.96692160,0
1506453924,22325258,52.30,24.62045563,0
1506453923,22325256,52.29,35.37954391,0
1506453923,22325248,52.30,3.03925600,0
1506453923,22325245,52.30,18.41642600,0
1506453922,22325244,52.30,2.39700000,0
1506453922,22325243,52.30,17.89117300,0
1506453922,22325242,52.30,40.75818200,0
1506453922,22325240,52.30,6.21000000,0
1506453922,22325238,52.30,56.03844400,0
1506453921,22325234,52.30,165.15061283,0
1506453921,22325233,52.29,1.35438717,0
1506453920,22325230,52.29,5.67561283,0
1506453918,22325221,52.29,2.55819000,0
1506453915,22325209,52.29,1.52888000,0
1506453913,22325199,52.29,1.03941000,0
1506453907,22325171,52.28,1.00000000,0
1506453906,22325161,52.29,1.00000000,1
1506453903,22325152,52.30,5.35573000,0
1506453903,22325150,52.30,57.98914013,0
1506453901,22325148,52.30,3.35235000,0
1506453901,22325147,52.29,0.01439000,0
1506453899,22325145,52.29,1.75413000,0
1506453897,22325139,52.29,5.23666000,0
1506453894,22325132,52.29,1.84482000,0
1506453894,22325131,52.28,1.77000000,0
1506453880,22325102,52.29,3.07627000,0
1506453879,22325100,52.30,16.95890000,0
1506453877,22325098,52.29,16.95890000,0
1506453875,22325093,52.30,3.01370000,0
1506453873,22325087,52.30,7.46577000,0
1506453871,22325081,52.30,2.01415000,0
1506453871,22325078,52.30,11.00000000,0
1506453869,22325061,52.30,1.75194404,0
1506453868,22325058,52.30,15.00000000,1
1506453857,22325019,52.63,2.70000000,0
1506453839,22324965,52.66,2.32629386,1
1506453838,22324963,52.67,5.69358645,0
1506453837,22324962,52.67,3.13214355,0
1506453829,22324924,52.66,0.80650614,1
1506453829,22324923,52.67,0.35280000,1
1506453828,22324921,52.67,2.78000000,1
1506453827,22324920,52.00,0.05209533,1
1506453827,22324919,52.20,13.75790467,1
1506453827,22324917,52.70,0.10000000,1
1506453825,22324915,52.00,3.13279533,0
1506453823,22324913,52.00,1.17016003,0
1506453822,22324906,52.00,36.37057692,0
1506453818,22324903,52.00,45.23825900,0
1506453818,22324902,52.00,17.47176200,0
1506453817,22324901,52.00,12.87702900,0
1506453817,22324900,52.00,86.08364200,0
1506453817,22324899,52.00,2.70404900,0
1506453817,22324898,52.00,27.63942300,0
1506453817,22324897,52.00,18.27339400,0
1506453816,22324894,52.00,19.59489211,0
1506453816,22324893,51.99,3.44000000,0
1506453816,22324891,51.99,3.42608489,0
1506453815,22324890,51.99,7.32133742,0
1506453815,22324885,51.99,2.01980769,0
1506453813,22324882,51.99,4.41277000,1
1506453813,22324881,52.00,10.80000000,0
1506453811,22324867,52.00,4.51751000,0
1506453811,22324865,52.00,5.40000000,0
1506453811,22324860,52.00,50.00000000,0
1506453810,22324852,52.00,9.02941200,0
1506453810,22324851,52.00,7.07175197,0
1506453810,22324850,52.00,1.00000000,0
1506453809,22324846,52.00,0.10000000,0
1506453807,22324837,52.00,13.73557691,0
1506453806,22324831,52.00,18.64329561,0
1506453805,22324823,52.00,1.49193000,0
1506453804,22324814,52.00,7.39871892,0
1506453804,22324808,52.00,4.41192000,0
1506453804,22324807,52.00,4.46985924,0
1506453804,22324806,51.99,0.02058076,0
1506453803,22324803,51.99,4.21941924,0
1506453803,22324801,51.99,10.41692176,0
1506453802,22324795,51.99,5.00000000,0
1506453801,22324790,51.98,1.73557692,0
1506453800,22324783,51.99,2.58307824,1
1506453800,22324780,52.00,10.80000000,0
1506453799,22324776,52.00,3.99582212,0
1506453797,22324767,52.00,4.79744000,0
1506453796,22324761,52.00,27.73942307,0
1506453796,22324758,52.00,12.94190000,0
1506453794,22324743,52.00,7.21873857,0
1506453790,22324709,52.00,1.87653846,0
1506453789,22324702,52.00,27.62865384,0
1506453789,22324698,52.00,5.36796483,0
1506453788,22324694,52.00,18.64688155,0
1506453788,22324691,52.00,24.28000000,0
1506453787,22324683,51.99,4.24000000,1
1506453787,22324680,51.99,15.02000000,1
1506453787,22324676,52.00,14.57595600,0
1506453786,22324669,52.00,0.10000000,0
1506453784,22324659,52.00,2.16672500,0
1506453784,22324657,52.00,7.32427024,0
1506453783,22324653,52.00,19.58903300,0
1506453782,22324645,52.00,27.20494849,0
1506453780,22324638,52.00,5.71433000,0
1506453780,22324637,52.00,4.71333127,0
1506453779,22324635,52.00,5.71433000,0
1506453779,22324631,52.00,611.79999998,0
1506453778,22324620,52.00,7.38658251,0
1506453778,22324614,52.00,2.25000000,0
1506453778,22324609,52.00,5.65114808,0
1506453777,22324603,52.00,14.68557692,0
1506453776,22324597,52.00,40.57155691,0
1506453776,22324595,51.99,38.06250078,0
1506453776,22324593,51.99,13.11749922,0
1506453773,22324584,51.99,2.57396637,0
1506453773,22324575,52.00,160.43286000,0
1506453773,22324573,52.00,5.00000000,0
1506453772,22324570,52.00,4.72469090,0
1506453772,22324567,52.00,47.23204449,0
1506453772,22324565,52.00,5.58707000,0
1506453771,22324564,52.00,28.34653846,0
1506453771,22324562,52.00,143.05100000,0
1506453771,22324557,51.99,4.72960943,0
1506453770,22324552,52.00,9.45000000,0
1506453769,22324550,52.00,96.00000000,0
1506453769,22324544,52.00,27.94865384,0
1506453769,22324543,52.00,7.46333205,0
1506453768,22324537,52.00,48.48000000,0
1506453768,22324532,52.00,13.69362584,0
1506453768,22324526,51.60,174.11000000,1
1506453767,22324522,51.61,0.89000000,1
1506453767,22324520,51.62,3.00000000,1
1506453767,22324519,51.63,6.97982488,0
1506453767,22324518,51.63,3.16522512,0
1506453766,22324517,51.63,5.41495000,0
1506453766,22324516,51.82,3.00000000,1
1506453766,22324513,51.91,2.44000000,0
1506453765,22324508,52.00,4.72698775,0
1506453765,22324507,52.00,210.00000000,0
1506453765,22324506,52.00,5.41392000,0
1506453765,22324505,52.00,7.14365208,0
1506453764,22324499,52.00,0.85870000,0
1506453764,22324498,52.00,108.00000000,0
1506453763,22324496,52.00,9.45000000,0
1506453763,22324495,52.00,108.00000000,0
1506453762,22324489,52.00,3.50000000,0
1506453762,22324486,52.00,139.15800000,0
1506453762,22324483,51.99,17.50000000,0
1506453761,22324481,52.00,102.00000000,0
1506453761,22324479,52.00,2.48000000,0
1506453760,22324478,52.00,6.96477285,0
1506453760,22324477,52.00,57.60000000,0
1506453760,22324476,52.00,96.80370788,1
1506453760,22324474,52.00,600.00000000,1
1506453760,22324473,52.02,3.00000000,1
1506453760,22324470,52.03,287.82861176,1
1506453759,22324468,52.04,4.00000000,1
1506453759,22324467,52.22,1.00000000,1
1506453759,22324466,52.22,3.00000000,1
1506453759,22324464,52.35,1.00000000,1
1506453759,22324462,52.36,611.79999998,1
1506453759,22324460,52.38,106.00000000,1
1506453759,22324459,52.40,5.55554198,1
1506453759,22324458,52.47,100.00000000,1
1506453759,22324457,52.50,6.29133072,1
1506453758,22324456,52.54,108.00000000,1
1506453758,22324455,52.54,2.41000000,1
1506453758,22324453,52.62,100.00000000,1
1506453758,22324451,52.67,1.56655486,1
1506453758,22324450,52.69,108.00000000,1
1506453758,22324449,52.70,73.98778240,1
1506453758,22324448,52.78,76.85451428,1
1506453758,22324447,52.86,16.82900000,1
1506453111,22323296,53.00,0.68867925,0
1506452887,22323104,53.00,5.44896452,0
1506452747,22322738,53.00,60.40850079,0
1506452747,22322736,52.98,7.08838053,0
1506452590,22322099,52.98,1.79161947,0
1506452578,22322051,52.91,106.29685708,1
1506452578,22322050,52.95,0.70314292,1
1506452516,22321819,52.95,0.20077403,1
1506452418,22321604,52.95,49.09608305,1
1506451658,22321002,52.85,20.28654292,1
1506451555,22320954,52.85,6.02937000,1
1506451539,22320949,53.00,141.06471698,0
1506451537,22320948,52.95,0.24710392,0
1506451447,22320893,52.95,9.82632908,0
1506451398,22320873,52.95,0.72276700,0
1506451313,22320827,52.95,2.00000000,0
1506451203,22320737,52.98,5.80902982,0
1506451199,22320734,52.98,2.07097018,0
1506451112,22320661,52.98,1.00000000,0
1506450877,22320479,53.00,17.52587400,0
1506450877,22320478,52.98,8.88000000,0
1506450699,22320402,53.00,9.45995000,0
1506449211,22319143,52.80,30.78389883,1
1506449209,22319142,52.82,0.76000000,1
1506449063,22319083,52.82,0.12000000,1
1506449060,22319082,52.82,0.12000000,1
1506448807,22318942,53.00,56.78650600,1
1506448722,22318893,53.00,50.36349400,1
1506448575,22318711,53.05,32.00000000,1
1506448572,22318709,53.09,1.32868503,0
1506448509,22318684,53.10,1.32850860,0
1506448404,22318648,53.10,0.00052961,1
1506448404,22318646,53.10,7.07457628,1
1506448402,22318632,53.10,39.45380727,1
1506448402,22318631,53.09,3.47108684,0
1506448324,22318610,53.00,100.00000000,1
1506447822,22318072,53.11,17.98165800,0
1506447713,22317943,53.05,0.35004713,0
1506447603,22317786,53.00,50.36349400,0
1506447553,22317735,53.00,8.78674600,0
1506447547,22317712,53.00,55.84976000,0
1506447520,22317663,52.86,14.99980231,1
1506447508,22317611,52.89,15.72000000,0
1506447423,22317366,52.88,1.90228800,1
1506447256,22317175,53.08,0.82764160,0
1506447239,22317161,53.11,9.39088684,0
1506447198,22317140,53.05,3.64158749,1
1506447096,22317075,53.01,1.05645645,0
1506447096,22317074,53.00,47.98000000,0
1506447096,22317073,52.98,12.82000000,0
1506447083,22317053,52.91,16.20227000,0
1506446595,22316565,52.63,2.00000000,1
1506446376,22316472,52.90,1.56923069,0
1506446374,22316470,52.88,0.83298677,0
1506446374,22316469,52.88,13.51701323,0
1506446310,22316424,52.88,9.41754916,1
1506446303,22316423,52.88,10.68570347,0
1506446171,22316354,52.60,14.01717986,1
1506446171,22316353,52.61,15.00000000,1
1506445913,22316226,52.51,54.51044040,1
1506445912,22316225,52.52,14.75000000,1
1506445912,22316224,52.55,7.61000000,1
1506445912,22316223,52.55,113.00000000,1
1506445910,22316221,52.56,1.48955960,1
1506445766,22316118,52.68,0.19162040,0
1506445744,22316105,52.68,1.48955960,0
1506445486,22315780,52.70,0.12000000,1
1506445486,22315779,52.70,0.77751200,1
1506445421,22315689,52.70,0.78000000,0
1506445421,22315688,52.69,1.44248800,0
1506445398,22315638,52.52,0.33000000,1
1506445395,22315630,52.55,0.12000000,0
1506445394,22315629,52.54,0.12000000,0
1506445127,22315422,52.50,14.00000000,1
1506445125,22315416,52.51,6.00000000,1
1506444829,22315039,52.64,0.46635900,0
1506444582,22314862,52.53,1.20472000,0
1506444581,22314861,52.53,1.66061000,0
1506444552,22314795,52.38,13.15033000,0
1506444488,22314736,52.38,5.84350000,0
1506444369,22314599,52.38,27.00800000,0
1506444337,22314521,52.38,1.09510000,0
1506444309,22314501,52.38,2.08307000,0
1506444095,22314016,52.38,0.10022900,1
1506444032,22313968,52.35,0.08100000,1
1506444032,22313967,52.36,0.12000000,1
1506444019,22313963,52.44,0.12000000,0
1506444019,22313962,52.43,0.12000000,0
1506444019,22313961,52.42,0.12000000,0
1506443966,22313934,52.50,0.12000000,1
1506443966,22313933,52.50,6.59113999,1
1506443887,22313833,52.50,17.04000000,1
1506443880,22313821,52.50,10.00000000,0
1506443764,22313581,52.36,1.11800000,1
1506443708,22313540,52.31,18.08045103,1
1506443686,22313522,52.25,3.42300000,0
1506443685,22313521,52.25,3.00000000,1
1506443617,22313400,52.42,12.04701700,0
1506443586,22313356,52.25,6.58221760,0
1506443585,22313352,52.25,44.43000000,0
1506443585,22313350,52.25,73.98778240,0
1506443584,22313349,52.31,15.00000000,1
1506443572,22313328,52.46,0.21000000,0
1506443568,22313318,52.36,163.83900000,1
1506443568,22313316,52.37,20.90000000,1
1506443568,22313314,52.38,15.02000000,1
1506443500,22313182,52.56,162.95100000,1
1506443367,22313003,52.62,20.50119369,0
1506443367,22313001,52.58,0.43076931,0
1506443367,22312998,52.58,1.56923069,1
1506443362,22312984,52.62,3.00000000,1
1506443254,22312847,52.70,5.00000000,1
1506443254,22312846,52.70,12.58539332,1
1506443074,22312686,52.70,4.39456885,1
1506442754,22312439,52.70,0.12000000,1
1506442670,22312368,52.80,77.76429014,1
1506442669,22312367,52.83,0.12000000,1
1506442669,22312365,52.84,0.12000000,1
1506442669,22312363,52.85,0.12000000,1
1506442669,22312361,52.85,5.81695834,1
1506442656,22312347,52.85,5.00000000,1
1506442650,22312336,52.85,0.12000000,1
1506442649,22312335,52.85,0.12000000,1
1506442611,22312303,52.85,64.55088326,1
1506442607,22312300,52.85,0.20000000,1
1506442602,22312298,52.85,14.00800400,1
1506442108,22311802,52.86,33.57000000,1
1506441833,22311571,52.97,5.27096100,0
1506441821,22311561,52.96,10.37066900,1
1506441797,22311507,53.00,9.43087900,1
1506441795,22311501,53.00,13.86868600,1
1506441795,22311498,53.00,24.32872100,1
1506441792,22311493,53.01,95.81995890,1
1506441608,22311171,53.01,0.49744199,1
1506441077,22310510,53.01,1.00000000,1
1506441049,22310497,53.12,2.00588000,0
1506441046,22310490,53.12,2.05953000,0
1506441045,22310489,53.12,5.08261000,0
1506441038,22310481,53.01,2.38074700,1
1506440947,22310286,53.01,7.59236357,1
1506440847,22310159,53.01,0.20000000,1
1506440682,22309821,53.12,2.80414800,0
1506440675,22309802,53.12,1.93585200,0
1506440674,22309801,53.12,0.15945030,0
1506440578,22309746,53.13,42.47639000,0
1506440578,22309745,53.12,6.03000000,0
1506440478,22309684,52.92,0.65775000,1
1506440375,22309543,53.13,18.32855000,0
1506440375,22309542,53.12,6.80000000,0
1506440186,22309431,53.13,354.56037022,0
1506440186,22309430,53.12,8.08000000,0
1506440114,22309378,53.07,1.39365100,1
1506440083,22309360,53.07,41.90000000,1
1506440078,22309356,53.07,194.00000000,1
1506440075,22309355,53.07,98.00000000,0
1506440075,22309354,53.01,1.56596146,0
1506440075,22309353,52.99,16.00000000,0
1506440075,22309352,52.95,3.71777601,0
1506440014,22309313,52.95,0.09405099,0
1506439988,22309292,52.86,0.10000000,1
1506439875,22309245,52.95,1.67864000,0
1506439865,22309240,52.83,0.09986206,0
1506439865,22309239,52.86,0.00013794,1
1506439707,22309111,52.95,5.38953300,0
1506439386,22308904,52.80,3.42996206,0
1506439383,22308899,52.80,1.99836000,0
1506439266,22308803,52.79,47.93780777,0
1506439238,22308778,52.80,4.14502300,0
1506439109,22308738,52.71,7.62100000,1
1506439098,22308734,52.80,2.00246212,0
1506439028,22308669,52.80,26.31667500,0
1506439016,22308655,52.80,5.98950000,0
1506439011,22308651,52.80,5.98950000,0
1506439009,22308650,52.80,5.98950000,0
1506439007,22308648,52.80,5.98950000,0
1506439004,22308645,52.80,5.98950000,0
1506439003,22308643,52.80,5.98950000,0
1506439001,22308642,52.80,5.98950000,0
1506438999,22308641,52.80,5.98950000,0
1506438998,22308640,52.80,5.98950000,0
1506438995,22308639,52.80,6.00818800,0
1506438950,22308590,52.80,6.44850100,0
1506438946,22308589,52.80,9.24002000,0
1506438939,22308583,52.80,28.27213897,0
1506438548,22308227,52.88,0.50000000,0
1506438420,22308157,53.00,0.50000000,0
1506438391,22308117,52.68,48.43780777,0
1506438390,22308115,52.83,1.56219223,1
1506438385,22308113,52.66,12.90221827,1
1506438385,22308112,52.69,1.56596146,1
1506438384,22308111,52.80,4.22000000,1
1506438384,22308110,52.82,5.00000000,1
1506438384,22308109,52.83,1.56182027,1
1506438379,22308107,52.86,1.26333711,0
1506438266,22307933,52.98,1.55740752,1
1506438266,22307932,52.99,15.00000000,1
1506438252,22307899,53.05,31.01717986,1
1506438252,22307898,53.06,15.02000000,1
1506438244,22307891,53.13,45.31700000,0
1506438244,22307890,53.12,18.86000000,0
1506438244,22307888,53.12,3.74000000,0
1506438215,22307868,53.12,23.63600007,1
1506438214,22307866,53.12,14.20109055,1
1506438211,22307863,53.12,4.44000000,1
1506438198,22307854,53.12,5.28000000,1
1506438185,22307839,53.12,6.27000000,1
1506438175,22307831,53.12,14.00000000,1
1506438172,22307828,53.12,7.45000000,1
1506438171,22307827,53.13,0.61258700,0
1506438158,22307818,53.12,8.85000000,1
1506438145,22307814,53.12,10.51000000,1
1506438141,22307813,53.13,3.45000000,0
1506438138,22307812,53.13,7.00000000,1
1506438138,22307811,53.15,11.17000000,1
1506438138,22307809,53.19,0.12000000,1
1506438138,22307808,53.20,0.12000000,1
1506438138,22307807,53.21,0.12000000,1
1506438137,22307805,53.35,10.83753719,0
1506438093,22307752,53.27,78.58988800,0
1506438093,22307748,53.27,18.80000000,0
1506438090,22307743,53.20,11.17000000,0
1506438090,22307741,53.19,0.12000000,0
1506438029,22307681,53.12,55.71890945,1
1506438028,22307679,53.12,13.28000000,0
1506437975,22307567,53.12,0.48000000,1
1506437973,22307563,53.13,0.12000000,1
1506437947,22307510,53.12,17.85762426,1
1506437813,22307303,53.12,0.36028000,1
1506437647,22307143,53.20,3.44234199,0
1506437554,22307075,53.15,3.00946275,0
1506437526,22307010,53.24,1.92900000,0
1506437514,22306991,53.25,0.58799999,0
1506437512,22306989,53.20,14.35579800,1
1506437381,22306816,53.41,0.90361220,0
1506437323,22306784,53.50,10.91696400,0
1506437323,22306783,53.48,1.46054600,0
1506437270,22306734,53.15,0.00000569,0
1506437269,22306732,53.15,94.89877400,0
1506437267,22306727,53.15,40.02270853,0
1506437265,22306726,53.18,25.81400000,1
1506437265,22306725,53.19,15.00000000,1
1506437212,22306656,53.00,119.31745590,0
1506437212,22306655,53.00,15.00000000,0
1506437211,22306654,53.00,95.00000000,0
1506437211,22306653,53.00,7.57786297,0
1506437211,22306652,53.00,105.00000000,0
1506437210,22306651,53.00,101.00000000,1
1506437210,22306649,53.00,45.17268113,1
1506437210,22306648,53.02,1.10000000,1
1506437210,22306646,53.07,113.00000000,1
1506437210,22306645,53.15,119.00000000,1
1506437209,22306644,53.16,5.46000000,1
1506437209,22306643,53.21,34.36900000,1
1506437047,22306469,53.31,3.64237024,0
1506437023,22306452,53.31,51.21217262,1
1506436983,22306440,53.31,77.09000000,1
1506436983,22306439,53.32,6.02000000,1
1506436983,22306438,53.32,16.89000000,1
1506436965,22306408,53.36,69.40996892,1
1506436823,22306323,53.49,1.89960000,1
1506436700,22306187,53.31,39.26882738,1
1506436698,22306179,53.35,0.73117262,1
1506436479,22306087,53.35,16.00000000,0
1506436433,22306065,53.32,6.36872800,0
1506436271,22305939,53.32,1.63127200,0
1506436271,22305938,53.32,7.00000000,0
1506435798,22305641,53.24,5.50973900,1
1506435797,22305640,53.24,1.54998000,1
1506435797,22305639,53.24,11.45770000,1
1506435797,22305638,53.24,6.46258100,1
1506435794,22305634,53.23,15.02000000,0
1506435787,22305629,53.02,1.40514548,0
1506435636,22305518,53.01,3.71854600,1
1506435562,22305482,53.24,0.72178800,0
1506435562,22305481,53.22,1.27821200,0
1506435493,22305460,53.17,1.00000000,0
1506435486,22305455,53.01,3.54000000,1
1506435476,22305433,53.20,1.00000000,1
1506435471,22305423,53.22,1.00000000,1
1506435443,22305392,53.24,1.00000000,0
1506435441,22305391,53.23,1.00000000,1
1506435430,22305389,53.26,1.00000000,1
1506435428,22305386,53.24,1.00000000,1
1506435425,22305385,53.25,1.00000000,1
1506435406,22305380,53.25,1.00000000,1
1506435406,22305379,53.33,10.43000000,0
1506435406,22305378,53.32,14.57000000,0
1506435406,22305377,53.32,4.00000000,0
1506435405,22305376,53.32,6.00000000,0
1506435405,22305375,53.31,1.00000000,0
1506435405,22305374,53.31,4.00000000,0
1506435403,22305371,53.28,1.00000000,1
1506435401,22305370,53.27,1.00000000,1
1506435399,22305367,53.26,1.00000000,1
1506435390,22305362,53.26,1.00000000,1
1506435384,22305360,53.27,1.00000000,1
1506435377,22305356,53.30,1.00000000,1
1506435374,22305355,53.29,1.00000000,1
1506435366,22305351,53.28,1.00000000,1
1506435362,22305348,53.29,1.00000000,1
1506435359,22305345,53.30,1.00000000,1
1506435314,22305325,53.27,1.00000000,1
1506435310,22305322,53.29,1.00000000,0
1506435306,22305283,53.28,1.00000000,1
1506435306,22305281,53.28,1.00000000,1
1506435306,22305279,53.29,1.00000000,1
1506435306,22305277,53.30,1.00000000,1
1506435251,22305230,53.30,39.99999986,1
1506435246,22305226,53.29,0.00000014,0
1506435245,22305225,53.29,35.75544000,0
1506435233,22305221,53.28,18.72310600,0
1506435230,22305220,53.28,1.00000000,1
1506435181,22305191,53.28,2.48986486,0
1506435153,22305176,53.28,1.00000000,0
1506435152,22305174,53.28,1.00000000,1
1506435144,22305169,53.29,1.00000000,0
1506435140,22305163,53.29,1.00000000,0
1506435072,22305133,53.26,1.00000000,1
1506435070,22305132,53.24,1.00000000,1
1506435068,22305130,53.25,1.00000000,0
1506435056,22305123,53.22,1.00000000,1
1506435054,22305122,53.23,1.00000000,0
1506435052,22305121,53.23,1.00000000,1
1506435029,22305116,53.21,1.00000000,0
1506435017,22305114,53.26,1.00000000,1
1506435011,22305113,53.29,1.00000000,0
1506435011,22305112,53.27,1.00000000,1
1506435011,22305111,53.27,1.00000000,1
1506435005,22305107,53.29,1.00000000,0
1506435003,22305105,53.28,1.00000000,1
1506434998,22305104,53.29,1.00000000,0
1506434993,22305099,53.29,1.00000000,0
1506434977,22305062,53.29,1.00000000,0
1506434814,22304989,53.29,9.36150000,0
1506434813,22304988,53.29,9.36150000,0
1506434813,22304987,53.29,0.69399999,0
1506434812,22304985,53.29,8.73637124,0
1506434793,22304954,53.29,2.48512877,0
1506434793,22304953,53.29,9.36150000,0
1506434730,22304911,53.29,3.80000000,0
1506434688,22304869,53.29,1.54000000,0
1506434555,22304794,53.29,2.81253518,0
1506434534,22304787,53.29,3.74366673,0
1506434487,22304743,53.30,20.00000000,0
1506434425,22304701,53.30,2.09174484,0
1506434227,22304434,53.19,22.89577400,1
1506433636,22303670,53.43,14.28111547,1
1506433636,22303669,53.43,101.00000000,1
1506433636,22303668,53.40,100.00000000,0
1506433634,22303665,53.37,15.98000000,1
1506433557,22303536,53.23,11.55933731,0
1506433551,22303531,53.17,10.00000000,0
1506433447,22303434,53.23,14.00000000,1
1506433389,22303370,53.41,1.84799703,0
1506433389,22303369,53.40,3.71820000,0
1506433389,22303368,53.39,1.82560297,0
1506433388,22303367,53.40,9.33180000,0
1506433309,22303266,53.23,4.58200263,0
1506433285,22303253,53.23,5.41799737,0
1506433264,22303247,53.23,8.15048056,0
1506433262,22303245,53.23,31.84951944,0
1506433208,22303217,53.20,9.00000000,0
1506433208,22303216,53.20,22.84951944,0
1506433193,22303201,53.20,40.00000000,0
1506433099,22303171,53.11,8.21000000,1
1506433061,22303156,53.19,15.35000000,1
1506433005,22303127,53.46,24.44494766,0
1506433005,22303126,53.46,1.39264547,0
1506433005,22303125,53.29,0.25000000,0
1506432995,22303104,53.55,0.34746100,1
1506432978,22303070,53.20,7.69031411,0
1506432977,22303069,53.20,50.00000000,0
1506432977,22303067,53.20,50.00000000,0
1506432977,22303066,53.20,50.00000000,0
1506432976,22303064,53.20,50.00000000,0
1506432976,22303061,53.20,50.00000000,0
1506432976,22303060,53.20,50.00000000,0
1506432975,22303058,53.20,200.00000000,0
1506432975,22303057,53.20,113.96685700,0
1506432975,22303052,53.20,19.31141600,0
1506432974,22303051,53.20,3.92251500,0
1506432974,22303050,53.20,4.03756300,0
1506432974,22303048,53.20,24.56100000,0
1506432972,22303045,53.25,34.47000000,1
1506432972,22303044,53.26,1.00000000,1
1506432972,22303043,53.26,0.34923675,1
1506432920,22302971,53.55,10.00947000,1
1506432798,22302914,53.70,2.60055866,0
1506432711,22302863,53.55,1.34053000,1
1506432420,22302710,53.76,0.11123512,0
1506432389,22302677,53.54,5.92800000,0
1506432215,22302476,53.82,40.00000000,1
1506432211,22302473,53.55,5.43489879,0
1506432203,22302470,53.55,11.30253000,0
1506432188,22302453,53.55,1.41672890,0
1506432187,22302449,53.55,15.44000000,1
1506432187,22302448,53.57,56.27000000,1
1506432073,22302347,53.52,1.83741167,0
1506432071,22302338,53.72,0.00000020,1
1506432070,22302332,53.72,42.48096700,1
1506432068,22302329,53.72,38.68990100,1
1506432067,22302328,53.72,3.47913180,1
1506432067,22302327,53.72,15.35000000,1
1506432066,22302325,53.54,2.19890917,1
1506432061,22302318,53.54,2.19501383,0
1506432061,22302317,53.53,1.98000000,1
1506431950,22302227,53.48,5.41882394,1
1506431946,22302219,53.80,47.21153827,1
1506431945,22302218,53.80,50.00000000,1
1506431944,22302214,53.80,0.28045993,1
1506431944,22302213,53.80,7.60142800,1
1506431943,22302212,53.80,5.85666100,1
1506431943,22302210,53.80,221.00000000,1
1506431942,22302208,53.80,4.53880244,1
1506431941,22302204,53.80,5.48000000,1
1506431940,22302201,53.80,56.56039418,0
1506431940,22302200,53.79,90.00000000,0
1506431940,22302199,53.79,1.00000000,0
1506431940,22302198,53.74,13.17511208,0
1506431940,22302197,53.73,5.48000000,0
1506431940,22302196,53.71,1.54547225,0
1506431939,22302195,53.64,5.80000000,0
1506431908,22302165,53.50,1.53737519,0
1506431742,22302015,53.65,8.55492874,0
1506431727,22301998,53.66,1.09450313,1
1506431727,22301997,53.66,13.58396800,1
1506431727,22301996,53.66,6.79195500,1
1506431726,22301995,53.66,3.09857200,1
1506431724,22301994,53.66,8.03000000,0
1506431724,22301993,53.60,7.40000000,0
1506431664,22301845,53.61,39.99899813,0
1506431637,22301811,53.56,0.98999999,1
1506431635,22301808,53.56,39.99899813,0
1506431435,22301731,53.60,0.00000005,1
1506431434,22301730,53.60,20.61671500,1
1506431434,22301729,53.60,12.04175300,1
1506431434,22301728,53.60,1.31224800,1
1506431432,22301723,53.39,6.02828208,0
1506431403,22301704,53.56,8.14839626,0
1506431402,22301703,53.50,31.85060187,0
1506431368,22301691,53.50,39.99899813,0
1506431324,22301648,53.49,2.31477386,0
1506431305,22301628,53.50,27.83899813,0
1506431305,22301627,53.49,12.16000000,0
1506431284,22301595,53.48,16.60512172,1
1506431283,22301594,53.48,7.53000000,1
1506431283,22301592,53.48,9.19865991,0
1506431245,22301580,53.44,22.24972393,1
1506431242,22301576,53.46,6.66621837,0
1506431236,22301574,53.32,11.08305583,0
1506431212,22301557,53.29,17.51495862,0
1506431203,22301553,53.32,0.15350642,0
1506431203,22301552,53.32,1.85874909,0
1506431202,22301551,53.30,1.40560412,0
1506431127,22301504,53.32,1.30656377,1
1506430879,22301289,53.48,5.00000000,0
1506430800,22301230,53.33,0.84654360,1
1506430780,22301222,53.32,0.09924691,1
1506430695,22301191,53.50,0.31140187,0
1506430287,22301071,53.53,0.50000000,0
1506430263,22301029,53.53,10.69460829,0
1506430263,22301028,53.53,14.36000000,0
1506430263,22301027,53.49,11.23707703,0
1506430263,22301026,53.44,0.70831468,0
1506430238,22301005,53.44,8.29168532,0
1506430235,22301003,53.49,2.85352077,0
1506430142,22300951,53.54,3.20310000,0
1506430133,22300948,53.54,0.60996870,0
1506430045,22300834,53.60,16.96592941,0
1506430045,22300833,53.59,23.03369949,0
1506430002,22300816,53.60,40.00000000,0
1506429995,22300815,53.37,86.63000000,1
1506429995,22300814,53.37,15.35000000,0
1506429994,22300813,53.43,8.02000000,0
1506429994,22300812,53.38,6.98000000,0
1506429993,22300811,53.38,12.67000000,1
1506429993,22300810,53.40,15.00000000,1
1506429993,22300809,53.47,15.35000000,1
1506429989,22300806,53.38,18.10452775,1
1506429989,22300805,53.38,15.35000000,0
1506429988,22300804,53.39,1.54547225,1
1506429988,22300802,53.43,15.00000000,1
1506429979,22300801,53.44,21.03369949,1
1506429966,22300793,53.60,14.48713234,0
1506429952,22300774,53.60,10.24470000,0
1506429950,22300769,53.60,6.30858208,0
1506429922,22300738,53.60,33.13623862,0
1506429810,22300284,53.53,7.46254437,1
1506429589,22300099,53.85,32.59235775,0
1506429588,22300098,53.78,1.50781249,0
1506429588,22300097,53.78,3.21380000,0
1506429588,22300095,53.78,2.68602976,0
1506429583,22300087,53.78,0.94235775,0
1506429374,22299986,53.86,7.52690000,0
1506429373,22299985,53.86,5.14380000,0
1506429373,22299984,53.84,2.38310000,0
1506429372,22299983,53.84,7.52690000,0
1506429289,22299890,53.76,1.00000000,0
1506429082,22299724,53.75,2.00000000,1
1506429019,22299624,53.96,0.00044738,1
1506429011,22299621,53.96,108.82116383,1
1506429009,22299616,53.96,1.50000000,1
1506429000,22299592,53.96,31.44521894,1
1506428975,22299570,53.89,1.15399999,0
1506428925,22299493,53.91,38.84600001,1
1506428913,22299487,53.89,42.54256346,0
1506428906,22299485,53.90,2.00000000,0
1506428903,22299483,53.84,4.18053700,1
1506428883,22299474,53.80,1.81142390,1
1506428882,22299473,53.70,0.00000021,0
1506428805,22299411,53.70,31.71364100,0
1506428782,22299401,53.70,40.00000000,0
1506428755,22299378,53.55,59.00000000,1
1506428755,22299377,53.65,126.00000000,1
1506428755,22299376,53.66,15.00000000,1
1506428749,22299369,53.70,4.99999979,0
1506428748,22299366,53.70,73.98778240,0
1506428748,22299365,53.70,46.61824145,1
1506428748,22299364,53.73,4.99999979,1
1506428707,22299349,53.97,13.32320180,0
1506428706,22299348,53.96,26.67679820,0
1506428663,22299315,53.94,47.16970533,1
1506428662,22299314,53.94,1.38515488,0
1506428652,22299307,53.96,0.00055299,1
1506428648,22299301,53.96,1.15344700,1
1506428581,22299238,53.70,28.38175855,1
1506428581,22299236,53.71,12.35000000,1
1506428581,22299235,53.73,1.80451784,1
1506428581,22299234,53.78,1.79334325,1
1506428581,22299233,53.79,7.69505036,1
1506428580,22299232,53.79,7.30494964,1
1506428486,22299163,54.00,13.54944444,0
1506428473,22299154,53.98,14.97000000,1
1506428442,22299109,54.00,0.00041944,1
1506428352,22299060,54.00,0.12480000,1
1506428344,22299058,54.00,62.72430000,1
1506428333,22299049,54.01,13.54290000,1
1506428323,22299043,54.01,13.24350000,1
1506428323,22299042,54.01,0.02990000,1
1506428314,22299036,54.01,14.96010000,1
1506428304,22299032,54.04,70.34610000,1
1506428295,22299028,54.04,6.41499300,1
1506428294,22299027,54.19,19.53010700,1
1506428288,22299024,54.19,6.46725400,1
1506428285,22299021,54.19,4.50000000,1
1506428283,22299019,54.19,99.80000000,1
1506428276,22298996,54.19,10.54468900,1
1506428275,22298995,54.19,8.98541800,1
1506428275,22298993,54.19,7.50000000,1
1506428259,22298965,54.19,36.10491000,1
1506428259,22298962,54.19,6.56762200,1
1506428126,22298873,54.19,19.61985606,0
1506428124,22298872,54.12,1.41384343,0
1506428087,22298854,54.15,1.72796661,1
1506428084,22298851,54.15,2.14732339,0
1506428081,22298843,54.08,1.56099000,0
1506427950,22298759,53.78,9.30000000,1
1506427947,22298752,53.70,3.50040353,0
1506427946,22298748,53.71,17.90000000,1
1506427946,22298747,53.73,1.00000000,1
1506427945,22298745,53.74,16.46000000,1
1506427945,22298744,53.76,1.00000000,1
1506427945,22298742,53.78,1.00000000,1
1506427943,22298737,53.89,1.39094955,1
1506427911,22298698,54.07,1.79014000,0
1506427847,22298611,54.00,5.00000000,1
1506427743,22298449,54.16,1.23598000,0
1506427739,22298444,54.16,3.89884000,0
1506427737,22298440,54.16,3.89884000,0
1506427728,22298436,54.28,17.15954310,0
1506427727,22298435,54.27,73.77738249,1
1506427727,22298434,54.21,1.91018767,0
1506427727,22298432,54.19,42.54598500,1
1506427726,22298431,54.16,42.54668600,0
1506427684,22298400,54.19,1.12962963,0
1506427659,22298368,54.00,10.00000000,1
1506427636,22298344,54.00,5.00000000,1
1506427629,22298319,54.17,1.52391434,1
1506427618,22298305,54.20,5.53059881,0
1506427618,22298304,54.17,1.32947719,0
1506427618,22298303,54.17,0.20276200,0
1506427618,22298302,54.12,3.00000000,0
1506427618,22298301,54.11,0.20119400,0
1506427598,22298244,53.98,0.19030000,0
1506427597,22298243,53.98,3.30000000,1
1506427592,22298236,54.00,50.00000000,0
1506427592,22298235,54.00,5.41842655,0
1506427592,22298234,54.00,1.97720777,0
1506427592,22298233,54.00,23.83344753,0
1506427565,22298205,53.90,89.32264002,1
1506427548,22298184,54.00,1.93050000,0
1506427543,22298181,54.00,15.69750000,0
1506427538,22298177,54.00,2.00000000,0
1506427534,22298166,54.00,3.04614665,0
1506427533,22298165,54.00,6.95385335,0
1506427514,22298116,53.82,0.75000000,1
1506427507,22298104,54.00,1.52883422,0
1506427503,22298090,54.00,5.54222222,0
1506427498,22298085,54.00,0.97509021,0
1506427498,22298084,54.00,2.00000000,0
1506427498,22298083,54.00,40.00000000,0
1506427498,22298082,54.00,1.94975938,0
1506427498,22298081,53.99,1.53748636,0
1506427498,22298080,53.93,1.53906405,0
1506427497,22298079,53.92,2.45074678,0
1506427497,22298078,53.92,0.54785322,0
1506427479,22298067,53.92,0.00140000,0
1506427479,22298066,53.90,2.00000000,0
1506427452,22298021,53.82,4.00000000,1
1506427400,22297951,53.81,0.94492000,1
1506427398,22297950,53.83,3.05508000,1
1506427386,22297937,53.83,4.14492000,1
1506427376,22297917,53.83,17.80000000,1
1506427365,22297887,53.84,42.95453500,0
1506427358,22297843,53.80,14.02052281,1
1506427358,22297842,53.88,1.32947719,1
1506427357,22297841,53.88,0.20276200,0
1506427356,22297840,53.80,90.00000000,0
1506427349,22297821,53.78,1.54345235,0
1506427349,22297818,53.72,3.00000000,0
1506427344,22297798,53.70,4.50000000,0
1506427344,22297797,53.70,0.98182882,0
1506427343,22297796,53.68,0.00885299,0
1506427339,22297793,53.66,1.54681926,0
1506427334,22297785,53.65,0.20433000,0
1506427328,22297777,53.64,0.00000037,0
1506427323,22297772,53.64,10.31855063,0
1506427323,22297770,53.64,2.71732937,0
1506427286,22297704,53.64,12.15847302,1
1506427285,22297700,53.64,12.07531400,1
1506427284,22297699,53.64,2.71721000,1
1506427283,22297695,53.64,12.07531400,1
1506427281,22297690,53.64,1.84873700,1
1506427279,22297686,53.64,1.64962500,1
1506427272,22297680,53.64,43.92796700,1
1506427270,22297675,53.64,2.87000000,0
1506427262,22297659,53.64,1.53906405,0
1506427260,22297651,53.58,0.60000000,0
1506427260,22297649,53.58,0.60000000,0
1506427260,22297647,53.57,1.54949414,0
1506427260,22297644,53.56,0.45594578,0
1506427177,22297436,53.29,68.35238100,0
1506427176,22297430,53.36,0.21040000,1
1506427162,22297382,53.37,48.05172700,1
1506427162,22297381,53.37,4.46670000,1
1506427162,22297379,53.53,5.40444610,0
1506427162,22297377,53.53,10.00000000,1
1506427087,22297299,53.47,1.00000000,0
1506427020,22297251,53.28,5.00000000,1
1506426961,22297199,53.26,0.60000000,1
1506426950,22297166,53.26,0.60000000,1
1506426881,22297081,53.37,1.54681926,1
1506426872,22297066,53.48,1.54345235,0
1506426870,22297064,53.54,1.38326484,1
1506426870,22297063,53.52,3.00000000,0
1506426870,22297062,53.52,0.41119140,0
1506426870,22297061,53.52,1.13978900,0
1506426870,22297060,53.51,1.00000000,0
1506426870,22297059,53.51,2.61000000,0
1506426869,22297058,53.50,4.22000000,0
1506426869,22297057,53.49,1.55182421,0
1506426869,22297056,53.48,3.89000000,0
1506426868,22297055,53.42,13.26000000,0
1506426868,22297053,53.42,0.38608410,0
1506426868,22297051,53.42,1.16792169,0
1506426868,22297047,53.41,1.55420508,0
1506426867,22297046,53.40,0.20609400,0
1506426867,22297044,53.37,1.55533247,0
1506426859,22297036,53.32,3.00000000,0
1506426859,22297035,53.28,0.00847996,0
1506426797,22296929,53.23,1.55936565,0
1506426772,22296904,53.11,6.21000000,1
1506426725,22296880,53.20,7.97628900,0
1506426667,22296841,53.20,1.55182421,0
1506426664,22296837,53.20,1.99528628,0
1506426664,22296836,53.19,1.56062472,0
1506426663,22296835,53.16,0.20776000,0
1506426663,22296834,53.13,0.43029000,0
1506426661,22296829,53.13,1.86971000,0
1506426611,22296792,53.12,1.17662173,0
1506426603,22296784,53.12,1.16792169,0
1506426600,22296776,53.12,1.83207831,0
1506426599,22296773,53.11,0.00878333,0
1506426577,22296731,53.06,4.42500149,1
1506426486,22296675,53.04,1.56506252,0
1506426388,22296584,53.00,5.00000000,0
1506426387,22296583,53.00,40.00000000,0
1506426387,22296582,53.00,10.00000000,0
1506426387,22296581,53.00,2.00000000,0
1506426387,22296580,53.00,5.00000000,0
1506426374,22296573,52.99,36.64709507,0
1506426374,22296572,52.98,153.36714240,0
1506426369,22296570,52.97,9.90000000,0
1506426335,22296545,52.97,40.10000000,0
1506426237,22296473,52.94,0.65366830,1
1506426236,22296472,52.94,12.07000000,0
1506426236,22296471,52.94,3.27633170,0
1506426225,22296463,52.94,2.14261428,0
1506426224,22296461,52.94,9.93105402,0
1506426223,22296458,52.90,15.35263400,0
1506426215,22296449,52.90,0.67230000,0
1506426208,22296447,52.90,0.67230000,0
1506426207,22296446,52.90,4.31536600,0
1506426203,22296444,52.90,0.52930000,0
1506426199,22296442,52.90,0.67240000,0
1506426197,22296441,52.90,10.08570000,0
1506425789,22296233,52.73,146.82950000,0
1506425701,22296198,52.69,12.07572595,1
1506425642,22296182,52.91,3.54432054,0
1506425627,22296177,52.91,1.55936565,0
1506425619,22296144,52.98,56.63285760,0
1506425619,22296143,52.98,0.00287827,0
1506425619,22296142,52.98,1.56390000,0
1506425619,22296141,52.98,0.00007345,0
1506425618,22296140,52.98,6.53000000,1
1506425618,22296138,52.96,1.00000000,0
1506425618,22296137,52.96,1.56722012,0
1506425618,22296136,52.92,3.00000000,0
1506425617,22296135,52.89,20.00000000,0
1506425617,22296134,52.83,1.57131823,0
1506425617,22296133,52.82,1.57161690,0
1506425616,22296132,52.78,0.48039905,0
1506425616,22296131,52.78,1.09241368,0
1506425168,22295695,52.42,1.00000000,1
1506425142,22295675,52.65,1.00000000,0
1506425113,22295650,52.67,1.56722012,1
1506425103,22295643,52.74,49.31866681,0
1506425103,22295642,52.74,1.57401426,0
1506425102,22295641,52.72,47.97346200,1
1506425101,22295640,52.72,47.97354400,0
1506425100,22295637,52.62,4.09247762,1
1506425099,22295636,52.62,21.05291300,1
1506425091,22295626,52.70,20.56200000,0
1506424820,22295491,52.62,11.05121500,1
1506424765,22295419,52.64,1.51595745,0
1506424736,22295376,52.62,61.68339438,1
1506424726,22295359,52.62,2.12000000,1
1506424687,22295338,52.61,26.01221760,0
1506424687,22295337,52.60,73.98778240,0
1506424371,22295172,52.59,106.56039418,0
1506424202,22295101,52.40,8.28960116,1
1506424202,22295100,52.41,31.71039884,1
1506424124,22295081,52.46,2.77115632,0
1506423627,22294806,52.51,46.83500000,0
1506423627,22294805,52.50,7.53000000,0
1506423627,22294804,52.44,111.00000000,0
1506423627,22294803,52.43,0.78500000,0
1506423627,22294802,52.43,15.21500000,1
1506423532,22294687,52.49,19.64000000,0
1506423406,22294589,52.45,1.80260700,0
1506423185,22294429,52.50,30.00000000,0
1506423185,22294428,52.49,31.68339438,0
1506423138,22294403,52.49,0.20077403,0
1506423118,22294393,52.49,18.11583159,0
1506422975,22294308,52.45,9.17632482,0
1506422917,22294291,52.28,33.64919804,0
1506422867,22294272,52.24,19.60711734,0
1506422867,22294270,52.31,15.35000000,1
1506422855,22294257,52.45,4.24772906,1
1506422855,22294256,52.51,0.79515360,1
1506422727,22294187,52.51,1.20484600,1
1506422717,22294168,52.51,2.89700300,1
1506422714,22294165,52.51,1.76165400,1
1506422713,22294163,52.51,6.59756100,1
1506422476,22293977,52.71,42.78266368,0
1506422476,22293976,52.69,11.00000000,0
1506422476,22293975,52.68,1.94402146,0
1506422458,22293957,52.70,24.95113545,0
1506422458,22293955,52.69,13.08000000,0
1506422458,22293954,52.66,1.94385967,0
1506422458,22293953,52.57,0.00000488,0
1506422418,22293922,52.51,11.74378240,0
1506422401,22293896,52.55,58.42000000,1
1506422395,22293878,52.45,2.50156655,0
1506422361,22293833,52.45,0.75163000,0
1506422328,22293766,52.45,8.21658723,0
1506422278,22293718,52.44,1.58000000,0
1506422235,22293667,52.45,1.57401426,0
1506422230,22293665,52.45,1.58294200,0
1506422227,22293661,52.44,1.58294228,0
1506422225,22293657,52.43,3.82400000,1
1506421764,22293331,52.22,15.53000000,1
1506421716,22293286,52.20,0.00000038,0
1506421701,22293283,52.20,2.33293800,0
1506421670,22293262,52.20,5.00000000,0
1506421639,22293242,52.20,7.92054300,0
1506421267,22292806,52.19,111.97490471,1
1506421229,22292757,52.19,56.53509529,1
1506421210,22292735,52.19,31.49000000,0
1506420738,22292382,52.04,3.01917373,0
1506420719,22292369,52.04,13.17297900,0
1506420703,22292358,52.04,1.62500000,0
1506420647,22292325,52.04,5.00000000,0
1506420618,22292304,52.04,0.17028800,0
1506420599,22292268,52.04,1.50153727,0
1506420282,22291902,52.04,0.51102200,0
1506419621,22290776,52.01,20.00000000,0
1506419539,22290740,52.01,29.00000000,0
1506418686,22290299,51.97,5.52674105,0
1506418577,22290225,51.86,6.48922739,0
1506418505,22290186,51.85,9.29797493,1
1506418502,22290184,51.86,27.58434659,1
1506417527,22289152,51.85,60.00000000,1
1506417428,22288978,51.94,11.61020000,0
1506417425,22288967,51.86,16.64380000,0
1506417422,22288961,51.90,1.00000000,1
1506417422,22288959,51.92,85.74600000,1
1506417212,22288673,51.92,37.03043581,1
1506417007,22288591,52.00,30.00000000,0
1506416972,22288559,52.08,10.00000000,0
1506416723,22288411,52.04,6.00000000,0
1506416359,22286864,52.22,0.00019149,1
1506416297,22285926,52.22,2.99980851,1
1506416289,22285808,52.22,1.00000000,0
1506416218,22284771,52.28,2.99502677,1
1506416216,22284751,52.19,1.00000000,0
1506414873,22265555,52.11,9.37190558,0
1506414217,22256203,51.80,14.99999969,0
1506414172,22255546,51.87,0.00000031,1
1506414169,22255501,51.87,8.26925200,1
1506413921,22252376,51.90,0.65571400,1
1506413815,22252238,52.10,0.84449650,1
1506413716,22252189,52.05,1.35754082,0
1506413693,22252172,52.05,16.61037463,0
1506413553,22251970,51.98,11.12160000,0
1506413543,22251953,51.98,1.47000000,0
1506413535,22251936,51.92,8.99250100,0
1506413534,22251932,51.92,42.79892400,0
1506413531,22251908,51.91,72.53477173,0
1506413531,22251907,51.91,27.46522827,0
1506413514,22251858,51.98,26.46941131,0
1506413512,22251854,51.92,108.00000000,0
1506413353,22251772,51.98,4.41227395,0
1506413274,22251719,51.77,3.37300000,0
1506413273,22251718,51.82,15.00000000,0
1506413273,22251716,51.82,22.32700000,1
1506413191,22251684,51.98,94.65164205,0
1506412883,22251567,52.13,22.43346541,0
1506412732,22251388,52.01,0.00000481,0
1506412732,22251387,52.01,3.51678000,0
1506412636,22251344,52.20,44.19602034,0
1506412636,22251343,52.19,15.80397966,0
1506412590,22251289,52.12,0.57215734,1
1506412587,22251284,52.07,0.68248675,0
1506412585,22251282,52.07,1.43898695,1
1506412585,22251281,52.07,1.43898695,1
1506412585,22251280,52.07,1.43953935,1
1506412456,22251110,52.29,3.38064200,0
1506412421,22251090,52.28,15.00000000,0
1506412399,22251066,52.27,3.75267000,0
1506412337,22251004,52.18,9.69223100,0
1506412337,22251003,52.18,0.63000000,0
1506412124,22250757,52.17,0.05210000,1
1506412123,22250756,52.10,0.90000000,0
1506411607,22250057,51.96,40.00000000,0
1506411438,22250010,51.98,6.91000000,1
1506411430,22250009,51.94,4.67231421,0
1506411428,22250008,51.88,3.09000000,1
1506411426,22250007,51.88,20.87193442,0
1506410691,22249601,51.74,5.36055125,0
1506410691,22249600,51.70,0.62944875,0
1506410668,22249576,51.70,27.39555125,0
1506410630,22249527,51.70,0.09700000,0
1506410363,22249390,51.69,2.10000000,0
1506410157,22249308,51.51,8.00000000,1
1506410096,22249288,51.69,2.49700000,0
1506410035,22249278,51.68,1.00000000,0
1506410016,22249274,51.72,19.28654292,0
1506409703,22249169,51.45,2.36630000,1
1506409693,22249160,51.39,2.62480000,1
1506409683,22249146,51.44,5.99400000,1
1506409666,22249142,51.42,4.98410000,1
1506409638,22249132,51.45,2.62480000,1
1506409550,22249106,51.63,2.00000000,0
1506409525,22249089,51.63,10.18070889,0
1506409485,22249060,51.67,1.57266700,0
1506409485,22249059,51.66,8.19000000,0
1506409485,22249058,51.60,0.00000500,0
1506409434,22249011,51.39,20.02696445,1
1506409433,22249010,51.40,4.70000000,1
1506409433,22249009,51.43,1.44680000,1
1506409433,22249008,51.43,0.77217617,1
1506409433,22249007,51.43,0.77217617,1
1506409433,22249006,51.43,1.80728321,1
1506409433,22249005,51.53,23.46000000,1
1506409433,22249004,51.55,0.03840000,1
1506409424,22248997,51.55,19.09280000,1
1506409415,22248995,51.55,38.02380000,1
1506409415,22248994,51.56,15.00000000,1
1506409404,22248987,51.51,24.99990000,1
1506409395,22248982,51.46,5.18551248,1
1506409395,22248981,51.46,4.74458752,1
1506409386,22248978,51.44,14.97000000,1
1506409342,22248964,51.44,17.33230000,1
1506409327,22248954,51.43,1.80854848,0
1506409261,22248905,51.48,13.01000777,1
1506409261,22248904,51.49,1.95999223,1
1506409248,22248896,51.60,32.55120000,0
1506409190,22248824,51.48,42.20950000,1
1506409181,22248817,51.49,2.09290000,1
1506409176,22248807,51.60,0.35526000,0
1506409172,22248804,51.48,58.26330000,1
1506409028,22248658,51.32,2.00038805,1
1506408956,22248632,51.35,0.99800000,1
1506408945,22248631,51.60,40.00000000,0
1506408851,22248602,51.60,1.90000000,0
1506408850,22248601,51.60,7.28217900,0
1506408849,22248600,51.60,11.75435600,0
1506408828,22248592,51.59,8.37830000,1
1506408824,22248591,51.59,15.35930000,1
1506408815,22248589,51.59,17.48000000,1
1506408814,22248588,51.59,18.78240000,1
1506408805,22248584,51.32,38.79132615,1
1506408804,22248583,51.37,1.45914397,1
1506408804,22248582,51.37,1.45914397,1
1506408804,22248581,51.39,3.15158591,1
1506408804,22248580,51.58,14.93400000,1
1506408804,22248577,51.58,1.32000000,1
1506408709,22248553,51.40,31.56120000,1
1506408709,22248552,51.40,21.27800000,1
1506408700,22248541,51.39,66.94190000,1
1506408688,22248534,51.39,26.83630000,1
1506408673,22248529,51.41,25.02980000,1
1506408673,22248528,51.42,0.03000000,1
1506408662,22248525,51.42,14.97000000,1
1506408558,22248485,51.59,59.91532002,0
1506408530,22248472,51.33,13.51255733,1
1506408529,22248471,51.43,1.45744267,1
1506408470,22248428,51.60,1.30000000,0
1506408468,22248427,51.48,14.97000000,1
1506408464,22248422,51.60,4.85700000,0
1506408402,22248396,51.59,42.15160000,1
1506408392,22248382,51.40,14.43160000,1
1506408391,22248380,51.45,27.72000000,1
1506408278,22248297,51.41,14.97000000,1
1506408219,22248271,51.39,83.23329067,1
1506408218,22248270,51.40,0.27931985,1
1506408218,22248269,51.43,15.00000000,1
1506408218,22248268,51.43,1.17868948,1
1506407949,22248178,51.33,1.09590000,1
1506407826,22248143,51.35,1.00000000,0
1506407823,22248139,51.34,1.69600000,1
1506407823,22248138,51.37,1.00000000,1
1506407823,22248137,51.39,1.00000000,1
1506407823,22248136,51.40,15.00000000,1
1506407718,22248079,51.29,6.71944053,1
1506407718,22248078,51.29,0.28855947,1
1506407718,22248077,51.31,1.00000000,1
1506407581,22248012,51.40,14.97000000,1
1506407544,22247995,51.34,4.10780000,1
1506407479,22247956,51.36,14.97000000,1
1506407047,22247699,51.34,33.94400000,1
1506407037,22247678,51.34,42.01600000,1
1506407037,22247677,51.35,49.80000000,1
1506407028,22247663,51.42,73.84010000,1
1506406893,22247591,51.39,2.76450000,1
1506406677,22247451,51.41,0.74307463,0
1506406646,22247434,51.43,10.69560000,1
1506406632,22247426,51.82,10.57922183,1
1506406632,22247425,51.82,36.84000000,1
1506406631,22247424,51.75,101.00000000,0
1506406631,22247423,51.69,106.00000000,0
1506406631,22247422,51.67,1.00000000,0
1506406631,22247421,51.66,2.28000000,0
1506406631,22247420,51.64,1.00000000,0
1506406631,22247418,51.62,1.00000000,0
1506406631,22247416,51.62,113.00000000,0
1506406631,22247415,51.59,11.38000000,0
1506406630,22247414,51.58,97.00000000,0
1506406630,22247413,51.57,72.79978242,0
1506406628,22247412,51.30,1.00000000,1
1506406541,22247351,51.27,8.98200000,1
1506406497,22247242,51.24,36.82620000,1
1506406161,22247016,51.30,6.24734054,1
1506406160,22247009,51.30,4.91115600,1
1506406159,22247004,51.30,11.10000000,1
1506406157,22246991,51.30,0.39350907,1
1506406157,22246990,51.30,5.90263608,1
1506406156,22246979,51.30,20.36264000,1
1506406156,22246974,51.30,7.42947642,1
1506405849,22246729,51.30,2.06596112,0
1506405848,22246727,51.30,2.93403888,1
1506405727,22246694,51.30,6.69660000,1
1506405693,22246680,51.31,8.91754823,1
1506405244,22246460,51.28,12.87130000,1
1506405211,22246450,51.33,57.11360000,1
1506405207,22246449,51.54,0.57600000,0
1506405201,22246446,51.30,13.50886616,1
1506405200,22246445,51.30,1.46113384,1
1506405191,22246443,51.32,14.97000000,1
1506405051,22246403,51.37,1.95710000,1
1506404941,22246350,51.66,1.18799998,1
1506404845,22246315,51.51,38.81200002,0
1506404192,22245886,51.42,1.14499945,0
1506404094,22245792,51.27,2.11680000,1
1506404062,22245779,51.27,17.38320000,1
1506404012,22245770,51.27,122.06614201,1
1506404012,22245769,51.29,14.93385799,1
1506403948,22245713,51.34,4.34850252,0
1506403899,22245687,51.46,11.10000000,0
1506403898,22245685,51.28,0.14341636,0
1506403898,22245684,51.28,12.02113487,0
1506403898,22245683,51.28,2.29273183,1
1506403897,22245682,51.28,15.44260652,1
1506403897,22245681,51.28,14.29412558,1
1506403897,22245680,51.33,1.45914397,1
1506403782,22245611,51.38,20.63870000,1
1506403758,22245587,51.37,9.30140000,1
1506403755,22245583,51.67,9.28972324,0
1506403751,22245582,51.61,27.09840922,1
1506403750,22245581,51.61,13.51000000,0
1506403721,22245567,51.39,18.76240000,1
1506403712,22245563,51.39,9.99500000,1
1506403696,22245551,51.39,10.97800000,1
1506403670,22245541,51.39,0.96250000,1
1506403602,22245505,51.42,0.96260153,1
1506403602,22245504,51.42,1.14419847,1
1506403362,22245396,51.42,1.14499945,0
1506403346,22245392,51.30,0.00000046,0
1506403271,22245368,51.30,46.84789600,0
1506403271,22245366,51.30,32.90083200,0
1506403269,22245364,51.30,6.80272904,0
1506403269,22245363,51.30,9.70000000,0
1506403165,22245285,51.42,8.82983274,0
1506403163,22245280,51.28,10.43500000,1
1506403158,22245277,51.28,0.27839322,1
1506403125,22245275,51.40,1.75700389,1
1506403108,22245260,51.41,7.62417736,1
1506403088,22245234,51.42,3.74868436,0
1506403086,22245228,51.42,15.31000000,0
1506403064,22245209,51.42,11.10000000,0
1506403032,22245139,51.41,57.37682264,1
1506403025,22245127,51.41,34.99900000,1
1506403021,22245117,51.52,6.20104793,0
1506403013,22245107,51.51,11.08920400,0
1506402835,22244873,51.42,12.72000000,1
1506402834,22244872,51.42,3.00000000,1
1506402829,22244855,51.53,12.58344642,0
1506402829,22244854,51.50,0.71428184,0
1506402828,22244850,51.50,5.32999500,1
1506402828,22244848,51.50,9.95572316,1
1506402827,22244845,51.53,57.04182297,0
1506402824,22244824,51.53,15.09974771,0
1506402822,22244814,51.50,5.04427184,0
1506402820,22244807,51.50,9.67000000,0
1506402798,22244712,51.71,2.95817703,1
1506402785,22244672,51.69,16.00000000,1
1506402784,22244671,51.70,27.74852379,1
1506402784,22244670,51.71,16.00000000,1
1506402779,22244657,51.74,15.31000000,0
1506402772,22244632,51.72,10.62000000,1
1506402761,22244613,51.75,3.78794299,1
1506402758,22244606,51.80,1.78951167,0
1506402758,22244605,51.76,0.04048833,0
1506402757,22244604,51.76,11.95951167,1
1506402496,22244475,51.82,3.91020000,1
1506402487,22244471,51.94,21.95600000,1
1506402450,22244460,51.90,14.97000000,1
1506402410,22244455,51.84,7.54490000,1
1506402351,22244443,52.15,1.58294228,0
1506402344,22244439,52.06,0.00287916,0
1506402344,22244438,52.06,1.58990000,0
1506402341,22244436,52.02,10.27322600,1
1506402336,22244433,52.05,9.63299700,0
1506402332,22244429,52.05,0.28502000,1
1506402215,22244360,51.78,4.99000000,1
1506401972,22244331,51.77,12.05290000,1
1506401963,22244330,51.75,6.17386055,1
1506401963,22244329,51.80,0.95000000,1
1506401963,22244328,51.80,20.74333945,1
1506401226,22244212,51.81,10.50360867,1
1506401034,22244178,51.79,17.04190000,1
1506400688,22244090,51.80,2.18999164,0
1506400548,22244084,52.01,10.53935284,0
1506400548,22244083,52.00,7.95432616,0
1506400511,22244067,52.00,0.78648098,0
1506400061,22244006,52.05,0.88000000,0
1506399639,22243891,51.90,9.98000000,1
1506399614,22243876,52.04,60.00000000,0
1506399215,22243740,51.80,22.99400000,1
1506398629,22243519,51.77,7.58692084,1
1506398629,22243518,51.77,0.00287916,1
1506398619,22243514,51.77,1.58990000,1
1506398615,22243510,51.83,24.95672320,0
1506398613,22243508,51.83,0.04327680,1
1506398610,22243507,51.83,21.64470000,1
1506398455,22243429,51.83,24.68802320,1
1506398455,22243428,51.94,0.31151818,1
1506398453,22243424,51.95,0.00045862,1
1506398027,22243338,51.95,0.44520000,1
1506397064,22243061,52.20,0.10000000,0
1506396546,22242919,52.00,10.97800000,1
1506396529,22242917,52.00,10.97800000,1
1506396525,22242914,52.28,0.10399999,0
1506396525,22242913,52.26,0.10399999,0
1506396511,22242911,52.00,13.97200000,1
1506396390,22242890,52.02,3.72660000,1
1506396387,22242887,52.27,5.17113740,1
1506396386,22242885,52.27,3.73410000,1
1506396385,22242884,52.26,22.56123136,0
1506396371,22242881,52.27,0.10399999,0
1506396351,22242879,52.01,52.46490000,1
1506396341,22242876,52.08,22.43010000,1
1506396322,22242867,52.08,0.10580000,1
1506396313,22242861,52.08,53.10660000,1
1506396304,22242854,52.08,99.80000000,1
1506396295,22242849,52.08,20.77840000,1
1506396286,22242848,52.06,62.31520000,1
1506396277,22242845,52.07,32.69650000,1
1506396267,22242841,52.06,99.80000000,1
1506396244,22242827,52.06,9.96010000,1
1506396098,22242776,52.03,18.96200000,1
1506396058,22242755,52.02,5.68860000,1
1506395937,22242731,52.07,10.43000000,0
1506395937,22242730,52.07,4.87307049,0
1506395922,22242729,52.07,10.43692951,0
1506395764,22242711,52.14,60.10960000,1
1506395537,22242614,52.06,0.76083001,0
1506395536,22242613,52.06,60.00000000,0
1506395522,22242603,52.12,0.75700000,0
1506395522,22242602,52.11,0.76083001,0
1506395472,22242539,51.75,6.10172683,1
1506395472,22242538,51.91,2.51000000,1
1506395472,22242537,51.95,0.34821007,1
1506395471,22242536,52.08,1.43926310,1
1506395463,22242533,52.20,10.42013003,0
1506395461,22242532,52.19,15.29000000,0
1506395094,22242428,52.31,60.00000000,0
1506394985,22242379,52.17,2.00000000,1
1506394892,22242333,52.15,3.30470000,1
1506394891,22242332,52.16,3.34000000,1
1506394788,22242308,52.36,21.00000000,0
1506394787,22242307,52.36,40.00000000,0
1506394606,22242280,52.33,3.33658176,1
1506394601,22242278,52.33,17.37120000,1
1506394519,22242259,52.15,6.98210000,1
1506394497,22242252,52.14,4.04410000,1
1506394497,22242251,52.15,0.00880000,1
1506394474,22242248,52.15,4.33040000,1
1506394465,22242245,52.15,21.95600000,1
1506394456,22242241,52.15,22.56880000,1
1506394446,22242237,52.14,17.42710000,1
1506394437,22242235,52.14,9.53800000,1
1506394437,22242234,52.15,17.40800000,1
1506394377,22242219,52.10,12.93800000,1
1506394377,22242218,52.15,0.03600000,1
1506393964,22242165,52.15,17.96800000,1
1506393882,22242156,52.15,1.99600000,1
1506393869,22242154,52.10,27.94400000,1
1506393842,22242151,52.11,14.74150000,1
1506393829,22242148,52.09,2.22460000,1
1506393810,22242144,52.10,18.96200000,1
1506393790,22242136,52.06,21.95600000,1
1506393774,22242134,52.29,39.96000000,0
1506393768,22242133,52.06,2.19260000,1
1506393768,22242132,52.07,21.48000000,1
1506393747,22242121,52.34,21.36640000,1
1506393743,22242119,52.06,6.38720000,1
1506393733,22242112,52.28,19.19360000,1
1506393688,22242085,52.00,7.73000000,0
1506393688,22242084,52.00,0.21000000,0
1506393688,22242083,52.00,2.56000000,0
1506393685,22242082,51.99,0.00050000,1
1506393685,22242081,52.00,1.31000000,1
1506393685,22242080,52.03,2.45000000,1
1506393665,22242077,52.24,1.28600000,1
1506393653,22242074,52.25,0.00250000,1
1506393651,22242073,52.25,1.27050000,1
1506393633,22242068,52.06,2.45310000,1
1506393622,22242063,52.06,2.23560000,1
1506393613,22242060,52.07,57.75230000,1
1506393595,22242048,52.05,9.98000000,1
1506393579,22242040,52.06,18.76300000,1
1506393579,22242039,52.08,14.17100000,1
1506393570,22242036,52.10,26.46240000,1
1506393570,22242035,52.12,41.25000000,1
1506393560,22242032,52.08,15.97100000,1
1506393560,22242031,52.09,21.90200000,1
1506393560,22242030,52.09,2.56000000,1
1506393551,22242029,52.10,2.55490000,1
1506393542,22242026,52.13,1.92160000,1
1506393542,22242025,52.21,0.07440000,1
1506393528,22242022,52.21,37.15760000,1
1506393263,22241955,52.25,19.33130000,1
1506393249,22241951,52.23,8.98200000,1
1506393165,22241942,52.22,0.79799245,1
1506393165,22241941,52.25,0.00040755,1
1506392765,22241850,52.25,0.14480000,1
1506392756,22241848,52.25,0.59904901,1
1506392756,22241847,52.25,56.75795099,1
1506392756,22241846,52.26,0.03000000,1
1506392747,22241844,52.26,14.97000000,1
1506392655,22241800,52.36,60.00000000,0
1506392614,22241791,52.25,18.96200000,1
1506392597,22241788,52.25,66.94190000,1
1506392587,22241787,52.25,3.12080000,1
1506392570,22241783,52.25,32.93400000,1
1506392565,22241780,52.36,10.00000000,0
1506392557,22241774,52.25,21.95600000,1
1506392498,22241753,52.25,21.95600000,1
1506392488,22241749,52.25,32.93400000,1
1506392470,22241746,52.25,66.94190000,1
1506392459,22241745,52.25,66.89973926,1
1506392459,22241744,52.25,0.04216074,1
1506392272,22241714,52.25,20.95410000,1
1506391634,22241595,52.08,4.00000000,1
1506391247,22241326,52.07,13.35230000,1
1506391234,22241314,52.21,8.73850000,1
1506391214,22241275,52.14,0.18170000,1
1506391205,22241264,52.14,90.87990000,1
1506391196,22241255,52.14,57.76930000,1
1506391187,22241237,52.13,3.98010000,1
1506391178,22241229,52.13,25.03610000,1
1506391178,22241228,52.14,0.06560000,1
1506391169,22241213,52.14,32.55780000,1
1506391160,22241202,52.14,99.80000000,1
1506391151,22241186,52.14,7.26950000,1
1506391138,22241172,52.14,11.96610000,1
1506391129,22241165,52.14,8.98200000,1
1506391089,22241160,52.07,11.87620000,1
1506391060,22241152,52.07,21.95600000,1
1506391052,22241151,52.07,11.61690000,1
1506391051,22241150,52.07,3.35310000,1
1506390957,22241137,52.07,0.67870000,1
1506390924,22241126,52.07,7.98400000,1
1506390914,22241125,52.07,5.40820000,1
1506390905,22241117,52.06,21.95600000,1
1506390884,22241114,52.07,11.51800000,1
1506390875,22241111,52.07,18.96200000,1
1506390861,22241106,52.06,25.94800000,1
1506390839,22241099,52.07,5.03000000,1
1506390796,22241086,52.00,10.97800000,1
1506390773,22241081,52.01,14.97000000,1
1506390709,22241062,52.01,11.57680000,1
1506390509,22240992,52.01,35.00000000,1
1506390432,22240983,52.07,24.89520000,1
1506390326,22240969,52.08,18.58280000,1
1506390311,22240958,52.01,5.98800000,1
1506389965,22240810,52.01,8.81440000,1
1506389954,22240807,51.98,21.12570000,1
1506389907,22240793,52.02,15.23950000,1
1506389806,22240740,52.07,0.50400000,1
1506389806,22240739,52.07,1.00000000,1
1506389806,22240738,52.07,1.00000000,1
1506389806,22240737,52.07,1.00000000,1
1506389801,22240736,52.00,1.00000000,0
1506389719,22240707,51.96,12.33130000,1
1506389676,22240688,52.22,30.78151292,1
1506389582,22240670,51.95,21.95600000,1
1506389571,22240663,51.95,17.91120000,1
1506389561,22240659,51.95,9.98000000,1
1506389548,22240656,51.95,22.95400000,1
1506389526,22240652,51.95,4.89020000,1
1506389517,22240650,51.95,31.35120000,1
1506389508,22240649,51.95,28.73850000,1
1506389501,22240638,52.22,0.53619300,0
1506389497,22240627,51.95,25.35468993,1
1506389497,22240626,51.96,3.58731007,1
1506389488,22240620,52.17,15.88000000,0
1506389460,22240609,51.94,3.53738934,1
1506389460,22240608,51.95,0.04151066,1
1506389446,22240606,52.00,46.11560000,1
1506389436,22240601,52.00,8.18860000,1
1506389427,22240598,51.95,19.75350000,1
1506389427,22240597,51.96,0.00200000,1
1506389418,22240594,51.96,0.92920000,1
1506389409,22240592,51.96,32.93400000,1
1506389398,22240584,51.96,66.94190000,1
1506389388,22240576,51.96,66.94190000,1
1506389376,22240571,51.95,66.94190000,1
1506389367,22240565,51.97,15.23950000,1
1506389364,22240562,52.22,1.25600000,0
1506389356,22240557,51.96,16.74190000,1
1506389356,22240556,51.97,15.27000000,1
1506389348,22240549,51.95,13.14848934,1
1506389347,22240548,51.98,18.20000000,1
1506389347,22240547,51.98,3.58151066,1
1506389338,22240536,51.98,3.57190000,1
1506389267,22240515,52.01,1.70060000,1
1506389201,22240487,52.03,1.17670000,1
1506389190,22240480,52.03,1.76650000,1
1506389075,22240451,52.03,99.80000000,1
1506389066,22240448,52.04,1.04790000,1
1506388650,22240380,51.99,10.97800000,1
1506388560,22240368,52.21,1.00000000,0
1506388424,22240336,51.95,0.11460000,1
1506388424,22240335,52.00,2.58000000,1
1506388409,22240329,52.03,2.56390000,1
1506388400,22240326,52.03,4.06690000,1
1506388361,22240313,52.01,14.97000000,1
1506388351,22240310,51.99,15.52990000,1
1506388339,22240307,51.99,3.43220000,1
1506388330,22240301,51.97,3.87869396,1
1506388330,22240300,51.97,1.06050604,1
1506388321,22240294,52.00,1.05890000,1
1506388312,22240292,52.00,26.44700000,1
1506388303,22240287,52.03,1.75950000,1
1506388293,22240286,52.02,15.74550000,1
1506388187,22240265,52.08,15.74550000,1
1506388176,22240264,52.07,5.83040000,1
1506388167,22240263,52.08,15.74550000,1
1506388158,22240262,52.07,15.74550000,1
1506388139,22240261,52.11,57.80420000,1
1506387976,22240242,51.98,5.73760000,1
1506387958,22240241,51.98,2.04590000,1
1506387941,22240240,51.97,0.40620000,1
1506387725,22240209,52.23,3.46756271,0
1506387725,22240208,52.22,32.52526572,0
1506387685,22240200,52.20,39.60400000,0
1506387680,22240198,52.08,0.69400000,0
1506387645,22240189,52.23,0.39600000,0
1506387456,22240166,52.27,3.11156534,0
1506387456,22240165,52.25,36.85000000,0
1506386869,22240050,52.11,14.91020000,1
1506386842,22240047,52.07,26.19950000,1
1506386815,22240040,52.10,15.22450000,1
1506386803,22240035,52.10,1.79050000,1
1506386794,22240033,52.11,48.39610000,1
1506386785,22240030,52.11,3.58490000,1
1506386766,22240008,52.08,3.73181538,1
1506386748,22239980,52.07,9.98000000,1
1506386493,22239927,51.92,13.46629032,1
1506386485,22239926,52.18,9.93225000,0
1506386245,22239904,52.21,1.47400000,0
1506386150,22239895,52.12,22.97774367,0
1506386031,22239889,51.88,0.13180000,1
1506386022,22239888,51.91,7.97410000,1
1506386013,22239887,51.92,7.97410000,1
1506386002,22239884,51.92,1.43300828,1
1506386002,22239883,51.92,1.44369586,1
1506386002,22239882,51.92,1.44369586,1
1506386002,22239881,51.93,0.00200000,1
1506385993,22239878,51.93,0.99800000,1
1506385984,22239876,51.94,14.97000000,1
1506385500,22239794,52.18,1.00911003,0
1506385339,22239776,52.20,6.93591400,0
1506385012,22239716,52.08,1.12780000,1
1506385002,22239706,52.15,1.30740000,1
1506384766,22239686,52.05,0.24562373,0
1506384765,22239683,52.05,1.43537627,0
1506384228,22239487,52.00,15.00300000,1
1506384219,22239484,52.15,1.53590000,1
1506384219,22239483,52.16,15.00000000,1
1506384209,22239473,52.07,14.97000000,1
1506384199,22239451,52.08,14.97000000,1
1506384129,22239428,52.10,14.97000000,1
1506384102,22239421,52.08,14.97000000,1
