date,tid,price,amount,type
1506470338,22339637,0.15903,1532.97126310,0
1506470338,22339636,0.15920,1246.23203473,1
1506470338,22339635,0.15938,1655.93508448,1
1506470329,22339627,0.15938,1896.30585900,1
1506470328,22339626,0.15938,1008.10090652,1
1506470328,22339625,0.15972,0.00000048,1
1506470314,22339616,0.15972,13047.42800000,1
1506470287,22339596,0.15972,4034.46155400,1
1506470286,22339595,0.15972,12474.62781300,1
1506470277,22339580,0.15972,1518.68544600,1
1506470276,22339579,0.15972,1545.31670200,1
1506470275,22339578,0.15972,5413.30210700,1
1506470275,22339577,0.15973,3644.12315000,1
1506470269,22339575,0.15972,934.30878200,1
1506470262,22339574,0.15973,386.11391600,1
1506470141,22339510,0.16000,6933.47299700,1
1506470141,22339509,0.16001,1000.00000000,1
1506470141,22339508,0.16001,3125.00000000,1
1506470095,22339490,0.16064,479.37777874,1
1506469527,22339314,0.16085,131.40000000,0
1506468525,22338996,0.16092,2520.96000000,0
1506468523,22338992,0.16065,464.82060000,1
1506468514,22338980,0.16100,12500.00000000,1
1506468514,22338978,0.16100,1000.00000000,1
1506468514,22338975,0.16101,6563.03483000,1
1506468514,22338974,0.16103,194.15625452,1
1506468109,22338812,0.16177,131.40000000,0
1506468075,22338802,0.16107,300.00000000,1
1506467721,22338709,0.16212,479.29605397,0
1506467719,22338706,0.16200,87.23683560,0
1506467463,22338558,0.16184,531.22000000,1
1506467455,22338554,0.16199,2291.74138841,1
1506467429,22338548,0.16200,785.13152040,0
1506467416,22338537,0.16200,596.07984000,0
1506467334,22338523,0.16200,922.95300000,0
1506467261,22338479,0.16200,121.23667000,0
1506467219,22338469,0.16200,258.27160493,0
1506467184,22338446,0.16200,949.07407407,0
1506467106,22338429,0.16200,1342.85333000,0
1506466857,22338255,0.16200,146.00000000,0
1506466615,22338064,0.16248,114.19050026,0
1506466615,22338063,0.16246,491.62549974,0
1506466114,22337718,0.16200,625.00000000,0
1506466114,22337717,0.16200,300.00000000,0
1506465875,22337665,0.16147,165.00000000,0
1506465665,22337578,0.16069,32.00000000,1
1506465144,22337409,0.16065,1000.00000000,0
1506465042,22337373,0.16161,100.00000000,0
1506464940,22337334,0.16081,6660.94410000,1
1506464939,22337333,0.16082,3872.12590000,1
1506464842,22337276,0.16100,2473.00000000,1
1506464729,22337207,0.16085,757.12753292,0
1506464728,22337206,0.16085,492.87246708,1
1506464458,22337110,0.16190,673.71671315,0
1506464456,22337109,0.16136,267.68390897,0
1506464436,22337106,0.16100,164.69471702,0
1506464435,22337105,0.16100,213.06984706,0
1506464435,22337104,0.16083,165.00000000,0
1506464391,22337026,0.16120,517.58239157,0
1506464390,22337025,0.16120,2045.95031000,1
1506464389,22337015,0.16150,1645.06539300,1
1506464389,22337014,0.16151,323.41361360,1
1506464388,22337012,0.16152,267.68390897,1
1506464380,22336994,0.16152,618.87824748,1
1506464268,22336942,0.16200,1102.57617283,1
1506464268,22336941,0.16200,1743.87429741,1
1506464268,22336940,0.16200,337.88158741,1
1506464236,22336922,0.16200,3111.21824600,1
1506464149,22336883,0.16248,970.64807976,0
1506464067,22336792,0.16248,307.14691039,0
1506464050,22336772,0.16247,1411.00000000,0
1506463647,22336516,0.16249,2743.24000000,0
1506463646,22336515,0.16201,927.47135180,0
1506463646,22336514,0.16210,4638.56621966,1
1506463646,22336513,0.16210,1559.88248854,1
1506463646,22336512,0.16218,10433.07294000,1
1506463645,22336511,0.16221,1031.33700000,1
1506463552,22336454,0.16249,153.47190596,0
1506463547,22336453,0.16249,558.04200000,0
1506463545,22336452,0.16249,321.11900000,0
1506463542,22336449,0.16249,0.48584000,0
1506463542,22336448,0.16240,694.05816000,0
1506463518,22336440,0.16221,468.66300000,0
1506463511,22336438,0.16219,187.19220000,1
1506463508,22336435,0.16221,531.33700000,0
1506463494,22336430,0.16218,100.00000000,0
1506463487,22336426,0.16210,5855.56074604,0
1506463487,22336422,0.16210,3077.11289327,0
1506463486,22336418,0.16210,1729.79590253,0
1506463484,22336415,0.16210,4168.75448765,0
1506463479,22336406,0.16200,1741.70766659,0
1506463475,22336400,0.16200,258.29233341,0
1506463474,22336399,0.16200,1092.61081155,0
1506463448,22336389,0.16200,925.92150000,0
1506463435,22336384,0.16200,981.46768845,0
1506463435,22336383,0.16200,750.00000000,0
1506463435,22336382,0.16200,128.00000000,0
1506463435,22336380,0.16199,1000.00000000,0
1506463434,22336378,0.16180,126.92868894,0
1506463429,22336373,0.16180,2998.07131106,0
1506463429,22336371,0.16170,31.00000000,0
1506463418,22336364,0.16170,858.79049391,0
1506463416,22336360,0.16170,381.03634592,0
1506463416,22336359,0.16170,250.00000000,0
1506463416,22336358,0.16159,394.22365408,0
1506463414,22336357,0.16159,303.33586592,0
1506463409,22336354,0.16156,793.63592500,0
1506463404,22336318,0.16156,206.36407500,0
1506463401,22336317,0.16152,6525.48318294,0
1506463399,22336310,0.16152,20595.70000000,0
1506463398,22336306,0.16152,2241.69681706,0
1506463396,22336302,0.16152,1637.12000000,0
1506463396,22336299,0.16151,1.60748800,0
1506463395,22336297,0.16151,319.89011200,0
1506463393,22336282,0.16150,210.35516679,0
1506463392,22336277,0.16150,1425.62309157,0
1506463379,22336259,0.16150,486.00800000,0
1506463378,22336258,0.16150,3288.61000000,0
1506463374,22336257,0.16150,653.21200000,0
1506463366,22336247,0.16150,1444.76000000,0
1506463365,22336246,0.16150,132.92420000,0
1506463362,22336233,0.16150,1053.75000000,0
1506463360,22336227,0.16150,1017.19000000,0
1506463355,22336213,0.16150,2706.56754164,0
1506463355,22336211,0.16150,381.97735000,1
1506463350,22336199,0.16149,553.47311769,0
1506463350,22336198,0.16148,9.97456031,0
1506463350,22336196,0.16147,1469.17246000,0
1506463349,22336193,0.16148,179.52193969,0
1506463348,22336182,0.16117,1.51667933,0
1506463347,22336176,0.16117,301.81918659,0
1506463331,22336149,0.16100,1293.72724000,0
1506463330,22336148,0.16100,1204.12007900,0
1506463322,22336132,0.16100,1403.51000000,0
1506463222,22335991,0.16100,811.16900000,0
1506463222,22335988,0.16100,1581.20092100,0
1506463222,22335986,0.16100,250.00000000,0
1506463222,22335984,0.16082,165.00000000,0
1506463196,22335897,0.16093,1143.21000000,0
1506463184,22335862,0.16098,6448.57974304,0
1506463184,22335861,0.16097,111.77470538,0
1506463183,22335854,0.16097,1224.05946462,1
1506463181,22335848,0.16098,3014.28757454,0
1506463177,22335827,0.16098,4400.38594856,0
1506463175,22335810,0.16098,1590.01118151,0
1506463173,22335801,0.16098,5125.60889551,0
1506463173,22335796,0.16098,1551.74582272,0
1506463172,22335790,0.16098,1290.52749063,0
1506463170,22335780,0.16097,1587.12971000,1
1506463167,22335769,0.16097,219.17372266,0
1506463167,22335767,0.16097,1121.61227405,0
1506463166,22335761,0.16077,932.16912000,1
1506463163,22335750,0.16077,3.50548195,0
1506463162,22335746,0.16077,697.59090805,0
1506463161,22335733,0.16065,101.19012564,0
1506463161,22335732,0.16049,0.65625744,0
1506463160,22335729,0.16049,130.59523129,0
1506463158,22335724,0.16049,1904.35831971,0
1506463023,22335665,0.16001,1108.50157716,1
1506463007,22335655,0.16000,9491.45602300,0
1506462624,22335443,0.15999,3125.00000000,0
1506462554,22335361,0.15999,391.33785000,0
1506462554,22335360,0.15999,4031.94110000,0
1506462419,22335193,0.15979,1308.02080000,1
1506462172,22334917,0.15920,1245.53643759,0
1506462168,22334904,0.15920,626.67114934,0
1506462167,22334900,0.15920,627.79241307,0
1506462027,22334710,0.15926,478.00000000,0
1506461962,22334654,0.15977,8506.76141000,0
1506461962,22334653,0.15976,1493.23859000,0
1506461838,22334578,0.15927,428.39500000,1
1506461836,22334577,0.15909,0.51866428,0
1506461825,22334566,0.15926,740.44433572,1
1506461815,22334558,0.15926,633.22100000,1
1506461799,22334547,0.15926,375.57802794,1
1506461798,22334546,0.15927,309.03497206,1
1506461788,22334542,0.15975,3735.27587981,0
1506461750,22334533,0.15926,570.05700000,1
1506461747,22334532,0.15926,919.29081419,1
1506461747,22334531,0.15927,327.54918581,1
1506461725,22334516,0.15927,26.87154628,1
1506461725,22334515,0.15927,282.72845372,1
1506461720,22334501,0.15926,1651.71488529,0
1506461719,22334499,0.15926,1582.73692471,0
1506461718,22334490,0.15926,275.19306837,0
1506461662,22334448,0.15929,2515.68534271,0
1506461639,22334373,0.15908,313.52344732,0
1506461088,22334082,0.15873,477.99999500,0
1506460623,22333855,0.15811,2338.32434716,1
1506460623,22333854,0.15836,4692.98951181,1
1506460623,22333853,0.15836,120.20585020,1
1506460622,22333852,0.15841,4410.17773474,1
1506460622,22333851,0.15841,765.75979000,1
1506460622,22333850,0.15867,3505.99020000,1
1506460622,22333849,0.15877,3650.45399497,1
1506460622,22333848,0.15890,7271.30914430,1
1506460573,22333826,0.15890,640.23124661,1
1506460572,22333825,0.15898,2291.07769139,1
1506460572,22333824,0.15900,340.00000000,1
1506460572,22333823,0.15900,2208.31017000,1
1506460572,22333822,0.15900,1023.00000000,1
1506460555,22333800,0.15979,325.00000000,0
1506460441,22333711,0.15903,1833.91867900,1
1506460313,22333651,0.15905,9097.14486000,0
1506460312,22333650,0.15909,359.60000000,1
1506460312,22333649,0.15909,1254.00716576,1
1506460312,22333648,0.15924,3234.23337450,1
1506460312,22333647,0.15930,3201.22660000,1
1506460312,22333645,0.15941,250.36888946,1
1506460312,22333643,0.15950,4225.80329914,1
1506460296,22333639,0.15990,995.50000000,1
1506460230,22333613,0.16000,3987.10212016,0
1506460215,22333606,0.15950,3731.11720086,1
1506460215,22333605,0.15951,1464.79279000,0
1506460215,22333604,0.15957,304.09000914,1
1506460210,22333603,0.15957,190.00000000,1
1506460208,22333602,0.16000,2889.85548000,0
1506460193,22333599,0.16000,2870.00000000,0
1506460160,22333588,0.16001,382.26790000,1
1506460150,22333581,0.16001,380.26600000,1
1506460089,22333552,0.15997,478.00000000,0
1506460085,22333547,0.16000,375.00000000,1
1506460084,22333546,0.16000,625.00000000,1
1506460066,22333492,0.16001,745.83846400,1
1506460066,22333491,0.16005,1000.00000000,1
1506460006,22333435,0.16006,63.95631000,0
1506459979,22333406,0.16006,1000.00000000,1
1506459278,22332604,0.16050,2200.00000000,0
1506459250,22332529,0.16000,1092.44468168,1
1506459243,22332507,0.16026,2390.48864300,0
1506459220,22332446,0.16000,131.70534510,1
1506459218,22332442,0.16000,318.19663779,1
1506459215,22332430,0.16000,775.85007857,1
1506459215,22332429,0.16000,1224.14992143,1
1506459147,22332336,0.16000,1224.15002678,1
1506459147,22332335,0.16000,155.14675322,1
1506459147,22332333,0.16021,152.96908900,1
1506459144,22332325,0.16021,1847.03091100,1
1506459135,22332309,0.16019,3446.49824287,0
1506459132,22332297,0.16000,5873.45046070,1
1506459131,22332291,0.16019,885.62391713,0
1506459125,22332274,0.16000,885.58694400,1
1506459123,22332267,0.16000,302.56250000,1
1506459115,22332241,0.16000,1440.69431250,0
1506459112,22332222,0.16022,6904.62489389,0
1506459055,22332148,0.16052,563.31103906,0
1506459047,22332143,0.16000,246.00000000,1
1506459046,22332133,0.15957,3405.00000000,0
1506459032,22332107,0.15957,648.26532400,1
1506459029,22332106,0.15950,2043.07950000,1
1506459028,22332102,0.16001,2606.24781000,1
1506459025,22332095,0.15954,1255.89371500,1
1506459024,22332091,0.16000,9674.39258320,1
1506459024,22332090,0.16000,2271.37170180,1
1506459023,22332088,0.16052,1157.49400000,0
1506459022,22332086,0.16000,330.32869800,1
1506458890,22332002,0.16001,1253.04668458,1
1506458871,22331982,0.16001,1253.28166021,1
1506458854,22331966,0.16001,1500.98224544,1
1506458794,22331904,0.16000,2589.96320484,0
1506458793,22331901,0.16000,222.25263544,0
1506458792,22331900,0.16000,1507.78448275,1
1506458792,22331899,0.16001,3069.20062000,1
1506458792,22331898,0.16025,208.79216625,1
1506458769,22331880,0.16000,1500.98224544,1
1506458766,22331875,0.15980,856.50064686,1
1506458766,22331874,0.15994,699.52409000,1
1506458765,22331872,0.16000,9098.97526314,1
1506458765,22331870,0.16000,1141.00233702,1
1506458765,22331868,0.16001,3496.63646000,1
1506458765,22331866,0.16062,1775.08898396,1
1506458765,22331864,0.16063,126.95051202,1
1506458723,22331790,0.16062,1773.92834000,0
1506458715,22331769,0.16001,2386.04620500,1
1506458707,22331761,0.16000,300.00000000,1
1506458696,22331741,0.16000,470.95379500,1
1506458693,22331707,0.16000,4586.88308000,1
1506458693,22331701,0.16001,2077.83192000,1
1506458665,22331687,0.16000,5.00000000,0
1506458651,22331680,0.16000,995.00000000,0
1506458645,22331668,0.16000,59.98000000,0
1506458598,22331632,0.16002,1150.72000000,1
1506458589,22331624,0.16001,10080.56000000,1
1506458540,22331579,0.16001,5268.64055566,1
1506458533,22331577,0.16065,1190.26679116,0
1506458532,22331576,0.16063,356.12479000,0
1506458532,22331575,0.16038,1000.00000000,0
1506458532,22331574,0.16038,5000.00000000,0
1506458530,22331570,0.16037,1780.62393000,0
1506458509,22331559,0.16036,2199.48708691,0
1506458494,22331545,0.16000,5157.61325700,0
1506458468,22331532,0.15999,2181.47615000,0
1506458419,22331499,0.16000,762.02700000,1
1506458266,22331370,0.16000,3117.20693750,1
1506458253,22331362,0.15946,100.00000000,1
1506458032,22331200,0.15950,1146.92412300,0
1506458032,22331199,0.15950,2376.49538700,0
1506458030,22331198,0.15950,1356.44532700,0
1506458030,22331196,0.15950,1633.55090100,0
1506458008,22331181,0.15950,4766.98426200,0
1506458008,22331180,0.15949,4389.86454300,0
1506458003,22331173,0.15949,150.00014700,0
1506457992,22331162,0.15949,52.53620916,0
1506457987,22331128,0.15949,525.92639036,0
1506457936,22331073,0.15999,2782.90012500,0
1506457934,22331068,0.15950,3230.80115717,0
1506457914,22331051,0.15950,1758.68413755,0
1506457908,22331048,0.15950,109.88701159,0
1506457832,22330978,0.15950,2182.37706609,0
1506457830,22330974,0.15959,693.89939996,1
1506457808,22330934,0.15959,318.21082184,1
1506457792,22330924,0.15999,4513.46455000,0
1506457792,22330923,0.15997,1461.63786000,0
1506457716,22330841,0.16000,191.00000000,1
1506457714,22330839,0.16000,2425.17091776,1
1506457714,22330838,0.16001,444.82908224,1
1506457700,22330819,0.16000,0.00013485,1
1506457700,22330818,0.16001,444.04649215,1
1506457607,22330732,0.16038,3982.20984485,1
1506457607,22330731,0.16050,4031.54036190,1
1506457595,22330716,0.16050,616.50000000,1
1506457587,22330709,0.16050,300.00000000,0
1506457587,22330708,0.16030,51.95963810,0
1506457577,22330701,0.16030,55.52770000,0
1506457572,22330697,0.16030,519.61266190,0
1506457495,22330619,0.16000,250.00000000,1
1506457493,22330617,0.16001,1460.45508198,1
1506457469,22330599,0.16002,2443.65102000,1
1506457456,22330593,0.15999,302.88250000,0
1506457455,22330587,0.16000,62.34412500,0
1506457454,22330586,0.16000,6936.38987318,0
1506457454,22330585,0.16000,32.00000000,0
1506457454,22330584,0.16000,319.00000000,0
1506457454,22330582,0.16000,500.00000000,0
1506457454,22330581,0.16000,359.22209481,0
1506457454,22330580,0.16000,1077.45626631,0
1506457454,22330579,0.16000,320.00000000,0
1506457454,22330578,0.16000,826.00000000,0
1506457454,22330577,0.16000,7500.00000000,0
1506457453,22330576,0.16000,1500.00000000,0
1506457453,22330575,0.16000,191.64233888,0
1506457453,22330574,0.16000,125.00000000,0
1506457453,22330573,0.16000,1000.00000000,0
1506457453,22330572,0.16000,723.00000000,0
1506457453,22330571,0.16000,350.00000000,0
1506457453,22330570,0.16000,5000.00000000,0
1506457448,22330565,0.16000,307.80000000,0
1506457448,22330564,0.16000,6704.82174711,0
1506457448,22330563,0.16000,5190.00000000,0
1506457448,22330562,0.15999,3060.22769760,0
1506457448,22330561,0.15999,55583.34672992,0
1506457442,22330551,0.15999,557.26700600,0
1506457442,22330550,0.15998,359.86040000,0
1506457438,22330547,0.15999,5808.79595000,0
1506457438,22330546,0.15998,427.55691000,0
1506457427,22330538,0.15999,1042.35372508,0
1506457427,22330537,0.15999,388.12713792,0
1506457426,22330534,0.15999,666.66666600,0
1506457426,22330533,0.15999,3643.97210971,0
1506457426,22330532,0.15999,1122.68008399,0
1506457426,22330531,0.15999,3044.65894055,0
1506457426,22330530,0.15999,1600.33712675,0
1506457425,22330528,0.15999,7820.98673500,0
1506457425,22330527,0.15999,1763.98078200,0
1506457425,22330526,0.15998,507.98841000,0
1506457403,22330507,0.15999,3098.53590100,0
1506457403,22330505,0.15998,603.55058000,0
1506457394,22330493,0.15999,16340.56123800,0
1506457394,22330491,0.15998,717.08980000,0
1506457394,22330490,0.15997,704.62443000,0
1506457394,22330489,0.15990,4244.48509000,0
1506457379,22330470,0.15990,255.51491000,0
1506457379,22330469,0.15990,80.00000000,0
1506457379,22330468,0.15971,320.00000000,0
1506457354,22330452,0.15959,13.69272384,0
1506457291,22330402,0.15959,2800.00000000,0
1506457235,22330346,0.15959,1900.82567829,0
1506457232,22330339,0.15959,5285.48159787,0
1506457232,22330338,0.15950,633.54470513,0
1506457232,22330337,0.15950,3319.60000000,0
1506457231,22330335,0.15950,680.40000000,0
1506457221,22330321,0.15947,680.40000000,0
1506457210,22330314,0.15941,149.04290956,0
1506457208,22330311,0.15941,250.26190327,0
1506457182,22330271,0.15928,1667.98970496,0
1506457182,22330265,0.15920,108.20000000,0
1506457182,22330264,0.15916,708.18815000,0
1506457182,22330262,0.15900,2915.11028440,0
1506457178,22330255,0.15900,779.28604680,0
1506457177,22330254,0.15900,2660.87836000,0
1506457171,22330221,0.15900,1006.13207547,0
1506457150,22330190,0.15900,393.06528301,0
1506457150,22330189,0.15898,4250.53449000,0
1506457148,22330187,0.15890,909.15741155,0
1506457148,22330186,0.15890,7000.00000000,0
1506457124,22330157,0.15877,497.77629753,0
1506457124,22330155,0.15868,200.00000000,0
1506457119,22330148,0.15839,3608.76570425,1
1506457118,22330147,0.15850,617.51761475,1
1506457109,22330129,0.15850,150.00000000,0
1506457109,22330127,0.15850,1608.22370247,0
1506457106,22330115,0.15850,497.77629753,0
1506457105,22330113,0.15836,4676.83725000,0
1506457105,22330112,0.15833,0.52376425,0
1506457104,22330103,0.15833,104.22908575,0
1506457098,22330088,0.15811,523.76426000,1
1506457096,22330084,0.15811,2406.68005000,0
1506457095,22330074,0.15811,3602.51932199,1
1506457094,22330069,0.15821,3047.35081900,1
1506457093,22330068,0.15820,4313.67000000,0
1506457093,22330067,0.15813,803.73033000,0
1506457091,22330062,0.15811,2592.92752400,0
1506457088,22330055,0.15811,5997.64586700,0
1506457051,22329998,0.15700,486.21187527,0
1506457016,22329958,0.15700,4450.13838231,1
1506457016,22329957,0.15701,4806.06706000,1
1506457016,22329956,0.15720,498.98884041,1
1506457016,22329955,0.15730,5000.00000000,1
1506457016,22329954,0.15733,3942.83260000,1
1506457016,22329953,0.15734,5464.81417000,1
1506457016,22329952,0.15734,2722.80000000,1
1506456881,22329824,0.15731,2884.00000000,1
1506456878,22329819,0.15731,192.00000000,1
1506456872,22329818,0.15732,854.74900000,1
1506456287,22329420,0.15780,576.73063525,1
1506456281,22329414,0.15789,6320.88156311,0
1506456215,22329396,0.15780,1423.26936475,0
1506456087,22329342,0.15778,399.15393000,1
1506455989,22329234,0.15702,1000.63460460,1
1506455977,22329226,0.15701,2692.95836200,1
1506455963,22329219,0.15780,576.73063525,0
1506455810,22329109,0.15789,947.62176198,0
1506455758,22329087,0.15730,865.44693800,1
1506455753,22329081,0.15729,550.00000000,1
1506455748,22329067,0.15810,157.72928527,1
1506455731,22329054,0.15810,1419.56356735,1
1506455713,22329046,0.15810,422.70714738,0
1506455711,22329044,0.15810,1577.29285262,0
1506455700,22329042,0.15809,100.00000000,0
1506455700,22329041,0.15809,132.00000000,0
1506455699,22329039,0.15809,174.00000000,0
1506455699,22329038,0.15809,103.00000000,0
1506455683,22329022,0.15800,2744.48395800,1
1506455672,22329015,0.15714,100.00000000,1
1506455527,22328943,0.15805,200.00000000,0
1506455518,22328940,0.15752,12556.01266000,1
1506455518,22328939,0.15803,936.90075400,1
1506455505,22328933,0.15803,882.23689600,1
1506455493,22328926,0.15803,1819.13765179,0
1506455486,22328909,0.15733,541.51374560,1
1506455486,22328908,0.15802,93.69007540,1
1506455483,22328905,0.15802,843.21067860,1
1506455478,22328898,0.15802,2929.47347600,1
1506455454,22328868,0.15802,31.56265029,0
1506455452,22328865,0.15800,0.00000216,0
1506455449,22328864,0.15800,999.99999784,0
1506455449,22328863,0.15800,737.34177216,0
1506455434,22328839,0.15799,250.00000000,0
1506455409,22328776,0.15798,248.04413930,0
1506455396,22328761,0.15798,250.00000000,0
1506455383,22328750,0.15775,637.00000000,0
1506455370,22328741,0.15749,381.84349965,0
1506455356,22328722,0.15749,2441.82893000,0
1506455343,22328711,0.15749,2035.53594000,0
1506455330,22328708,0.15749,152.33481000,0
1506455317,22328655,0.15749,2147.66519000,0
1506455304,22328641,0.15749,1639.68318000,0
1506455300,22328639,0.15749,212.57790357,0
1506455296,22328637,0.15749,7059.45388000,0
1506455293,22328635,0.15749,2289.39348678,0
1506455290,22328627,0.15749,1639.68318000,0
1506455284,22328618,0.15733,1591.70906928,0
1506455278,22328611,0.15733,2288.48912123,0
1506455277,22328607,0.15733,1242.01536000,0
1506455275,22328602,0.15733,19218.50340000,0
1506455234,22328468,0.15732,890.14775700,0
1506455222,22328459,0.15733,1880.59166000,0
1506455222,22328458,0.15732,348.40834000,0
1506455185,22328420,0.15718,867.95432874,0
1506455179,22328407,0.15718,1593.00000000,0
1506455157,22328379,0.15718,1073.17030000,0
1506455144,22328354,0.15718,600.00000000,0
1506455135,22328338,0.15700,2976.41823800,1
1506455124,22328293,0.15718,633.49156316,0
1506455123,22328268,0.15700,3540.47345400,1
1506455120,22328239,0.15700,0.00000161,0
1506455120,22328237,0.15698,1678.69400000,0
1506455120,22328231,0.15700,7434.67501000,0
1506455114,22328205,0.15700,888.11719618,0
1506455114,22328204,0.15700,24.65425249,0
1506455106,22328159,0.15698,11954.59700000,0
1506455106,22328158,0.15696,6600.44600000,0
1506455106,22328156,0.15693,3606.02727974,0
1506455104,22328145,0.15693,2325.83010217,0
1506455103,22328144,0.15693,577.76222447,0
1506455100,22328107,0.15693,54.64039362,0
1506455099,22328103,0.15691,16816.61300000,1
1506455097,22328092,0.15691,103.04274613,0
1506455012,22327788,0.15680,42.74980000,0
1506454999,22327771,0.15690,42.14526000,1
1506454999,22327770,0.15691,3.02878000,1
1506454984,22327749,0.15680,1604.04733300,1
1506454972,22327735,0.15691,62.56069000,0
1506454959,22327709,0.15694,74.32954000,0
1506454946,22327694,0.15697,85.30754000,0
1506454935,22327671,0.15680,85.30754000,1
1506454928,22327653,0.15699,93.42608804,0
1506454928,22327651,0.15679,80.40056000,0
1506454920,22327635,0.15678,169.27531132,0
1506454918,22327626,0.15680,148.42488743,0
1506454777,22327159,0.15669,113.93886797,0
1506454693,22326981,0.15569,5197.53788400,1
1506454693,22326979,0.15569,3053.66807010,1
1506454693,22326977,0.15569,2.26953000,1
1506454693,22326973,0.15570,17665.98058000,1
1506454639,22326884,0.15691,17566.14769000,0
1506454472,22326667,0.15698,95.31526309,0
1506454450,22326659,0.15595,602.62728000,1
1506454449,22326658,0.15596,4187.37272000,1
1506454240,22326387,0.15698,414.91718753,0
1506454235,22326354,0.15698,414.91718753,0
1506454234,22326349,0.15624,4621.08590771,1
1506454231,22326327,0.15643,1276.40678738,1
1506454220,22326251,0.15698,451.65735800,0
1506454206,22326138,0.15699,6381.81528973,0
1506454206,22326135,0.15670,709.62154027,0
1506454199,22326068,0.15670,364.46245973,0
1506454199,22326065,0.15670,214.81680000,0
1506454194,22326008,0.15698,533.97069033,0
1506454194,22326007,0.15672,255.22788000,0
1506454193,22326005,0.15671,1337.14050000,0
1506454193,22326002,0.15643,1276.13941000,0
1506454079,22325805,0.15537,9439.46266694,1
1506454079,22325804,0.15537,3063.08950000,1
1506454077,22325803,0.15575,647.44783306,1
1506453937,22325357,0.15590,63.82025349,1
1506453812,22324874,0.15597,1279.37000000,1
1506453807,22324840,0.15599,422.60900000,1
1506453802,22324797,0.15597,1064.37336000,1
1506453802,22324796,0.15600,205.66664000,1
1506453465,22323814,0.15600,44.33336000,1
1506453464,22323813,0.15644,127.00000000,1
1506452997,22323147,0.15700,534.16961783,1
1506452995,22323146,0.15698,101.19752693,0
1506452824,22323078,0.15680,602.34186409,1
1506452822,22323077,0.15635,671.84391245,0
1506452470,22321688,0.15632,2233.41338280,0
1506452100,22321368,0.15575,640.45341894,0
1506452061,22321336,0.15520,60.00000000,1
1506452015,22321313,0.15579,358.49541151,0
1506451675,22321007,0.15603,1432.00000000,1
1506451674,22321005,0.15565,68.00000000,0
1506451466,22320900,0.15619,2554.59690121,0
1506451190,22320724,0.15531,2894.99999863,1
1506451190,22320723,0.15590,0.00000137,1
1506451163,22320701,0.15590,2536.46162000,1
1506451152,22320683,0.15590,12772.30502900,1
1506451152,22320682,0.15591,2869.41239000,1
1506451148,22320679,0.15590,2536.46162100,1
1506451118,22320662,0.15591,1131.99259300,1
1506451084,22320647,0.15625,3192.01990400,0
1506451065,22320636,0.15619,159.61329150,0
1506450966,22320557,0.15617,638.00000000,0
1506450933,22320535,0.15635,0.00000044,1
1506450930,22320527,0.15638,637.00000000,0
1506450912,22320510,0.15635,5487.09807900,1
1506450912,22320509,0.15635,2336.96834000,1
1506450891,22320491,0.15635,2168.85802900,1
1506450891,22320490,0.15635,11933.91994300,1
1506450891,22320489,0.15635,44290.50909900,1
1506450889,22320488,0.15635,2177.62020000,1
1506450884,22320483,0.15635,5726.85155500,1
1506450884,22320482,0.15635,3310.23250400,1
1506450880,22320481,0.15636,3384.72597400,1
1506450876,22320477,0.15636,1739.00743100,1
1506450859,22320468,0.15635,242.94225056,0
1506450458,22320333,0.15588,68.00000000,0
1506450411,22320316,0.15533,5273.98190700,1
1506450410,22320315,0.15534,8051.50024000,1
1506449951,22320050,0.15636,6379.54866974,0
1506449880,22320007,0.15600,680.28647436,0
1506449588,22319611,0.15600,319.71352564,0
1506449450,22319357,0.15625,670.27200000,0
1506449269,22319173,0.15653,4500.00000000,0
1506449269,22319172,0.15630,1500.00000000,0
1506449006,22319061,0.15658,908.90110895,0
1506449006,22319059,0.15649,2209.85152000,0
1506449004,22319058,0.15595,68.00000000,0
1506448459,22318666,0.15664,1910.44350102,0
1506448087,22318437,0.15700,475.34574751,0
1506448087,22318436,0.15648,274.06797706,0
1506448087,22318435,0.15643,909.50083000,0
1506448087,22318434,0.15643,4547.50416000,0
1506448085,22318433,0.15583,169.00000000,0
1506448037,22318388,0.15521,97.66000000,1
1506447563,22317757,0.15634,127.60726621,0
1506447463,22317478,0.15543,3461.33608000,1
1506447463,22317476,0.15543,0.71582000,1
1506447463,22317473,0.15544,1893.92975000,1
1506447463,22317471,0.15544,1260.00000000,1
1506447463,22317469,0.15544,2408.38351000,1
1506447437,22317416,0.15540,2801.00000000,1
1506447417,22317343,0.15536,2801.00000000,1
1506447381,22317243,0.15635,956.99347618,0
1506446959,22316864,0.15558,9859.59361300,1
1506446959,22316860,0.15558,4978.97938700,1
1506446836,22316683,0.15648,10453.93202294,0
1506446836,22316682,0.15647,3302.75789000,0
1506446836,22316681,0.15645,2012.00000000,0
1506446834,22316680,0.15591,169.00000000,0
1506446281,22316391,0.15644,776.59166453,0
1506446279,22316390,0.15600,500.00000000,0
1506446011,22316291,0.15519,126.33694716,1
1506445897,22316211,0.15570,32.03294798,0
1506445693,22316058,0.15544,263.03988677,0
1506445506,22315806,0.15482,243.74191179,1
1506445506,22315805,0.15514,223.09995131,1
1506445505,22315803,0.15518,3397.74760000,1
1506445503,22315799,0.15562,1866.85000000,0
1506445502,22315798,0.15514,1872.72000000,1
1506445491,22315788,0.15490,169.00000000,0
1506445305,22315501,0.15528,3433.63086000,1
1506445144,22315447,0.15646,330.85794987,1
1506445144,22315446,0.15645,843.84932000,0
1506445142,22315445,0.15569,2019.29273013,0
1506445139,22315444,0.15569,0.00000001,1
1506444992,22315296,0.15569,1877.79858100,1
1506444988,22315291,0.15557,5282.91992000,0
1506444988,22315290,0.15556,8580.81917000,0
1506444927,22315158,0.15569,6144.99083200,0
1506444801,22315004,0.15463,4058.46504620,1
1506444801,22315003,0.15464,1994.33287000,1
1506444801,22315002,0.15500,129.00000000,1
1506444801,22315001,0.15500,500.00000000,1
1506444801,22315000,0.15500,2500.00000000,1
1506444801,22314999,0.15500,1000.00000000,1
1506444800,22314998,0.15503,9965.21320000,1
1506444800,22314997,0.15507,3394.99380380,1
1506444800,22314995,0.15520,2097.17508000,1
1506444798,22314994,0.15530,2012.00000000,1
1506444620,22314872,0.15611,2555.89007750,0
1506444520,22314748,0.15619,127.72981625,0
1506444476,22314712,0.15522,2465.31224963,1
1506444474,22314710,0.15641,318.87545553,0
1506444437,22314698,0.15515,3779.30837745,1
1506444435,22314696,0.15520,264.03117735,1
1506444433,22314695,0.15622,319.00000000,0
1506444328,22314507,0.15573,640.53567071,0
1506444254,22314407,0.15551,117.00000000,0
1506444067,22314007,0.15520,500.00000000,1
1506443932,22313895,0.15520,292.15026800,1
1506443888,22313835,0.15520,1056.02410700,0
1506443882,22313826,0.15520,43.97589300,1
1506443870,22313806,0.15520,1456.02410700,1
1506443870,22313805,0.15550,721.00000000,1
1506443564,22313301,0.15689,1907.39926063,0
1506443536,22313269,0.15600,4121.85827300,1
1506443536,22313268,0.15601,6789.22372000,1
1506443468,22313107,0.15639,1594.58117527,0
1506443278,22312868,0.15713,41.90281932,0
1506443013,22312645,0.15600,2001.00000000,1
1506442995,22312629,0.15627,117.00000000,0
1506442991,22312618,0.15582,137.81500000,1
1506442975,22312609,0.15600,5000.00000000,1
1506442975,22312608,0.15610,432.17570799,1
1506442920,22312531,0.15610,2919.95994001,1
1506442910,22312521,0.15610,4913.37769500,1
1506442910,22312520,0.15630,508.49665700,1
1506442800,22312478,0.15630,1225.99000000,1
1506442791,22312473,0.15630,8265.51334300,1
1506442786,22312471,0.15610,1734.48665700,1
1506442765,22312453,0.15612,4460.12362000,1
1506442744,22312431,0.15616,5146.41165000,1
1506442744,22312430,0.15616,2591.70490000,1
1506442743,22312429,0.15617,4666.48963800,1
1506442743,22312428,0.15617,2789.12123200,1
1506442727,22312420,0.15615,10000.00000000,1
1506442700,22312403,0.15717,869.49386015,0
1506442672,22312374,0.15664,1389.90995939,1
1506442671,22312373,0.15664,4978.19525000,0
1506442542,22312246,0.15689,200.00000000,1
1506442505,22312203,0.15671,200.00000000,0
1506442271,22311976,0.15718,4279.06934770,1
1506442270,22311971,0.15718,490.93065230,0
1506442197,22311902,0.15571,100.64000000,1
1506442102,22311795,0.15576,2871.59995400,1
1506442001,22311724,0.15718,369.14774424,1
1506441999,22311723,0.15718,44.23523000,0
1506441999,22311722,0.15718,221.17613000,0
1506441695,22311337,0.15618,319.34505058,0
1506441677,22311308,0.15632,5457.14322000,0
1506441675,22311305,0.15631,542.85678000,0
1506441627,22311193,0.15633,119.32808801,0
1506441625,22311190,0.15601,117.00000000,0
1506441614,22311177,0.15589,2686.58329100,1
1506441565,22311084,0.15600,100.00000000,1
1506441565,22311083,0.15600,2157.16994300,1
1506441517,22310986,0.15600,1389.02740700,1
1506441481,22310871,0.15635,637.99565078,0
1506441035,22310472,0.15602,536.62600800,1
1506441035,22310471,0.15603,2441.00240000,1
1506441001,22310419,0.15726,1136.18943151,0
1506441001,22310417,0.15695,453.54226532,0
1506440999,22310415,0.15694,416.40982000,0
1506440603,22309751,0.15689,114.74000000,0
1506440596,22309749,0.15689,635.76000000,0
1506440576,22309744,0.15694,3177.96610169,0
1506440513,22309715,0.15705,634.95000000,0
1506440507,22309708,0.15709,634.87000000,0
1506440499,22309703,0.15713,634.62000000,0
1506440457,22309656,0.15703,635.11000000,0
1506440449,22309642,0.15705,634.91000000,0
1506440442,22309640,0.15706,635.03000000,0
1506440402,22309600,0.15726,577.22000000,0
1506440402,22309599,0.15665,57.00000000,0
1506440394,22309582,0.15689,635.51000000,0
1506440391,22309579,0.15691,1589.25498693,0
1506440386,22309564,0.15694,635.35000000,0
1506440368,22309536,0.15710,6349.45894334,0
1506440311,22309518,0.15655,637.05000000,0
1506440303,22309511,0.15658,636.85000000,0
1506440302,22309510,0.15600,8408.80265000,1
1506440302,22309509,0.15601,3300.00000000,1
1506440296,22309482,0.15660,636.85000000,0
1506440255,22309453,0.15682,636.04000000,0
1506440248,22309451,0.15682,635.96000000,0
1506440241,22309449,0.15683,635.96000000,0
1506440169,22309421,0.15688,635.51000000,0
1506440160,22309419,0.15696,635.27000000,0
1506440150,22309415,0.15704,635.03000000,0
1506440106,22309369,0.15720,634.54000000,0
1506440097,22309364,0.15663,634.50000000,0
1506440095,22309363,0.15663,634.50000000,0
1506440093,22309362,0.15663,634.50000000,0
1506440066,22309342,0.15663,4776.41365000,0
1506440066,22309341,0.15663,636.73000000,0
1506440059,22309340,0.15666,636.44000000,0
1506440050,22309337,0.15666,636.40000000,0
1506440047,22309332,0.15668,636.40000000,0
1506440045,22309331,0.15669,636.40000000,0
1506440020,22309316,0.15603,132.21206300,1
1506439999,22309298,0.15605,15660.70187700,1
1506439964,22309288,0.15716,634.66000000,0
1506439957,22309284,0.15716,634.62000000,0
1506439823,22309211,0.15700,380.00000000,1
1506439812,22309208,0.15702,635.23000000,0
1506439714,22309121,0.15730,10710.76955289,1
1506439714,22309120,0.15726,1916.84233000,1
1506439712,22309117,0.15669,12788.01024000,0
1506439526,22308995,0.15638,6290.00000000,1
1506439488,22308958,0.15699,896.19377030,0
1506439486,22308956,0.15671,57.00000000,0
1506439115,22308739,0.15697,444.79836911,0
1506439006,22308647,0.15692,273.19032698,0
1506439004,22308644,0.15681,44.64622085,0
1506438968,22308595,0.15681,43.35377915,1
1506438500,22308185,0.15681,414.36988900,1
1506438308,22308033,0.15681,2447.13009700,1
1506438195,22307846,0.15681,3399.22014600,1
1506438091,22307745,0.15681,57.00000000,0
1506437973,22307561,0.15714,85.00000000,0
1506437461,22306909,0.15689,5645.90177832,0
1506437432,22306859,0.15690,127.15181644,0
1506437334,22306793,0.15695,635.55667410,0
1506437082,22306516,0.15696,2796.27127931,0
1506437071,22306510,0.15698,52.84959867,0
1506437069,22306508,0.15671,68.00000000,0
1506436373,22306020,0.15614,1201.73483000,1
1506436307,22305986,0.15704,95.27884615,0
1506436153,22305872,0.15708,1000.00000000,0
1506436129,22305860,0.15718,2103.38465453,0
1506435830,22305665,0.15708,600.96765979,0
1506435742,22305588,0.15643,9849.45000000,1
1506435739,22305587,0.15700,12159.74529700,1
1506435709,22305577,0.15700,1288.38775200,1
1506435606,22305504,0.15700,13274.35669000,0
1506435606,22305503,0.15655,68.00000000,0
1506435600,22305497,0.15610,36.13894000,1
1506435372,22305354,0.15699,1270.78947704,0
1506435010,22305110,0.15600,2728.00000000,1
1506435010,22305109,0.15600,100.00000000,1
1506434691,22304871,0.15708,285.73754169,0
1506434441,22304724,0.15654,31.86105788,0
1506434360,22304624,0.15680,630.00000000,0
1506433895,22303867,0.15609,1005.28043126,1
1506433895,22303866,0.15612,238.25656774,1
1506433876,22303853,0.15690,93.00000000,1
1506433874,22303851,0.15690,32.00000000,1
1506433724,22303739,0.15612,1070.06280226,1
1506433724,22303738,0.15612,1310.22497974,1
1506433724,22303737,0.15613,1003.36420000,1
1506433721,22303735,0.15613,1243.53700000,1
1506433701,22303731,0.15614,350.73265571,0
1506433699,22303730,0.15623,499.26734429,1
1506433687,22303717,0.15622,1944.05659200,1
1506433606,22303590,0.15670,1101.72167868,1
1506433598,22303562,0.15710,190.45194143,1
1506433487,22303466,0.15738,185.27973440,1
1506433486,22303461,0.15700,131.85143569,0
1506433397,22303378,0.15700,455.55573248,0
1506433395,22303376,0.15685,115.00000000,0
1506433144,22303188,0.15700,1912.41636943,0
1506432959,22302993,0.15700,635.35426752,0
1506432706,22302860,0.15730,122.18859143,1
1506432670,22302845,0.15730,222.08381797,1
1506432641,22302826,0.15730,280.72759060,0
1506432537,22302776,0.15670,171.41153768,1
1506432537,22302775,0.15700,0.00000049,1
1506432053,22302314,0.15730,519.27240940,0
1506432051,22302313,0.15703,115.00000000,0
1506431950,22302226,0.15700,2218.71262100,1
1506431908,22302162,0.15700,781.28737851,1
1506431908,22302161,0.15702,245.00000000,1
1506431908,22302160,0.15703,1569.52767449,1
1506431908,22302159,0.15706,52.10000000,1
1506431868,22302126,0.15704,7257.29992825,1
1506431868,22302124,0.15711,1720.30594175,1
1506431865,22302119,0.15708,3753.96162102,0
1506431864,22302117,0.15708,7011.09387898,1
1506431864,22302116,0.15708,3753.96162102,1
1506431864,22302115,0.15713,900.00000000,1
1506431864,22302114,0.15713,820.30594198,1
1506431815,22302081,0.15769,2580.88654955,0
1506431585,22301779,0.15799,3149.08655971,1
1506431583,22301778,0.15760,3172.43537073,0
1506431434,22301726,0.15725,7340.00726300,1
1506431103,22301495,0.15780,340.36907477,0
1506431101,22301494,0.15748,115.00000000,0
1506431077,22301471,0.15706,820.00000000,1
1506431074,22301470,0.15707,1500.00000000,1
1506430940,22301343,0.15760,1000.00000000,1
1506430664,22301189,0.15800,1262.65822784,0
1506430628,22301180,0.15800,1000.00000000,0
1506430210,22300988,0.15803,315.53939125,0
1506429836,22300530,0.15756,523.70163510,1
1506429835,22300525,0.15798,7.59649917,1
1506429835,22300514,0.15798,1229.68252818,0
1506429830,22300456,0.15803,1135.74441182,1
1506429829,22300449,0.15801,500.00000000,0
1506429829,22300447,0.15800,500.00000000,0
1506429829,22300444,0.15800,2000.00000000,0
1506429829,22300441,0.15800,14148.57834918,0
1506429829,22300438,0.15800,3208.38822900,0
1506429829,22300433,0.15800,6587.53899200,0
1506429829,22300428,0.15800,2030.59001800,0
1506429828,22300424,0.15800,1141.39660500,0
1506429827,22300414,0.15800,494.34780682,0
1506429827,22300412,0.15778,1000.00000000,0
1506429827,22300408,0.15759,443.39507442,0
1506429827,22300405,0.15759,52.76925835,0
1506429827,22300403,0.15756,0.00000041,0
1506429826,22300400,0.15756,2188.57321300,0
1506429822,22300370,0.15756,2367.88294441,0
1506429812,22300301,0.15749,249.16955033,0
1506429638,22300155,0.15741,4755.90513800,1
1506429558,22300066,0.15740,1101.20869800,1
1506429558,22300065,0.15740,6537.31297600,1
1506429557,22300064,0.15740,3918.54801700,1
1506429557,22300063,0.15740,1337.83440700,1
1506429555,22300058,0.15740,12851.51744500,1
1506429555,22300057,0.15740,1904.75508067,1
1506429555,22300056,0.15740,0.00000033,1
1506429454,22300026,0.15740,4999.99999967,1
1506429454,22300025,0.15740,0.00000033,1
1506429316,22299946,0.15740,1197.56581200,1
1506429311,22299931,0.15740,1995.00000000,1
1506429310,22299930,0.15740,373.04365400,1
1506429307,22299929,0.15740,1995.00000000,1
1506429305,22299926,0.15740,1689.39053367,0
1506429305,22299924,0.15738,250.00000000,0
1506429184,22299832,0.15740,950.60946633,0
1506428760,22299387,0.15710,263.00000000,0
1506428760,22299386,0.15700,118.00070268,0
1506428760,22299385,0.15700,14.44203822,0
1506428584,22299247,0.15700,38.91719745,0
1506428129,22298874,0.15700,63.50229299,0
1506427943,22298738,0.15700,63.13847134,0
1506427890,22298663,0.15676,612.40000000,1
1506427888,22298659,0.15725,700.00000000,1
1506427841,22298596,0.15744,3167.89322917,0
1506427837,22298592,0.15744,3439.00000000,0
1506427758,22298481,0.15739,11392.22402949,0
1506427689,22298405,0.15739,633.77597051,0
1506427366,22297889,0.15722,1198.91095280,1
1506427364,22297882,0.15721,1891.05499000,0
1506427299,22297726,0.15726,54.98810886,0
1506427297,22297720,0.15676,263.00000000,0
1506427201,22297552,0.15637,69.99999000,1
1506427126,22297321,0.15730,2372.81115181,1
1506427125,22297320,0.15730,203.28548352,0
1506427094,22297300,0.15720,438.61691000,1
1506427082,22297298,0.15720,12245.24130000,1
1506427081,22297297,0.15720,2316.14179000,1
1506427008,22297248,0.15705,317.57599491,0
1506426983,22297228,0.15705,317.57599491,0
1506426848,22297006,0.15725,884.17704292,0
1506426847,22297003,0.15724,2287.68936000,0
1506426820,22296971,0.15689,1135.89671760,1
1506426819,22296970,0.15689,174.07818240,1
1506426803,22296942,0.15612,1308.31936972,0
1506426784,22296916,0.15612,191.68063028,0
1506426603,22296785,0.15714,3173.94113529,0
1506426590,22296755,0.15727,435.93555433,1
1506426588,22296750,0.15666,4337.80426000,0
1506426576,22296730,0.15669,50.00000000,0
1506426437,22296640,0.15660,4999.99999970,1
1506426437,22296639,0.15660,117.03345630,1
1506426437,22296637,0.15661,200.00000000,1
1506426415,22296606,0.15719,3172.93154781,0
1506426241,22296476,0.15722,317.23260399,0
1506426000,22296365,0.15660,0.00000100,1
1506425748,22296218,0.15665,0.00000022,1
1506425538,22296048,0.15665,99.99999978,1
1506425538,22296047,0.15665,359.22209481,1
1506425538,22296045,0.15665,20134.44327041,1
1506425515,22296017,0.15665,3052.29063900,1
1506425433,22295959,0.15704,1905.45603311,0
1506425405,22295954,0.15665,3280.83419300,1
1506425224,22295821,0.15665,3810.34106550,1
1506425189,22295720,0.15665,7740.30600000,1
1506425163,22295685,0.15699,2958.05146824,0
1506425161,22295682,0.15688,149.07576232,0
1506425161,22295681,0.15677,70.00000000,0
1506425128,22295668,0.15665,36738.54438000,1
1506425120,22295663,0.15665,38018.21516800,1
1506425104,22295644,0.15665,3029.04027000,1
1506425088,22295621,0.15665,19163.70448100,1
1506425087,22295620,0.15665,897.81418100,1
1506425086,22295619,0.15665,3367.26500000,1
1506425086,22295618,0.15665,3029.04027000,1
1506425086,22295617,0.15665,2184.01290100,1
1506424985,22295596,0.15665,811.25862300,1
1506424880,22295520,0.15665,348.52151565,1
1506424800,22295461,0.15665,38.17553000,1
1506424726,22295363,0.15665,1384.58603000,1
1506424720,22295352,0.15665,2757.04953900,1
1506424718,22295351,0.15665,1384.73437200,1
1506424717,22295350,0.15665,3055.12077900,1
1506424716,22295348,0.15666,13000.82988000,1
1506424640,22295277,0.15705,1787.81169710,0
1506424640,22295276,0.15704,4279.82791041,0
1506424638,22295275,0.15700,300.00000000,0
1506423930,22294972,0.15712,167.43924003,0
1506423867,22294923,0.15720,317.27296438,0
1506423864,22294919,0.15721,2855.27510973,0
1506423854,22294914,0.15677,2748.06348800,1
1506423742,22294876,0.15677,4412.47886489,0
1506423713,22294860,0.15666,2696.87986500,1
1506423704,22294841,0.15666,1886.48649500,1
1506423665,22294827,0.15672,31.82446401,0
1506423663,22294825,0.15666,9945.98464800,1
1506423663,22294823,0.15667,8976.06401000,1
1506423546,22294693,0.15667,2033.51000000,1
1506423469,22294627,0.15677,311.78031511,0
1506423411,22294593,0.15672,10648.46815978,0
1506423406,22294588,0.15660,269.65627000,1
1506423315,22294511,0.15669,354.21047929,0
1506423228,22294464,0.15657,1004.29008915,0
1506423210,22294445,0.15657,127.41981222,0
1506423030,22294348,0.15660,2078.52567000,0
1506423029,22294347,0.15659,921.47433000,0
1506422980,22294312,0.15659,637.01385784,0
1506422797,22294213,0.15633,638.07330646,0
1506422718,22294169,0.15633,12.89886777,0
1506422716,22294167,0.15607,51.00000000,0
1506422276,22293715,0.15633,10.05149363,1
1506422274,22293713,0.15600,53.77339744,0
1506421660,22293253,0.15528,4250.53449000,1
1506421660,22293252,0.15529,15185.38629000,1
1506421626,22293231,0.15600,106.22660256,0
1506421302,22292857,0.15544,51.00000000,0
1506421278,22292819,0.15528,2130.00000000,1
1506421271,22292815,0.15527,2130.00000000,1
1506421258,22292792,0.15534,2130.00000000,1
1506421221,22292739,0.15594,4400.00000000,0
1506421036,22292673,0.15676,2002.81915029,1
1506421034,22292670,0.15595,512.01324000,0
1506421034,22292669,0.15586,7062.84989000,0
1506420962,22292612,0.15544,362.29996500,1
1506420962,22292610,0.15550,550.00000000,1
1506420928,22292579,0.15551,1944.70030000,1
1506420373,22292057,0.15625,1304.73321815,0
1506420102,22291764,0.15504,720.11747100,0
1506420100,22291760,0.15536,2481.09030000,1
1506420100,22291759,0.15552,584.39660494,1
1506420084,22291748,0.15597,767.46002436,0
1506420019,22291645,0.15654,586.38092500,1
1506420017,22291642,0.15605,51.00000000,0
1506419801,22290993,0.15589,31.99390596,0
1506419739,22290924,0.15592,319.87756542,0
1506419589,22290763,0.15675,81.58730462,1
1506419589,22290762,0.15646,126.42302000,0
1506419589,22290761,0.15646,632.11511000,0
1506419588,22290760,0.15592,4191.68615989,0
1506419490,22290695,0.15592,1298.70292458,0
1506419268,22290569,0.15605,135.51329702,0
1506419267,22290567,0.15604,567.66746521,0
1506418895,22290439,0.15534,57.00000000,0
1506418595,22290231,0.15590,1156.31563100,1
1506418595,22290230,0.15590,1370.68436900,1
1506418540,22290204,0.15675,53.97313935,0
1506418540,22290203,0.15660,500.00000000,0
1506418540,22290202,0.15655,333.39300065,0
1506418540,22290201,0.15646,185.43898000,0
1506418540,22290200,0.15578,927.19488000,0
1506418367,22290106,0.15535,1284.00000000,1
1506418305,22290066,0.15590,1415.07126200,1
1506418090,22289928,0.15570,2500.00000000,1
1506417947,22289686,0.15628,127.66899155,0
1506417813,22289608,0.15626,8043.07429521,1
1506417812,22289607,0.15626,1532.31288000,0
1506417795,22289582,0.15569,57.00000000,0
1506417283,22288778,0.15650,1593.41853035,0
1506417254,22288699,0.15649,14.33420665,0
1506417252,22288697,0.15598,4053.30226947,0
1506417170,22288651,0.15598,575.52250288,0
1506417011,22288597,0.15540,51.61200000,1
1506416774,22288440,0.15573,9580.49292100,1
1506416484,22288246,0.15598,119.19771765,0
1506416484,22288245,0.15594,6214.17536060,0
1506416482,22288244,0.15575,57.00000000,0
1506416355,22286809,0.15594,6396.69103501,0
1506416219,22284783,0.15594,619.66395100,0
1506415743,22277927,0.15594,319.80248813,0
1506415413,22273133,0.15594,639.66910350,0
1506415224,22270375,0.15496,100.00000000,1
1506415119,22268952,0.15583,7567.40847200,1
1506415118,22268942,0.15583,2432.59152800,1
1506414591,22261429,0.15583,64.52454598,0
1506414367,22258293,0.15592,319.87756542,0
1506414294,22257296,0.15593,51.17706663,0
1506414167,22255457,0.15592,1900.50128931,1
1506414148,22255175,0.15592,3198.87101700,1
1506414123,22254826,0.15592,7665.56208016,0
1506414123,22254823,0.15591,2934.39552000,0
1506414055,22253867,0.15578,407.81501104,0
1506414053,22253841,0.15517,104.85646440,0
1506414040,22253664,0.15517,1928.54205065,0
1506413998,22253051,0.15517,1504.14260400,0
1506413835,22252262,0.15517,192.85415995,0
1506413825,22252248,0.15517,1705.78193700,0
1506413824,22252245,0.15517,1999.34535100,0
1506413824,22252243,0.15517,1386.81459400,0
1506413715,22252188,0.15517,6436.87180000,1
1506413714,22252186,0.15517,3563.12820000,0
1506413623,22252076,0.15517,1633.50547700,0
1506413378,22251778,0.15517,1285.69465747,0
1506412742,22251397,0.15518,997.64971000,0
1506412503,22251174,0.15518,898.54439146,0
1506412503,22251173,0.15516,3597.50000000,0
1506412088,22250718,0.15500,2364.00000000,1
1506411936,22250454,0.15420,36.00000000,0
1506411864,22250202,0.15433,32.31730707,0
1506411494,22250014,0.15390,909.15740700,1
1506411221,22249919,0.15415,9819.98687100,1
1506411190,22249896,0.15494,607.95411126,0
1506411189,22249895,0.15456,36.00000000,0
1506411013,22249810,0.15415,1418.01483966,1
1506409900,22249252,0.15384,2495.00000000,1
1506409492,22249073,0.15460,1437.97890200,0
1506409491,22249072,0.15459,129.97768291,0
1506409350,22248968,0.15522,2964.95297604,0
1506409226,22248870,0.15480,607.81859564,1
1506409224,22248858,0.15480,282.99293536,1
1506409224,22248857,0.15439,36.00000000,0
1506409086,22248711,0.15449,322.83843614,0
1506408998,22248650,0.15486,644.13018209,0
1506408429,22248405,0.15382,3080.49292100,1
1506408368,22248367,0.15434,417.25301661,0
1506408365,22248360,0.15435,417.23297729,1
1506408346,22248337,0.15431,934.76981876,0
1506408343,22248333,0.15407,117.00000000,0
1506408240,22248275,0.15423,632.32574726,0
1506408152,22248234,0.15410,3201.26178600,1
1506408028,22248196,0.15410,2597.47642800,1
1506408013,22248190,0.15410,3201.26178600,1
1506407796,22248125,0.15472,274.77249224,0
1506407305,22247879,0.15410,271.89772875,0
1506407130,22247760,0.15393,40.00000000,0
1506406863,22247579,0.15393,108.73243697,0
1506406863,22247578,0.15392,5474.26756303,0
1506406863,22247577,0.15374,117.00000000,0
1506406538,22247343,0.15350,117.00000000,1
1506406240,22247082,0.15350,2445.14372100,1
1506406195,22247049,0.15350,1050.64692400,1
1506406195,22247048,0.15350,2830.24413300,1
1506406135,22246945,0.15350,301.22307600,1
1506406116,22246936,0.15350,849.01935900,1
1506406110,22246930,0.15350,1183.56731000,1
1506405955,22246783,0.15350,983.38100000,1
1506405945,22246779,0.15350,876.73975200,1
1506405842,22246726,0.15350,4480.03472500,1
1506405063,22246417,0.15344,650.09124087,0
1506404640,22246205,0.15348,410.56094080,1
1506404639,22246204,0.15348,410.56094120,1
1506404621,22246178,0.15350,1178.87811800,1
1506404621,22246176,0.15350,821.12188200,1
1506404469,22246108,0.15300,200.00000000,1
1506404465,22246106,0.15300,472.43537073,1
1506404465,22246105,0.15300,1000.00000000,1
1506404465,22246104,0.15308,4748.02249000,1
1506404465,22246103,0.15308,1023.32113927,1
1506404365,22246068,0.15321,4784.29937517,1
1506404345,22246058,0.15321,106.08861137,1
1506404344,22246057,0.15348,93.91138863,1
1506404340,22246053,0.15348,597.44492511,1
1506404340,22246052,0.15384,409.60037749,1
1506404340,22246051,0.15385,805.27178870,1
1506404319,22245953,0.15385,819.22737700,1
1506404318,22245949,0.15385,3099.76001430,1
1506404318,22245948,0.15385,575.64466370,1
1506403482,22245475,0.15529,100.00000000,0
1506403322,22245388,0.15386,756.98171739,1
1506403322,22245387,0.15387,5474.26756277,1
1506403322,22245386,0.15388,4368.70832000,1
1506403220,22245327,0.15386,361.00000000,1
1506403195,22245297,0.15386,3039.70000000,1
1506403195,22245296,0.15387,1960.30000000,1
1506403126,22245276,0.15519,7713.12584573,0
1506403056,22245202,0.15408,200.00000000,0
1506403054,22245201,0.15386,4188.42988990,1
1506403054,22245200,0.15400,1000.00000000,1
1506403054,22245199,0.15400,500.00000000,1
1506403054,22245198,0.15400,1000.00000000,1
1506403054,22245197,0.15400,1449.16022727,1
1506403054,22245196,0.15400,100.00000000,1
1506403054,22245195,0.15425,599.94288484,1
1506403053,22245194,0.15450,407.85096799,1
1506403053,22245193,0.15450,2500.00000000,1
1506403053,22245192,0.15450,50.00000000,1
1506403053,22245191,0.15450,1000.00000000,1
1506403053,22245190,0.15451,4704.61603000,1
1506403053,22245189,0.15452,2500.00000000,1
1506402834,22244870,0.15459,200.00000000,1
1506402832,22244868,0.15450,2191.30000000,0
1506402832,22244866,0.15457,1708.70000000,1
1506402827,22244846,0.15500,1000.00000000,1
1506402827,22244844,0.15500,300.00000000,1
1506402827,22244842,0.15500,1451.00000000,1
1506402827,22244841,0.15503,680.00000000,1
1506402698,22244536,0.15589,1126.56400000,1
1506402698,22244535,0.15590,4108.56381780,1
1506402646,22244516,0.15590,5000.00000000,1
1506402629,22244507,0.15590,1016.59402700,1
1506402629,22244506,0.15590,1126.56400000,1
1506402612,22244502,0.15590,2398.62107800,1
1506402612,22244501,0.15591,1816.51475000,1
1506402611,22244500,0.15591,6019.99199000,1
1506402591,22244493,0.15590,6271.02767500,1
1506402591,22244492,0.15590,1177.57186900,1
1506402591,22244491,0.15591,476.27995000,1
1506402588,22244490,0.15591,8183.35700000,1
1506402489,22244473,0.15591,1904.95641700,1
1506402134,22244352,0.15594,441.41843017,0
1506401773,22244314,0.15589,3873.43600000,1
1506401594,22244277,0.15594,491.48923661,0
1506400094,22244014,0.15589,639.87824748,0
1506399727,22243908,0.15594,627.10000000,0
1506399337,22243777,0.15594,6396.73098628,0
1506399026,22243673,0.15613,638.89463908,0
1506396895,22243011,0.15510,456.02687021,1
1506395003,22242392,0.15549,49.36776032,1
1506395001,22242391,0.15571,0.63223968,1
1506393609,22242059,0.15550,902.85676032,0
1506393511,22242020,0.15555,106.05226782,0
1506393510,22242018,0.15557,10081.19407000,1
1506393510,22242017,0.15558,3957.93918000,1
1506389940,22240804,0.15544,372.71950000,1
1506388818,22240422,0.15660,170.41021711,0
1506388816,22240421,0.15658,103.53049232,0
1506386664,22239950,0.15691,635.71869224,0
1506385624,22239811,0.15594,85.17971918,0
1506385076,22239731,0.15691,557.51704798,0
