date,tid,price,amount,type
1506470400,22339654,0.18830,629.90594000,1
1506470400,22339653,0.18903,77.58126000,1
1506470397,22339652,0.18910,7782.35216580,1
1506470365,22339645,0.18910,11498.23291100,1
1506470365,22339644,0.18911,301.76708900,1
1506470356,22339639,0.18911,2334.66614100,1
1506470355,22339638,0.18911,2363.56677000,1
1506470257,22339572,0.19008,741.19709314,1
1506470257,22339571,0.19008,258.80290686,1
1506470257,22339570,0.19025,9741.19709314,1
1506470257,22339569,0.19025,10000.00000000,1
1506470257,22339568,0.19025,10000.00000000,1
1506470256,22339567,0.19025,10000.00000000,1
1506470256,22339566,0.19025,10000.00000000,1
1506470244,22339564,0.19025,4015.42500000,1
1506470203,22339542,0.19025,12700.00000000,1
1506470200,22339534,0.19026,40000.00000000,0
1506470191,22339523,0.19025,4770.80199000,1
1506470180,22339522,0.19025,15708.24000000,1
1506470159,22339519,0.19027,40000.00000000,0
1506470147,22339513,0.19025,3308.55110300,1
1506470141,22339507,0.19025,2788.71195600,1
1506470132,22339503,0.19025,2701.27088700,1
1506470131,22339502,0.19025,806.60874500,1
1506470130,22339501,0.19025,3604.41711600,1
1506470130,22339500,0.19026,2500.00000000,1
1506470095,22339489,0.19091,479.37777874,0
1506469736,22339405,0.19113,473.14890116,0
1506469204,22339237,0.19085,62.51279400,0
1506469170,22339207,0.19154,1521.88327517,0
1506469111,22339179,0.19132,399.45640811,0
1506469029,22339163,0.19051,282.60900000,1
1506468826,22339107,0.19100,5306.30000000,1
1506468825,22339106,0.19100,46.15349371,1
1506468810,22339103,0.19100,5306.44650629,1
1506468810,22339102,0.19100,270.00084471,1
1506468809,22339101,0.19100,753.08464900,1
1506468782,22339099,0.19100,4854.57360900,1
1506468768,22339097,0.19100,786.11400800,1
1506468768,22339096,0.19101,270.00000000,1
1506468624,22339072,0.19102,4141.33455900,1
1506468576,22339039,0.19100,9353.10046800,1
1506468566,22339035,0.19100,6663.81957000,1
1506468555,22339033,0.19100,1090.00304300,1
1506468519,22338984,0.19100,2273.93346600,1
1506468514,22338982,0.19100,14325.87379100,1
1506468514,22338981,0.19101,5177.40000000,1
1506468514,22338979,0.19102,1767.46886000,1
1506468514,22338976,0.19114,2500.00000000,1
1506468465,22338970,0.19150,2664.09670542,1
1506468464,22338969,0.19165,1257.31823637,1
1506468355,22338952,0.19165,4000.00000000,1
1506468226,22338905,0.19150,1668.77169800,1
1506468214,22338894,0.19150,2664.09670500,1
1506468141,22338829,0.19233,737.23600000,0
1506468137,22338826,0.19163,57.62318800,1
1506468115,22338814,0.19160,1024.00000000,1
1506468079,22338807,0.19233,1012.92637654,0
1506468079,22338806,0.19221,1707.68860000,0
1506468077,22338804,0.19186,211.30021000,0
1506468071,22338799,0.19186,558.69979000,0
1506468010,22338786,0.19150,12711.70982026,1
1506468010,22338785,0.19155,20216.74484374,1
1506468000,22338781,0.19155,742.55705000,1
1506467714,22338702,0.19150,214.51905500,1
1506467712,22338701,0.19151,2757.48094500,1
1506467648,22338675,0.19150,3505.83000000,1
1506467648,22338674,0.19178,1260.89830428,1
1506467567,22338653,0.19190,54.36549200,1
1506467567,22338652,0.19190,271.70000000,1
1506467516,22338578,0.19207,9103.45503200,1
1506467516,22338577,0.19210,60.00000000,1
1506467504,22338571,0.19207,23824.99963200,1
1506467504,22338570,0.19208,9891.40079000,1
1506467504,22338569,0.19209,11865.83007000,1
1506467504,22338568,0.19209,60.00000000,1
1506467458,22338557,0.19238,2581.26843200,1
1506467406,22338531,0.19312,61.98840100,0
1506467307,22338496,0.19314,29.72233669,0
1506467216,22338467,0.19340,13221.43618112,0
1506467216,22338466,0.19339,338.12789000,0
1506467216,22338465,0.19310,35.00000000,0
1506467216,22338464,0.19300,15506.00000000,0
1506467215,22338463,0.19300,706.16111057,0
1506467215,22338462,0.19299,1690.63947000,0
1506467215,22338461,0.19290,17156.87705646,0
1506467213,22338460,0.19250,0.00000035,0
1506467160,22338443,0.19249,74.62247389,0
1506467085,22338417,0.19250,1762.95230100,0
1506467058,22338407,0.19193,57.45664700,1
1506467001,22338386,0.19250,40.52202597,0
1506466940,22338342,0.19196,403.23318300,1
1506466936,22338334,0.19178,2514.72845562,0
1506466935,22338333,0.19178,2485.27154438,0
1506466905,22338297,0.19199,2660.21172600,1
1506466802,22338192,0.19273,27.44294169,1
1506466799,22338183,0.19273,5200.00000000,1
1506466706,22338153,0.19273,245.00000000,1
1506466699,22338145,0.19290,944.15000000,0
1506466699,22338144,0.19289,2534.37171000,0
1506466699,22338143,0.19289,1290.14880000,0
1506466533,22338024,0.19273,50.58715424,1
1506466516,22338020,0.19289,89.00000000,0
1506466512,22338016,0.19273,300.00000000,1
1506466172,22337786,0.19289,496.20384809,0
1506466139,22337725,0.19289,1034.27466432,0
1506466091,22337714,0.19273,1738.77433461,1
1506466061,22337709,0.19284,8049.96552000,1
1506466061,22337708,0.19285,211.26014539,1
1506466060,22337707,0.19285,689.29827800,1
1506466059,22337706,0.19285,4000.00000000,1
1506466054,22337705,0.19290,890.89139450,0
1506466052,22337704,0.19289,3882.24016000,0
1506466015,22337698,0.19284,4000.00000000,1
1506465874,22337663,0.19273,164.91827946,1
1506465869,22337662,0.19270,1283.12500000,0
1506465853,22337645,0.19273,568.42624396,0
1506465853,22337644,0.19260,1000.00000000,0
1506465853,22337643,0.19212,708.00000000,1
1506465851,22337642,0.19204,87.14052600,0
1506465604,22337558,0.19187,62.21067400,0
1506465456,22337484,0.19191,213.00000000,0
1506465395,22337473,0.19202,473.92193522,0
1506465328,22337456,0.19123,53.94639800,1
1506465328,22337455,0.19124,2650.76240200,1
1506465328,22337454,0.19124,149.35120000,1
1506465320,22337453,0.19122,5859.86255000,0
1506465306,22337447,0.19121,149.67320000,1
1506465303,22337446,0.19122,1000.00000000,0
1506465300,22337445,0.19122,2720.46425000,1
1506465300,22337444,0.19123,270.00000000,1
1506465300,22337443,0.19123,149.67320000,1
1506465226,22337428,0.19122,2738.77025000,1
1506465170,22337414,0.19122,2761.38180500,1
1506465120,22337404,0.19119,100.00000000,1
1506465001,22337358,0.19100,100.00000000,0
1506464863,22337279,0.19120,1999.00000000,1
1506464796,22337262,0.19246,1744.57336589,0
1506464785,22337261,0.19089,651.97015991,1
1506464784,22337260,0.19089,6479.95653500,1
1506464576,22337164,0.19103,2160.20916018,0
1506464574,22337162,0.19103,2774.96629800,0
1506464539,22337154,0.19106,57.29106600,1
1506464517,22337147,0.19286,21001.73768611,0
1506464479,22337135,0.19299,104.99640483,0
1506464479,22337134,0.19297,1096.89147000,0
1506464477,22337133,0.19266,1097.66000000,0
1506464475,22337130,0.19299,947.96829441,0
1506464475,22337128,0.19298,148.74280000,0
1506464474,22337127,0.19297,621.07070000,0
1506464474,22337126,0.19263,1000.00000000,0
1506464474,22337124,0.19240,648.58189000,0
1506464472,22337114,0.19239,1426.39650000,0
1506464435,22337102,0.19201,377.76456196,1
1506464422,22337082,0.19240,351.41811000,0
1506464422,22337081,0.19001,242.99264416,1
1506464422,22337080,0.19125,94.51000000,1
1506464422,22337079,0.19126,94.51000000,1
1506464422,22337078,0.19126,94.51000000,1
1506464421,22337077,0.19126,94.51000000,1
1506464421,22337076,0.19126,94.51000000,1
1506464421,22337075,0.19126,94.51000000,1
1506464421,22337074,0.19126,94.51000000,1
1506464421,22337073,0.19126,94.51000000,1
1506464421,22337072,0.19126,94.51000000,1
1506464421,22337071,0.19126,94.51000000,1
1506464421,22337070,0.19126,94.51000000,1
1506464421,22337069,0.19126,94.51000000,1
1506464421,22337068,0.19148,1277.28140000,1
1506464415,22337066,0.19171,77.01381000,0
1506464414,22337065,0.19147,276.99100000,0
1506464407,22337063,0.19126,94.51000000,1
1506464407,22337062,0.19126,48.07997000,1
1506464402,22337058,0.19109,46.43003000,0
1506464402,22337057,0.19125,94.51000000,1
1506464401,22337055,0.19125,94.51000000,1
1506464401,22337054,0.19125,94.51000000,1
1506464401,22337053,0.19126,94.51000000,1
1506464401,22337052,0.19126,94.51000000,1
1506464401,22337051,0.19126,94.51000000,1
1506464401,22337050,0.19126,94.50997000,1
1506464399,22337046,0.19113,0.00003000,0
1506464399,22337044,0.19113,94.51000000,0
1506464394,22337037,0.19003,2981.39682200,1
1506464393,22337036,0.19003,4821.57676400,1
1506464393,22337035,0.19003,871.54969000,1
1506464391,22337031,0.18810,847.71481103,0
1506464391,22337030,0.18810,267.68390897,0
1506464391,22337028,0.18810,2245.12258348,0
1506464390,22337023,0.18820,35.00000000,1
1506464390,22337021,0.18826,94.51003000,1
1506464389,22337017,0.18842,702.00000000,1
1506464389,22337016,0.18868,905.99803372,1
1506464388,22337013,0.18900,8407.75659559,1
1506464388,22337011,0.18900,8170.67986368,0
1506464388,22337010,0.18903,77.01381000,1
1506464388,22337009,0.18910,35.00000000,1
1506464387,22337008,0.18910,2766.58498200,0
1506464387,22337007,0.18920,35.00000000,1
1506464387,22337005,0.18990,3312.88000000,1
1506464387,22337004,0.18990,10599.95760016,0
1506464386,22337003,0.18999,1955.55280570,1
1506464386,22337002,0.19000,2399.00000000,1
1506464386,22337001,0.19010,10051.49444267,1
1506464385,22337000,0.19110,413.00000000,1
1506464385,22336999,0.19114,1949.37232000,0
1506464385,22336998,0.19114,9778.64281000,1
1506464385,22336997,0.19114,8926.18400000,1
1506464384,22336996,0.19240,1949.39082000,1
1506464361,22336986,0.19240,550.83000000,1
1506464351,22336981,0.19240,209.77918000,1
1506464298,22336948,0.19206,400.00000000,1
1506464259,22336935,0.19236,2500.00000000,0
1506464062,22336782,0.19300,2831.42124700,0
1506464059,22336778,0.19300,3631.03626943,1
1506464058,22336777,0.19302,2831.38137300,1
1506463914,22336694,0.19301,1748.16282600,1
1506463908,22336689,0.19330,5620.53943682,1
1506463892,22336678,0.19330,16801.02508200,1
1506463892,22336677,0.19331,5620.53943700,1
1506463890,22336674,0.19331,5063.91840300,1
1506463890,22336673,0.19331,1589.07853900,1
1506463890,22336672,0.19331,4959.42146100,1
1506463890,22336671,0.19331,8647.43927000,1
1506463852,22336641,0.19335,1028.75000000,1
1506463804,22336622,0.19351,61.86347000,0
1506463767,22336610,0.19331,3180.90774000,0
1506463766,22336609,0.19330,702.00000000,1
1506463743,22336574,0.19331,148.74280000,1
1506463743,22336572,0.19331,11670.34946000,1
1506463713,22336557,0.19351,185.47604573,0
1506463707,22336551,0.19330,428.00000000,1
1506463675,22336525,0.19330,44445.85992370,0
1506463675,22336524,0.19330,86857.06104500,0
1506463673,22336523,0.19329,957.46439000,0
1506463632,22336492,0.19330,18627.46902000,0
1506463631,22336491,0.19329,1186.26549000,1
1506463630,22336490,0.19329,1186.26549000,0
1506463598,22336477,0.19300,1869.68458200,1
1506463598,22336476,0.19301,2997.48441800,1
1506463598,22336474,0.19330,19954.91284607,0
1506463597,22336473,0.19329,1409.42435000,0
1506463597,22336472,0.19329,4635.66280393,0
1506463569,22336462,0.19301,995.43700000,1
1506463489,22336429,0.19329,2313.38218924,1
1506463487,22336428,0.19329,1329.18948000,1
1506463487,22336425,0.19330,8596.17409229,0
1506463487,22336423,0.19330,1729.79590253,1
1506463487,22336420,0.19329,7410.86394205,1
1506463484,22336413,0.19329,4166.14511122,1
1506463483,22336412,0.19330,1518.52307294,0
1506463481,22336410,0.19329,1101.81742460,1
1506463480,22336407,0.19329,1741.70765649,1
1506463477,22336404,0.19329,1579.23502000,0
1506463459,22336394,0.19256,57.79069800,1
1506463439,22336388,0.19251,2769.88204200,1
1506463439,22336387,0.19282,1500.26566300,1
1506463437,22336386,0.19283,3023.83199500,1
1506463434,22336379,0.19282,31.00000000,1
1506463428,22336369,0.19282,3028.73433700,1
1506463421,22336368,0.19254,925.92150000,1
1506463420,22336366,0.19254,498.35520000,0
1506463417,22336361,0.19282,7398.39544500,0
1506463408,22336331,0.19251,480.60300000,1
1506463400,22336314,0.19250,3539.77740000,1
1506463400,22336313,0.19280,24400.00000000,1
1506463400,22336311,0.19282,9605.22260000,1
1506463395,22336292,0.19404,28025.19407544,1
1506463394,22336291,0.19404,1276.23012482,1
1506463394,22336290,0.19404,1561.25831175,1
1506463394,22336288,0.19400,827.56618000,0
1506463394,22336286,0.19400,600.00000000,0
1506463393,22336284,0.19399,1635.97825800,1
1506463393,22336283,0.19399,2522.10838100,1
1506463393,22336281,0.19380,600.00000000,0
1506463392,22336279,0.19360,600.00000000,0
1506463392,22336278,0.19360,1275.92035416,1
1506463392,22336276,0.19360,22715.96713000,1
1506463392,22336274,0.19358,56.00000000,0
1506463391,22336273,0.19357,64.29952000,0
1506463391,22336272,0.19351,12896.37470000,1
1506463391,22336271,0.19340,600.00000000,0
1506463390,22336270,0.19281,566.00000000,1
1506463390,22336269,0.19281,102.64238240,0
1506463388,22336268,0.19221,1052.16105433,1
1506463373,22336256,0.19300,200.69348352,0
1506463373,22336255,0.19299,179.52193969,0
1506463373,22336254,0.19280,338.95205000,0
1506463372,22336253,0.19280,2028.64227979,0
1506463349,22336190,0.19290,10603.70110140,0
1506463348,22336188,0.19339,6710.04682000,1
1506463348,22336183,0.19320,600.00000000,0
1506463348,22336181,0.19319,557.95318000,0
1506463347,22336180,0.19310,35.00000000,0
1506463347,22336178,0.19300,19976.00000000,0
1506463347,22336177,0.19300,3321.00000000,0
1506463347,22336175,0.19300,600.00000000,0
1506463345,22336173,0.19280,600.00000000,0
1506463330,22336147,0.19201,2497.84730290,1
1506463329,22336140,0.19201,1248.52038957,1
1506463327,22336136,0.19260,1073.17030000,0
1506463327,22336135,0.19260,61.13870000,0
1506463317,22336127,0.19256,662.91466000,0
1506463308,22336114,0.19258,473.16538581,0
1506463294,22336109,0.19242,787.62138000,0
1506463294,22336108,0.19210,35.00000000,0
1506463248,22336045,0.19200,362.61255260,0
1506463247,22336044,0.19200,7372.19493340,0
1506463231,22336014,0.19200,2627.80506660,0
1506463231,22336013,0.19200,1289.26237340,0
1506463231,22336012,0.19199,429.06595000,0
1506463229,22336008,0.19199,523.63080000,0
1506463219,22335974,0.19200,6787.12399700,0
1506463219,22335973,0.19199,89.88448400,0
1506463216,22335963,0.19199,856.42415600,0
1506463216,22335962,0.19196,477.52200000,0
1506463216,22335961,0.19196,66.05384400,0
1506463212,22335952,0.19196,411.94615600,0
1506463206,22335941,0.19200,1078.05152274,0
1506463206,22335940,0.19200,10000.00000000,0
1506463206,22335939,0.19200,2.72358142,0
1506463205,22335936,0.19199,1124.32710000,0
1506463205,22335932,0.19199,471.81449182,1
1506463203,22335922,0.19196,6498.10750000,0
1506463203,22335921,0.19150,2572.00000000,0
1506463201,22335916,0.19197,2842.34572900,0
1506463200,22335910,0.19102,2508.97046000,1
1506463173,22335798,0.19200,9997.27641858,1
1506463173,22335795,0.19200,1823.04864400,1
1506463172,22335794,0.19200,10000.00000000,1
1506463172,22335793,0.19200,10000.00000000,1
1506463172,22335791,0.19200,10000.00000000,1
1506463171,22335784,0.19200,10000.00000000,1
1506463171,22335783,0.19200,10000.00000000,1
1506463170,22335781,0.19200,2808.28244274,1
1506463170,22335779,0.19200,10000.00000000,1
1506463170,22335778,0.19200,10000.00000000,1
1506463169,22335775,0.19200,10000.00000000,1
1506463169,22335774,0.19200,1000.00000000,1
1506463168,22335771,0.19200,1530.05730000,1
1506463167,22335765,0.19200,4394.83130000,1
1506463167,22335763,0.19200,218.97247896,1
1506463166,22335762,0.19200,381.12600000,1
1506463166,22335760,0.19200,232.20917000,1
1506463166,22335759,0.19200,842.57900000,1
1506463165,22335757,0.19200,2434.52723100,1
1506463164,22335754,0.19200,2269.23260600,1
1506463164,22335753,0.19200,561.86652027,1
1506463163,22335752,0.19200,1008.20000000,1
1506463163,22335751,0.19200,933.53795825,1
1506463163,22335749,0.19200,642.29500000,1
1506463162,22335744,0.19200,2794.25100000,1
1506463162,22335742,0.19200,3473.26145834,1
1506463161,22335736,0.19200,2269.23260600,1
1506463161,22335735,0.19200,4747.07787000,1
1506463161,22335734,0.19200,2877.39270500,1
1506463158,22335728,0.19200,1904.35831971,1
1506463158,22335727,0.19200,40048.00000000,0
1506463158,22335726,0.19191,26153.16900000,0
1506463158,22335725,0.19190,1959.41940000,0
1506463158,22335723,0.19179,391.88388000,0
1506463158,22335722,0.19171,76.45204000,0
1506463158,22335720,0.19113,93.72997000,0
1506463157,22335719,0.19110,10976.04547915,0
1506463157,22335718,0.19100,100.00000000,0
1506463157,22335717,0.19100,1057.68420200,0
1506463114,22335693,0.19100,462.31579800,0
1506463114,22335692,0.19100,56.85000000,0
1506463110,22335691,0.19084,100.00000000,0
1506462974,22335640,0.19008,108.00000000,0
1506462967,22335634,0.19004,7239.75227532,1
1506462966,22335633,0.19004,2700.24525200,1
1506462963,22335632,0.19008,946.00000000,0
1506462959,22335631,0.19005,2000.00000000,1
1506462953,22335625,0.19001,3234.45178092,0
1506462953,22335624,0.19001,3517.56849640,0
1506462952,22335623,0.19000,659.96007284,0
1506462952,22335622,0.19000,9340.03992716,0
1506462952,22335621,0.19000,10000.00000000,0
1506462952,22335620,0.19000,10000.00000000,0
1506462952,22335619,0.19000,10000.00000000,0
1506462951,22335616,0.19000,187.00000000,0
1506462951,22335615,0.19000,10000.00000000,0
1506462951,22335614,0.19000,10000.00000000,0
1506462951,22335613,0.19000,10000.00000000,0
1506462950,22335612,0.19000,8254.82239058,0
1506462950,22335611,0.19000,1745.17760942,0
1506462950,22335610,0.18999,1955.02305000,0
1506462946,22335607,0.18999,186.00000000,0
1506462944,22335605,0.18999,187.00000000,1
1506462942,22335604,0.19000,187.00000000,0
1506462939,22335602,0.18999,2427.14620000,0
1506462936,22335601,0.18999,187.00000000,0
1506462932,22335596,0.18999,187.00000000,0
1506462928,22335594,0.18999,187.00000000,0
1506462925,22335593,0.18999,2264.26310000,0
1506462898,22335586,0.18999,789.83000000,0
1506462869,22335567,0.18999,204.65859700,0
1506462726,22335484,0.18979,291.76920928,1
1506462501,22335301,0.18979,59630.70318000,1
1506462500,22335300,0.18980,10772.29122000,1
1506462491,22335295,0.18980,170.00000000,1
1506462341,22335106,0.18980,224.75723600,1
1506462303,22335040,0.18980,1000.00000000,1
1506462263,22335023,0.18980,1000.00000000,1
1506462175,22334925,0.18980,1245.53640431,1
1506462172,22334916,0.18980,1245.53642872,1
1506462171,22334912,0.18980,3282.80558600,1
1506462168,22334903,0.18980,626.31606654,1
1506462168,22334902,0.18980,627.79241307,1
1506462162,22334887,0.18998,105.00000000,0
1506462154,22334878,0.18990,3280.73736800,1
1506462154,22334875,0.18990,4094.26263200,1
1506462027,22334711,0.18979,197.88263500,1
1506462026,22334708,0.18979,478.00000000,1
1506462004,22334692,0.18943,63.02953700,0
1506461995,22334689,0.18978,480.19896723,0
1506461833,22334571,0.18986,320.98698000,0
1506461833,22334570,0.18986,1296.83980000,0
1506461833,22334569,0.18983,666.17322000,0
1506461719,22334498,0.19000,4571.89296316,1
1506461719,22334497,0.19000,3876.01000000,1
1506461718,22334493,0.19000,2152.05463700,1
1506461718,22334492,0.19000,2892.92982728,1
1506461717,22334489,0.19001,646.89036000,1
1506461717,22334488,0.19000,3234.45181000,1
1506461715,22334486,0.19000,10599.95760016,1
1506461715,22334485,0.18988,2514.64250750,0
1506461715,22334483,0.18985,5394.63671900,0
1506461715,22334482,0.18978,646.89036000,0
1506461714,22334481,0.18978,3234.45181000,0
1506461714,22334480,0.18977,1550.36180000,0
1506461714,22334479,0.18857,7451.15189338,0
1506461689,22334470,0.18857,4775.64130900,0
1506461659,22334440,0.19008,4775.64130892,1
1506461658,22334438,0.18999,16073.17726000,1
1506461658,22334434,0.18988,896.97992000,0
1506461656,22334432,0.18902,4484.89958000,0
1506461536,22334297,0.18849,10466.01043765,0
1506461511,22334284,0.18849,2038.93967500,0
1506461484,22334273,0.18805,679.76802636,1
1506461484,22334272,0.18810,35.00000000,1
1506461483,22334271,0.18810,35.00000000,1
1506461483,22334270,0.18810,200.00000000,1
1506461483,22334269,0.18826,93.72997000,1
1506461276,22334140,0.18849,1005.59759138,0
1506461270,22334137,0.18849,1558.25319804,0
1506461230,22334123,0.18849,363.00000000,0
1506461187,22334114,0.18849,447.65562000,0
1506461123,22334100,0.18849,11884.27173000,0
1506461123,22334099,0.18850,427.52000000,1
1506461123,22334098,0.18853,11871.57912000,1
1506461088,22334083,0.18849,477.99999500,1
1506460938,22334021,0.18850,58.64306800,1
1506460901,22333981,0.18952,210.00000000,0
1506460841,22333958,0.18973,56.57230986,0
1506460840,22333957,0.18912,2572.00000000,0
1506460837,22333956,0.18847,1860.78015200,1
1506460837,22333955,0.18910,35.00000000,1
1506460717,22333916,0.18977,89.41902355,0
1506460717,22333915,0.18948,1101.47000000,0
1506460715,22333911,0.18979,2522.80409926,1
1506460571,22333821,0.18840,2180.40821902,1
1506460562,22333806,0.18839,2425.67804800,1
1506460514,22333765,0.18898,4347.00000000,1
1506460514,22333763,0.18900,50.00000000,1
1506460514,22333762,0.18900,19.70301600,1
1506460513,22333760,0.18900,1059.27000000,1
1506460510,22333752,0.18900,1536.02698400,1
1506460510,22333751,0.18900,1000.00000000,1
1506460510,22333750,0.18900,56.85000000,1
1506460425,22333707,0.18950,1000.00000000,1
1506460407,22333705,0.18967,1757.53000000,0
1506460405,22333701,0.18970,2839.64013000,0
1506460367,22333681,0.18978,296.05074296,0
1506460365,22333680,0.18976,2877.49049300,0
1506460353,22333675,0.18995,34.22472900,1
1506460351,22333674,0.18991,2918.18407100,0
1506460319,22333654,0.18997,2000.00000000,0
1506460312,22333646,0.18915,1054.71847700,1
1506460312,22333644,0.18916,270.00000000,1
1506460205,22333601,0.18994,63.01626600,0
1506460193,22333598,0.18998,794.11617600,0
1506460193,22333597,0.18997,3022.90504500,0
1506460170,22333593,0.18999,420.02468551,0
1506460042,22333465,0.19000,2000.00000000,1
1506460009,22333442,0.19000,1817.02122100,0
1506460009,22333440,0.18999,4240.24310000,0
1506460009,22333438,0.18999,1554.38435000,0
1506459957,22333371,0.18991,3618.38669400,1
1506459952,22333370,0.18991,1000.00000000,0
1506459891,22333305,0.18991,1000.00000000,0
1506459886,22333300,0.18989,9871.22847716,0
1506459867,22333285,0.18998,728.72910000,0
1506459867,22333284,0.18998,0.00002300,0
1506459864,22333279,0.19000,728.72907700,1
1506459859,22333276,0.19000,58.47058800,1
1506459840,22333273,0.19094,2403.52541348,1
1506459840,22333272,0.19093,6229.08065900,1
1506459839,22333271,0.19039,5037.91260000,0
1506459839,22333270,0.19020,2556.17780000,0
1506459839,22333269,0.19020,1006.37703900,1
1506459837,22333268,0.19001,67.71421000,0
1506459822,22333257,0.19000,16345.00000000,1
1506459814,22333250,0.19000,1569.33635500,1
1506459810,22333246,0.19000,2857.00000000,1
1506459782,22333228,0.19000,190.00000000,1
1506459780,22333227,0.19000,2857.00000000,1
1506459780,22333226,0.19000,1527.67660000,1
1506459779,22333225,0.19000,190.00000000,1
1506459778,22333224,0.19000,2884.90938000,1
1506459777,22333223,0.19000,190.00000000,1
1506459776,22333220,0.19000,1654.87800000,1
1506459761,22333216,0.19000,2047.00000000,1
1506459761,22333215,0.19000,1000.00000000,1
1506459758,22333211,0.19001,7932.28579000,1
1506459756,22333207,0.19001,190.00000000,1
1506459752,22333206,0.19001,2783.94597200,1
1506459743,22333196,0.19001,3732.57943800,1
1506459698,22333146,0.19001,2361.90528452,1
1506459642,22333105,0.19010,15.82220000,1
1506459600,22333066,0.19010,646.77780000,1
1506459600,22333065,0.19020,599.60000000,1
1506459589,22333048,0.19039,479.36880252,0
1506459588,22333046,0.19040,3581.13727300,1
1506459586,22333040,0.19050,1000.00000000,1
1506459579,22333030,0.19094,498.02168220,0
1506459555,22332976,0.19040,2635.86272700,1
1506459469,22332908,0.19052,8870.37505000,1
1506459402,22332852,0.19110,516.76143380,0
1506459399,22332808,0.19110,8684.19308705,0
1506459399,22332807,0.19109,4950.54448500,0
1506459309,22332659,0.19096,263.86495200,0
1506459309,22332658,0.19065,1311.64170000,0
1506459278,22332610,0.19067,263.32326100,0
1506459278,22332606,0.19066,5060.33198500,0
1506459276,22332600,0.19067,649.49823900,0
1506459276,22332599,0.19067,912.82150000,0
1506459266,22332573,0.19066,912.82150000,0
1506459266,22332572,0.19066,0.00004027,0
1506459266,22332571,0.19065,4410.64157000,0
1506459245,22332520,0.19090,912.82145973,1
1506459239,22332481,0.19090,21134.02488600,1
1506459238,22332472,0.19090,2586.90595700,1
1506459238,22332470,0.19090,1092.44463060,1
1506459223,22332449,0.19090,69206.91481100,1
1506459222,22332448,0.19090,912.82146000,1
1506459219,22332445,0.19090,190.00000000,1
1506459217,22332441,0.19090,1224.14992143,1
1506459217,22332438,0.19090,2857.00000000,1
1506459216,22332434,0.19090,598.50650000,1
1506459213,22332424,0.19090,190.00000000,1
1506459211,22332423,0.19090,2857.00000000,1
1506459208,22332419,0.19090,190.00000000,1
1506459208,22332418,0.19090,1224.15002616,1
1506459206,22332417,0.19090,2857.00000000,1
1506459205,22332415,0.19090,190.00000000,1
1506459205,22332414,0.19090,11898.96711500,1
1506459201,22332409,0.19090,2857.00000000,1
1506459198,22332405,0.19090,190.00000000,1
1506459196,22332403,0.19090,4961.59850000,1
1506459196,22332401,0.19090,190.00000000,1
1506459193,22332395,0.19090,3047.00000000,1
1506459186,22332392,0.19090,4065.92154300,1
1506459185,22332391,0.19090,2857.00000000,1
1506459183,22332387,0.19090,1096.07480000,1
1506459182,22332385,0.19090,190.00000000,1
1506459182,22332383,0.19090,2566.68421100,1
1506459181,22332382,0.19090,10000.00000000,1
1506459178,22332380,0.19090,190.00000000,1
1506459176,22332379,0.19090,2507.29200241,1
1506459176,22332378,0.19100,349.70799759,1
1506459172,22332376,0.19100,3031.14211500,1
1506459167,22332373,0.19100,190.00000000,1
1506459167,22332372,0.19100,2857.00000000,1
1506459163,22332371,0.19100,2295.92810000,1
1506459162,22332368,0.19100,2857.00000000,1
1506459158,22332363,0.19100,1825.57260000,1
1506459157,22332362,0.19100,2700.00000416,0
1506459157,22332361,0.19100,1000.00000000,0
1506459157,22332358,0.19090,2857.00000000,1
1506459156,22332353,0.19090,190.00000000,1
1506459154,22332352,0.19090,2857.00000000,1
1506459154,22332350,0.19090,7215.13046900,1
1506459150,22332342,0.19090,10000.00000000,1
1506459150,22332341,0.19090,190.00000000,1
1506459147,22332334,0.19090,2857.00000000,1
1506459146,22332332,0.19090,10000.00000000,1
1506459146,22332331,0.19090,3247.88993000,1
1506459146,22332330,0.19091,6752.11007000,1
1506459146,22332329,0.19091,190.00000000,1
1506459145,22332328,0.19091,2107.25950000,1
1506459136,22332312,0.19090,3047.00000000,1
1506459135,22332311,0.19090,3446.49821989,1
1506459135,22332310,0.19090,10000.00000000,1
1506459135,22332308,0.19090,10000.00000000,1
1506459135,22332306,0.19090,10000.00000000,1
1506459134,22332304,0.19090,10000.00000000,1
1506459134,22332303,0.19090,10000.00000000,1
1506459134,22332302,0.19090,2525.52293500,1
1506459131,22332289,0.19090,885.58691099,1
1506459130,22332288,0.19090,1924.94859500,1
1506459126,22332280,0.19090,1368.21008300,1
1506459125,22332279,0.19090,3047.00000000,1
1506459124,22332273,0.19090,17977.06451000,1
1506459123,22332269,0.19090,3697.59450000,1
1506459120,22332260,0.19090,4751.59000000,1
1506459118,22332252,0.19090,6904.62490182,1
1506459117,22332249,0.19090,1743.31927711,1
1506459117,22332247,0.19090,17191.02109677,1
1506459116,22332243,0.19090,2857.00000000,1
1506459114,22332233,0.19090,210.74815600,1
1506459113,22332230,0.19090,190.00000000,1
1506459111,22332220,0.19090,6904.55955809,1
1506459111,22332219,0.19090,20071.30000000,1
1506459110,22332218,0.19090,32553.51000000,1
1506459110,22332217,0.19090,2857.00000000,1
1506459107,22332216,0.19090,190.00000000,1
1506459106,22332215,0.19090,6020.14000000,1
1506459105,22332214,0.19090,10000.00000000,1
1506459105,22332213,0.19090,2403.17288400,1
1506459105,22332212,0.19090,3788.84021000,1
1506459105,22332211,0.19091,6211.15979000,1
1506459104,22332210,0.19091,2857.00000000,1
1506459104,22332209,0.19091,931.73230000,1
1506459103,22332208,0.19090,190.00000000,1
1506459102,22332203,0.19090,10000.00000000,1
1506459101,22332202,0.19090,1511.26244100,1
1506459099,22332200,0.19090,10000.00000000,1
1506459097,22332198,0.19090,10000.00000000,1
1506459097,22332197,0.19090,10000.00000000,1
1506459096,22332196,0.19090,10000.00000000,1
1506459094,22332195,0.19090,913.22147700,1
1506459093,22332194,0.19090,9843.84000000,1
1506459093,22332193,0.19090,5352.60000000,1
1506459092,22332192,0.19090,16188.70874800,1
1506459092,22332191,0.19090,8094.35437400,1
1506459092,22332190,0.19088,1741.86290000,0
1506459091,22332189,0.19088,5352.60000000,0
1506459061,22332150,0.19093,2385.32830597,0
1506459025,22332096,0.19029,2902.62219396,1
1506459022,22332087,0.19029,15074.37130200,1
1506459021,22332079,0.19029,190.00000000,1
1506459021,22332078,0.19029,161.55100000,1
1506459021,22332077,0.19029,663.37395500,1
1506458859,22331974,0.19031,30.00000000,1
1506458858,22331970,0.19070,30.00000000,0
1506458802,22331920,0.19100,1000.00000000,1
1506458800,22331913,0.19150,300.10383248,1
1506458797,22331909,0.19150,2589.96315981,1
1506458796,22331908,0.19150,2591.78000000,1
1506458795,22331906,0.19150,1286.32524288,1
1506458794,22331903,0.19150,222.25263544,1
1506458781,22331895,0.19150,966.56200000,1
1506458778,22331890,0.19150,10000.00000000,1
1506458770,22331886,0.19150,1500.98228520,1
1506458770,22331884,0.19150,1500.98224544,1
1506458770,22331883,0.19150,208.79216625,1
1506458769,22331881,0.19150,12623.78756000,1
1506458766,22331877,0.19150,1097.15316102,1
1506458764,22331860,0.19150,2272.42982782,1
1506458760,22331858,0.19150,28.72320000,1
1506458758,22331855,0.19150,13420.13902000,1
1506458757,22331853,0.19150,2066.11570200,1
1506458757,22331852,0.19150,10000.00000000,1
1506458756,22331850,0.19150,738.47500000,1
1506458756,22331849,0.19150,5386.68000000,1
1506458751,22331848,0.19150,2857.00000000,1
1506458738,22331831,0.19150,14100.82537600,1
1506458736,22331829,0.19150,190.00000000,1
1506458735,22331824,0.19150,10000.00000000,1
1506458734,22331822,0.19150,10000.00000000,1
1506458731,22331814,0.19150,10000.00000000,1
1506458731,22331812,0.19150,10000.00000000,1
1506458730,22331811,0.19150,10000.00000000,1
1506458730,22331810,0.19150,10000.00000000,1
1506458730,22331809,0.19150,2925.67180000,1
1506458728,22331806,0.19150,17874.64845000,1
1506458728,22331805,0.19150,190.00000000,1
1506458727,22331803,0.19150,2857.00000000,1
1506458726,22331799,0.19150,2626.11718400,1
1506458726,22331798,0.19150,3867.08833500,1
1506458726,22331797,0.19150,1773.92831466,1
1506458726,22331796,0.19150,11306.57297100,1
1506458725,22331794,0.19150,20491.80327900,1
1506458725,22331793,0.19150,1637.89868200,1
1506458725,22331792,0.19150,910.76284700,1
1506458724,22331791,0.19150,2923.47000000,1
1506458723,22331788,0.19150,16255.56517400,1
1506458722,22331782,0.19150,1900.82569191,1
1506458721,22331781,0.19150,354.78567000,1
1506458721,22331780,0.19150,8127.86148200,1
1506458720,22331778,0.19150,1773.92834000,1
1506458720,22331777,0.19150,8145.58783000,1
1506458720,22331776,0.19150,150.00000000,0
1506458719,22331775,0.19130,20129.07383409,0
1506458719,22331774,0.19129,279.22754000,0
1506458719,22331773,0.19125,1396.13769000,0
1506458719,22331772,0.19110,16277.27347100,0
1506458719,22331771,0.19108,9875.69900000,0
1506458715,22331768,0.19074,1000.00000000,0
1506458649,22331678,0.19100,3177.24745000,1
1506458647,22331674,0.19098,8342.75255000,0
1506458576,22331608,0.19114,92.68929731,1
1506458575,22331605,0.19114,1508.11087238,1
1506458574,22331604,0.19057,8494.41799500,0
1506458567,22331599,0.19110,8407.41613398,0
1506458552,22331590,0.19130,150.92616591,0
1506458552,22331589,0.19118,2198.30111349,0
1506458551,22331587,0.19115,2430.91783513,1
1506458551,22331585,0.19115,1442.30538000,0
1506458504,22331558,0.19129,6858.44901395,1
1506458504,22331557,0.19118,439.66023000,0
1506458504,22331556,0.19118,2198.30114000,0
1506458504,22331555,0.19100,1014.00118220,0
1506458503,22331554,0.19100,500.00000000,0
1506458503,22331553,0.19100,444.04649215,0
1506458503,22331552,0.19100,444.04660041,0
1506458503,22331551,0.19065,8646.69408299,0
1506458502,22331550,0.19048,270.00000000,0
1506458430,22331508,0.19000,1495.73653536,1
1506458404,22331484,0.19064,63.00631600,0
1506458351,22331438,0.19001,270.00000000,1
1506458342,22331432,0.19000,30.00000000,1
1506458339,22331431,0.19063,30.00000000,0
1506458335,22331427,0.19065,1282.30591701,0
1506458335,22331425,0.19064,546.42645000,0
1506458335,22331423,0.19050,5439.13536299,0
1506458335,22331422,0.19049,2732.13227000,0
1506458332,22331415,0.18937,30.00000000,1
1506458331,22331413,0.19000,30.00000000,0
1506458304,22331394,0.19048,151.86728265,0
1506458282,22331380,0.19000,30.00000000,1
1506458268,22331371,0.19050,2942.59139107,0
1506458266,22331369,0.19049,1302.99180000,0
1506458266,22331368,0.19049,3274.66684000,0
1506458237,22331359,0.19000,8864.22106480,0
1506458237,22331358,0.19000,10000.00000000,0
1506458213,22331340,0.18990,2897.73156100,0
1506458204,22331337,0.18993,2884.89206686,0
1506458204,22331336,0.18991,12167.52581000,0
1506458186,22331326,0.18994,1177.23920000,0
1506458166,22331319,0.18999,3676.44641916,0
1506458158,22331309,0.18911,590.00000000,1
1506458074,22331276,0.18946,30.00000000,1
1506458071,22331273,0.19029,30.00000000,0
1506458066,22331261,0.18900,3249.98832382,0
1506458062,22331256,0.18900,868.66593000,0
1506458062,22331254,0.18899,4131.33407000,0
1506458061,22331252,0.18899,847.17950000,1
1506458060,22331251,0.18900,1999.93917300,0
1506458060,22331250,0.18900,5643.81624100,0
1506458060,22331249,0.18900,3958.38644000,0
1506458060,22331248,0.18900,14759.70369800,0
1506458059,22331246,0.18900,4221.69658450,0
1506458057,22331241,0.18899,152.82050000,1
1506458053,22331235,0.18900,5000.00000000,0
1506458053,22331234,0.18900,2500.00000000,0
1506458052,22331231,0.18911,5000.00000000,1
1506458052,22331230,0.18915,25833.65400000,1
1506458052,22331228,0.18915,7310.27863000,1
1506458052,22331226,0.18916,9825.54300000,1
1506458052,22331223,0.18917,2500.00000000,1
1506458052,22331221,0.18917,13361.93080000,1
1506458025,22331194,0.18907,30.00000000,1
1506458022,22331192,0.19022,30.00000000,0
1506458020,22331191,0.19023,325.40756610,0
1506457962,22331098,0.19000,4400.00000000,1
1506457948,22331089,0.19000,1861.22118100,1
1506457941,22331081,0.19000,366.42982500,1
1506457933,22331066,0.19000,7919.05074700,1
1506457933,22331065,0.19001,152.82050000,1
1506457933,22331064,0.19050,0.50000000,1
1506457908,22331047,0.19050,99.50000000,1
1506457881,22331036,0.19000,56031.31667000,1
1506457880,22331035,0.19000,12254.21039400,1
1506457872,22331017,0.19001,2115.69815789,0
1506457864,22331014,0.19000,501.44501900,1
1506457863,22331013,0.19001,8041.56500000,1
1506457831,22330976,0.19001,1586.87850200,1
1506457811,22330939,0.19086,77.02960000,0
1506457803,22330931,0.19087,5135.51300926,0
1506457803,22330930,0.19087,13784.88000000,0
1506457768,22330905,0.19035,947.79891900,1
1506457755,22330900,0.19035,1312.64008970,1
1506457728,22330858,0.19035,5677.35980300,1
1506457717,22330842,0.19035,2062.20118800,1
1506457699,22330817,0.19100,7221.55299677,1
1506457699,22330816,0.19100,2778.44700323,1
1506457699,22330815,0.19100,5924.66837958,1
1506457699,22330814,0.19122,1296.88461719,1
1506457699,22330813,0.19122,6147.49700000,0
1506457699,22330812,0.19121,1743.04480000,0
1506457698,22330811,0.19120,10000.00000000,0
1506457696,22330810,0.19100,7015.37117400,1
1506457693,22330808,0.19100,13301.94997521,1
1506457692,22330807,0.19100,2622.71840479,1
1506457648,22330785,0.19100,50000.00000000,1
1506457644,22330778,0.19122,829.09972806,0
1506457642,22330777,0.19105,214.39826830,0
1506457642,22330776,0.19100,9955.08983100,1
1506457618,22330750,0.19100,989.00000000,1
1506457613,22330741,0.19100,18817.51575905,1
1506457608,22330735,0.19100,2704.51985300,1
1506457607,22330730,0.19100,6010.00950400,1
1506457606,22330729,0.19100,69532.63800000,1
1506457600,22330720,0.19100,48530.07259200,1
1506457597,22330719,0.19124,5217.55291780,0
1506457596,22330717,0.19124,2425.67804853,0
1506457591,22330712,0.19100,1870.58054700,1
1506457582,22330705,0.19100,55.47217000,1
1506457575,22330699,0.19100,10476.00000000,1
1506457572,22330698,0.19100,406.03030083,1
1506457553,22330675,0.19100,5469.42695900,1
1506457552,22330671,0.19100,1000.00000000,1
1506457547,22330667,0.19100,2778.36599200,1
1506457547,22330666,0.19100,11811.96633800,1
1506457547,22330665,0.19100,14309.16902800,1
1506457547,22330664,0.19100,1205.54468200,1
1506457546,22330663,0.19100,23524.58117400,1
1506457543,22330659,0.19100,4436.42343000,1
1506457534,22330653,0.19100,72632.85210400,1
1506457525,22330650,0.19100,50000.00000000,1
1506457523,22330648,0.19110,8246.84411100,1
1506457523,22330647,0.19110,1000.00000000,1
1506457521,22330644,0.19110,9932.15588900,1
1506457516,22330642,0.19100,4019.00431800,1
1506457516,22330641,0.19101,5980.99568200,1
1506457513,22330639,0.19101,2566.08468800,1
1506457512,22330638,0.19107,1191.60930549,0
1506457506,22330633,0.19100,4940.17869900,1
1506457500,22330623,0.19101,1463.33250000,1
1506457500,22330622,0.19101,4613.73377100,1
1506457496,22330620,0.19113,2610.04150000,1
1506457494,22330618,0.19113,1000.00000000,1
1506457491,22330615,0.19113,92.95850000,0
1506457486,22330612,0.19100,9916.83927000,1
1506457486,22330611,0.19101,83.16073000,1
1506457485,22330610,0.19101,10000.00000000,1
1506457476,22330607,0.19100,1651.22700000,1
1506457474,22330605,0.19100,66638.23057592,0
1506457474,22330604,0.19099,254.92611000,0
1506457474,22330603,0.19097,1544.00116000,0
1506457473,22330602,0.19030,1897.61619841,0
1506457430,22330539,0.19030,30003.50909000,0
1506457401,22330502,0.19087,1044.56379915,0
1506457384,22330477,0.19002,403.26930000,1
1506457369,22330463,0.19001,485.59420000,1
1506457369,22330462,0.19001,191.00000000,1
1506457339,22330449,0.19001,58.64306800,1
1506457269,22330386,0.19030,2399.65066300,0
1506457269,22330385,0.19030,8048.27480000,0
1506457269,22330384,0.19030,1096.54960000,0
1506457269,22330383,0.19029,977.78294000,0
1506457255,22330368,0.19030,6951.72520000,0
1506457255,22330367,0.19030,8048.27480000,0
1506457255,22330366,0.19029,10000.00000000,0
1506457235,22330345,0.19095,6154.06704330,1
1506457234,22330343,0.19095,1894.09793140,1
1506457234,22330342,0.19095,50134.55300000,0
1506457233,22330341,0.19095,10000.00000000,0
1506457213,22330318,0.18951,662.29000000,0
1506457209,22330312,0.19001,399.30476439,1
1506457204,22330310,0.19100,2718.07942408,0
1506457204,22330309,0.19097,20000.00000000,1
1506457204,22330308,0.19097,241.42789000,1
1506457204,22330307,0.19097,1207.13943000,1
1506457203,22330306,0.19050,250.00000000,0
1506457203,22330305,0.19021,428.79653660,0
1506457203,22330304,0.19020,897.86140848,0
1506457203,22330303,0.19000,10505.43128437,1
1506457194,22330301,0.19000,94.52631579,0
1506457187,22330294,0.19019,1231.32924854,0
1506457185,22330287,0.18950,250.00000000,0
1506457150,22330191,0.18941,7909.15738498,1
1506457147,22330184,0.18940,14573.00000000,0
1506457147,22330183,0.18933,617.51761475,0
1506457147,22330182,0.18933,399.79775000,0
1506457146,22330181,0.18900,12007.53238321,0
1506457135,22330176,0.18900,3890.42710000,0
1506457135,22330175,0.18923,780.40750000,1
1506457135,22330174,0.18929,664.32660000,1
1506457135,22330173,0.18930,0.00001679,1
1506457135,22330172,0.18931,664.32660000,1
1506457135,22330171,0.18931,664.32660000,1
1506457135,22330170,0.18932,664.32660000,1
1506457135,22330169,0.18932,664.32660000,1
1506457130,22330167,0.18928,317.14082000,0
1506457130,22330166,0.18924,347.18576321,0
1506457125,22330163,0.18924,1021.81623079,1
1506457125,22330162,0.18924,780.40750000,1
1506457124,22330158,0.18924,697.77626921,1
1506457117,22330144,0.18931,2887.18569789,0
1506457117,22330143,0.18930,6489.66993000,0
1506457117,22330142,0.18896,780.40753000,0
1506457110,22330131,0.18939,10000.00000000,0
1506457109,22330128,0.18933,617.51772073,1
1506457108,22330124,0.18933,2177.36098204,1
1506457108,22330123,0.18934,2500.00000000,1
1506457107,22330121,0.18933,5628.34749723,1
1506457107,22330120,0.18933,1639.89733877,1
1506457107,22330118,0.18933,101.57980000,1
1506457107,22330117,0.18933,1298.00860820,1
1506457106,22330114,0.18933,602.15042519,1
1506457105,22330111,0.18933,4781.59002784,1
1506457104,22330108,0.18933,0.00004607,1
1506457103,22330099,0.18926,676.47302000,0
1506457103,22330098,0.18895,6615.75512793,0
1506457102,22330097,0.18895,1130.99800600,0
1506457100,22330092,0.18862,132.57988732,1
1506457099,22330089,0.18861,1471.46737401,1
1506457096,22330082,0.18939,122.35320254,1
1506457096,22330081,0.18939,2554.15980300,1
1506457096,22330080,0.18927,300.00000000,0
1506457095,22330078,0.18918,160.74607000,0
1506457095,22330077,0.18918,803.73033000,0
1506457095,22330076,0.18918,1111.45972700,1
1506457094,22330071,0.18895,1194.13276115,1
1506457094,22330070,0.18895,3602.48477454,1
1506457093,22330066,0.18860,1819.13760593,0
1506457093,22330065,0.18859,1352.48600000,0
1506457093,22330064,0.18858,803.58245838,0
1506457090,22330060,0.18859,3062.30000000,0
1506457089,22330058,0.18859,2287.90000000,0
1506457089,22330057,0.18850,250.00000000,0
1506457089,22330056,0.18849,290.00000000,0
1506457078,22330044,0.18811,45.18800000,1
1506457070,22330031,0.18800,4700.41049291,0
1506457069,22330029,0.18755,2787.32042900,1
1506457069,22330028,0.18755,2500.00000000,1
1506457057,22330009,0.18757,485.72566000,1
1506457056,22330008,0.18742,2224.00000000,0
1506457055,22330006,0.18742,10000.00000000,0
1506457050,22329997,0.18736,485.93924511,1
1506457049,22329996,0.18698,0.00002000,0
1506457048,22329995,0.18698,1176.19070000,0
1506457044,22329992,0.18699,55435.00000000,0
1506457044,22329990,0.18698,1176.19072000,0
1506456869,22329815,0.18650,31901.12528841,1
1506456869,22329814,0.18665,5000.00000000,1
1506456868,22329813,0.18665,929.01422785,1
1506456868,22329812,0.18666,270.00000000,1
1506456787,22329752,0.18699,3000.00000000,0
1506456785,22329751,0.18700,100.00000000,1
1506456676,22329647,0.18742,1490.24511792,0
1506456655,22329638,0.18742,208.63000000,0
1506456642,22329633,0.18767,400.00000000,0
1506456604,22329583,0.18786,63.72405000,0
1506456560,22329568,0.18750,11750.00000000,1
1506456558,22329567,0.18750,250.00000000,0
1506456547,22329564,0.18724,3000.00000000,0
1506456501,22329539,0.18665,2805.14331637,1
1506456491,22329532,0.18743,1785.33505842,1
1506456489,22329531,0.18701,205.56111807,0
1506456475,22329524,0.18665,2200.00000000,1
1506456474,22329523,0.18701,62000.00000000,0
1506456447,22329515,0.18701,1971.00000000,0
1506456414,22329506,0.18701,533.39725148,0
1506456350,22329476,0.18700,5000.00000000,1
1506456318,22329464,0.18700,154.51140000,1
1506456309,22329454,0.18701,7500.00000000,0
1506456294,22329435,0.18700,50.00000000,1
1506456291,22329427,0.18700,266.27088500,1
1506456267,22329410,0.18700,192.00000000,1
1506456265,22329409,0.18700,183.57790000,1
1506456260,22329408,0.18700,218.11236000,0
1506456260,22329407,0.18682,10432.60122545,0
1506456259,22329406,0.18665,59.16666700,1
1506456210,22329393,0.18701,2371.24239345,0
1506456210,22329392,0.18700,259.14340000,0
1506456208,22329391,0.18699,250.00000000,0
1506456100,22329347,0.18665,10000.00000000,1
1506456082,22329338,0.18700,399.15393000,1
1506456080,22329335,0.18700,316.63011000,1
1506456067,22329328,0.18700,376.19419000,1
1506456056,22329314,0.18701,2908.70923700,0
1506456054,22329312,0.18700,550.52809000,1
1506456044,22329295,0.18700,654.09277000,0
1506456013,22329246,0.18700,175.00000000,0
1506456000,22329236,0.18665,441.54217587,1
1506455874,22329136,0.18665,1795.73722000,1
1506455872,22329135,0.18666,8204.26278000,1
1506455840,22329125,0.18761,5381.26200871,0
1506455752,22329079,0.18761,2734.84747007,1
1506455751,22329078,0.18761,1012.48508000,1
1506455750,22329073,0.18761,1653.61816300,1
1506455748,22329068,0.18761,2935.58869700,1
1506455747,22329065,0.18761,2000.00000000,1
1506455737,22329055,0.18761,1173.28072000,1
1506455724,22329052,0.18761,1126.95029000,1
1506455713,22329048,0.18761,3882.81428600,1
1506455713,22329047,0.18761,2000.00000000,1
1506455711,22329043,0.18761,1635.66929000,1
1506455699,22329040,0.18761,509.00000000,1
1506455698,22329037,0.18761,1943.36945000,1
1506455694,22329035,0.18761,4953.36267600,1
1506455692,22329030,0.18762,42866.08887522,0
1506455686,22329025,0.18761,2962.42442000,1
1506455685,22329023,0.18761,2349.95251000,1
1506455681,22329021,0.18761,3701.17996000,1
1506455676,22329018,0.18761,3488.28436000,0
1506455645,22329006,0.18761,2262.00000000,0
1506455626,22328997,0.18750,10993.00000000,1
1506455569,22328958,0.18812,56.40017010,1
1506455527,22328944,0.18761,200.00000000,1
1506455524,22328942,0.18761,8969.51101600,1
1506455514,22328936,0.18761,1819.13765000,0
1506455503,22328932,0.18645,14375.15031000,0
1506455503,22328931,0.18646,4871.84969000,0
1506455501,22328929,0.18760,1000.00000000,1
1506455489,22328921,0.18880,5536.99173728,0
1506455489,22328920,0.18875,1000.00000000,0
1506455488,22328919,0.18860,629.14523305,0
1506455488,22328918,0.18859,600.00000000,0
1506455488,22328917,0.18838,1013.99487000,1
1506455488,22328916,0.18763,10734.02184781,0
1506455487,22328915,0.18760,1737.34177000,0
1506455487,22328914,0.18759,5069.97433000,1
1506455487,22328913,0.18750,16170.99930000,0
1506455485,22328906,0.18749,382.00000000,0
1506455482,22328903,0.18751,3829.00070000,1
1506455448,22328862,0.18751,1870.55268634,1
1506455448,22328861,0.18760,9678.13325266,1
1506455440,22328851,0.18760,3009.57179600,1
1506455438,22328848,0.18760,315.34495000,0
1506455435,22328840,0.18750,250.00000000,1
1506455419,22328798,0.18760,3144.24940800,1
1506455418,22328791,0.18760,3981.55235000,1
1506455418,22328790,0.18760,1968.25041300,1
1506455417,22328788,0.18760,24147.63083300,1
1506455417,22328786,0.18763,6173.80893500,1
1506455415,22328782,0.18763,2435.45340500,1
1506455412,22328779,0.18764,6217.94847580,1
1506455412,22328778,0.18767,714.65296920,1
1506455409,22328777,0.18767,248.04414000,1
1506455403,22328764,0.18854,3500.00000000,0
1506455398,22328762,0.18767,250.00000000,0
1506455383,22328751,0.18767,637.00000000,1
1506455370,22328742,0.18765,381.84350000,1
1506455357,22328723,0.18763,2441.82893000,1
1506455330,22328709,0.18750,152.33481000,1
1506455321,22328689,0.18850,561.76978605,0
1506455321,22328688,0.18849,4373.40558800,0
1506455317,22328654,0.18750,2147.66519000,1
1506455305,22328643,0.18733,2545.00000000,1
1506455304,22328642,0.18734,1639.68318000,1
1506455290,22328628,0.18731,1639.68318000,1
1506455277,22328608,0.18730,1242.01536000,1
1506455274,22328600,0.18835,500.00000000,0
1506455271,22328599,0.18835,14196.07723079,0
1506455271,22328598,0.18833,1555.78596000,0
1506455271,22328597,0.18832,4426.73892200,0
1506455271,22328596,0.18730,170.13373000,0
1506455252,22328527,0.18727,69.91820000,1
1506455252,22328526,0.18838,79.58652723,0
1506455251,22328524,0.18728,987.28673000,1
1506455238,22328474,0.18726,202.13908000,1
1506455234,22328469,0.18724,3939.36591600,1
1506455227,22328464,0.18694,41.60340000,1
1506455226,22328462,0.18712,93.92339800,0
1506455225,22328460,0.18694,348.40834000,1
1506455215,22328454,0.18712,5349.20423961,0
1506455215,22328453,0.18712,504.84709839,0
1506455211,22328447,0.18690,1297.76655000,1
1506455210,22328445,0.18712,4920.36260154,0
1506455203,22328437,0.18711,989.00000000,0
1506455198,22328430,0.18683,600.00000000,1
1506455186,22328422,0.18681,867.95433000,0
1506455182,22328415,0.18712,4574.79030007,0
1506455182,22328414,0.18712,9367.97041806,0
1506455179,22328408,0.18681,1593.00000000,1
1506455165,22328385,0.18712,133.27089568,0
1506455160,22328382,0.18712,498.75868626,0
1506455160,22328381,0.18712,1.24131374,0
1506455157,22328380,0.18660,1073.17030000,1
1506455149,22328371,0.18660,61.13870000,1
1506455145,22328361,0.18712,9998.75868626,0
1506455145,22328360,0.18712,10000.00000000,0
1506455145,22328359,0.18712,10000.00000000,0
1506455145,22328358,0.18712,8946.60869000,0
1506455145,22328356,0.18711,2254.77214000,0
1506455144,22328355,0.18680,600.00000000,1
1506455143,22328352,0.18712,1053.39131000,0
1506455143,22328351,0.18700,446.60869000,0
1506455136,22328344,0.18700,208.39131000,1
1506455132,22328335,0.18711,843.47928500,0
1506455132,22328334,0.18707,1356.52071500,0
1506455132,22328332,0.18700,2964.36835000,1
1506455131,22328330,0.18706,55.00000000,1
1506455128,22328324,0.18700,6827.24034000,1
1506455128,22328323,0.18700,600.00000000,1
1506455127,22328322,0.18707,55.00000000,0
1506455127,22328321,0.18707,76.45204000,0
1506455124,22328295,0.18707,92.95850000,0
1506455124,22328292,0.18707,75.38171000,0
1506455123,22328279,0.18707,91.56412000,0
1506455123,22328276,0.18707,74.32637000,0
1506455122,22328265,0.18707,1319.30544000,0
1506455122,22328261,0.18720,600.00000000,1
1506455122,22328259,0.18740,600.00000000,1
1506455122,22328257,0.18742,29.34585500,1
1506455122,22328255,0.18760,600.00000000,1
1506455121,22328253,0.18780,600.00000000,1
1506455121,22328251,0.18800,2000.00000000,1
1506455121,22328249,0.18800,600.00000000,1
1506455121,22328247,0.18820,600.00000000,1
1506455121,22328246,0.18840,600.00000000,1
1506455121,22328245,0.18860,600.00000000,1
1506455121,22328243,0.18871,29.14525000,1
1506455120,22328235,0.18880,6600.64414000,0
1506455119,22328230,0.18880,90.19066000,0
1506455119,22328229,0.18880,73.28580000,0
1506455119,22328228,0.18880,88.83780000,0
1506455118,22328227,0.18880,600.00000000,1
1506455118,22328226,0.18900,600.00000000,1
1506455118,22328225,0.18920,600.00000000,1
1506455118,22328223,0.18940,600.00000000,1
1506455118,22328222,0.18960,600.00000000,1
1506455118,22328221,0.18980,600.00000000,1
1506455117,22328220,0.19000,28.94736900,1
1506455117,22328219,0.19000,600.00000000,1
1506455117,22328218,0.19020,7.71369900,1
1506455117,22328217,0.19020,890.14775700,1
1506455116,22328215,0.19056,600.00000000,0
1506455116,22328213,0.19056,600.00000000,0
1506455114,22328203,0.19056,600.00000000,0
1506455113,22328196,0.19056,600.00000000,0
1506455113,22328195,0.19056,600.00000000,0
1506455113,22328194,0.19056,600.00000000,0
1506455112,22328193,0.19056,600.00000000,0
1506455111,22328192,0.19056,600.00000000,0
1506455111,22328191,0.19056,425.00000000,0
1506455111,22328190,0.19020,175.00000000,0
1506455110,22328186,0.19056,545.00000000,0
1506455110,22328184,0.19020,55.00000000,0
1506455109,22328182,0.19056,296.67668530,0
1506455108,22328179,0.19056,1154.69461000,0
1506455108,22328177,0.19056,1673.94068062,0
1506455108,22328175,0.19056,3886.82289300,0
1506455108,22328174,0.19040,188.74567638,0
1506455107,22328168,0.19040,600.00000000,1
1506455107,22328167,0.19056,539.36753562,1
1506455107,22328166,0.19056,897.86145600,1
1506455107,22328165,0.19056,1200.00000000,1
1506455106,22328164,0.19056,1156.59133200,1
1506455106,22328163,0.19056,1243.40866800,1
1506455106,22328162,0.19056,1200.00000000,1
1506455106,22328161,0.19056,1200.00000000,1
1506455106,22328160,0.19056,10998.28676743,1
1506455106,22328157,0.19060,600.00000000,1
1506455106,22328155,0.19080,600.00000000,1
1506455105,22328154,0.19100,600.00000000,1
1506455105,22328153,0.19120,600.00000000,1
1506455105,22328152,0.19140,600.00000000,1
1506455105,22328151,0.19160,600.00000000,1
1506455105,22328150,0.19180,600.00000000,1
1506455105,22328148,0.19200,600.00000000,1
1506455103,22328143,0.20000,3502.79972102,1
1506455103,22328142,0.20000,7973.90000000,1
1506455102,22328140,0.20000,77777.00000000,1
1506455102,22328137,0.20000,4711.12418900,1
1506455102,22328135,0.20000,1314.22056400,1
1506455102,22328132,0.20000,20835.60579200,1
1506455101,22328129,0.20000,12192.39750000,1
1506455101,22328126,0.20000,1660.88526700,1
1506455101,22328124,0.20000,3870.45285800,1
1506455101,22328121,0.20000,1777.29193000,1
1506455101,22328118,0.20000,8806.61145300,1
1506455101,22328116,0.20000,1809.81362100,1
1506455101,22328114,0.20000,4139.41469000,1
1506455100,22328112,0.20000,5305.01789400,1
1506455100,22328111,0.20000,20849.00000000,1
1506455100,22328110,0.20000,5745.95437900,1
1506455100,22328108,0.20000,5745.95437900,1
1506455098,22328097,0.20000,55.00000000,1
1506455098,22328096,0.20000,30674.34693000,1
1506455098,22328095,0.20000,363.83687000,1
1506455097,22328094,0.20000,222.52280796,1
1506455094,22328086,0.20000,38724.00000000,1
1506455094,22328085,0.20000,38674.62456844,1
1506455094,22328084,0.20000,2000.00000000,1
1506455094,22328083,0.20000,20338.00000000,1
1506455094,22328082,0.20000,51208.02367000,1
1506455093,22328081,0.20000,6299.48456300,1
1506455093,22328080,0.20000,12598.96912500,1
1506455093,22328077,0.20000,6299.48456300,1
1506455093,22328075,0.20000,1385.12016123,1
1506455093,22328074,0.20000,1254.47570999,1
1506455093,22328073,0.20000,96.62762908,1
1506455092,22328069,0.20000,15000.00000000,0
1506455092,22328067,0.20000,10000.00000000,0
1506455092,22328066,0.20000,277.14649964,0
1506455091,22328065,0.20000,1000.00000000,0
1506455091,22328064,0.20000,3050.00000000,0
1506455091,22328063,0.20000,40.86698000,0
1506455091,22328062,0.20000,40.56504200,0
1506455091,22328061,0.20000,40.26516200,0
1506455091,22328060,0.20000,39.96979000,0
1506455091,22328059,0.20000,39.67873000,0
1506455091,22328058,0.20000,39.39178600,0
1506455090,22328057,0.20000,5500.00000000,0
1506455090,22328056,0.20000,39.11121200,0
1506455090,22328054,0.20000,80.99800000,0
1506455090,22328053,0.20000,29.78229700,0
1506455090,22328052,0.20000,29.57151600,0
1506455090,22328051,0.20000,29.36369600,0
1506455090,22328050,0.20000,29.15877800,0
1506455090,22328049,0.20000,28.95670000,0
1506455090,22328048,0.20000,28.75893800,0
1506455089,22328046,0.20000,500.00000000,0
1506455089,22328044,0.20000,2000.00000000,0
1506455089,22328042,0.20000,28.56234500,0
1506455089,22328041,0.20000,28.36842200,0
1506455089,22328039,0.20000,10000.00000000,0
1506455089,22328037,0.20000,4000.00000000,0
1506455089,22328035,0.20000,87.63287400,0
1506455089,22328033,0.20000,87.20324200,0
1506455088,22328030,0.20000,86.77772600,0
1506455088,22328029,0.20000,86.35632600,0
1506455088,22328027,0.20000,85.94433400,0
1506455088,22328025,0.20000,85.53097000,0
1506455088,22328024,0.20000,74.12671000,0
1506455088,22328023,0.20000,85.12162400,0
1506455088,22328022,0.20000,73.77528200,0
1506455088,22328021,0.20000,73.43149800,0
1506455087,22328019,0.20000,73.08663600,0
1506455087,22328018,0.20000,10000.00000000,0
1506455087,22328016,0.20000,72.74500800,0
1506455087,22328015,0.20000,72.40651600,0
1506455087,22328014,0.20000,71.74315400,0
1506455087,22328012,0.20000,72.07116000,0
1506455087,22328011,0.20000,71.41387400,0
1506455087,22328010,0.20000,71.08773000,0
1506455087,22328009,0.20000,100.00000000,0
1506455086,22328008,0.20000,161.75675676,0
1506455086,22328007,0.20000,600.00000000,0
1506455086,22328006,0.19999,4116.00000000,0
1506455086,22328005,0.19990,50.00000000,0
1506455086,22328004,0.19980,600.00000000,0
1506455086,22328003,0.19960,600.00000000,0
1506455086,22328002,0.19950,1205.00000000,0
1506455086,22328001,0.19940,600.00000000,0
1506455085,22327999,0.19920,600.00000000,0
1506455085,22327998,0.19920,35.00000000,0
1506455085,22327997,0.19913,1000.00000000,0
1506455085,22327996,0.19910,35.00000000,0
1506455085,22327995,0.19900,10000.00000000,0
1506455085,22327993,0.19900,204.00000000,0
1506455085,22327991,0.19900,5224.50395972,0
1506455084,22327989,0.19900,4000.00000000,0
1506455084,22327988,0.19900,600.00000000,0
1506455084,22327987,0.19900,3400.00000000,0
1506455084,22327986,0.19900,3700.00000000,0
1506455084,22327985,0.19900,185727.80447093,0
1506455084,22327984,0.19880,600.00000000,0
1506455084,22327983,0.19860,600.00000000,0
1506455084,22327982,0.19850,5000.00000000,0
1506455084,22327981,0.19842,80.46349000,0
1506455083,22327980,0.19841,13022.00000000,0
1506455083,22327979,0.19840,600.00000000,0
1506455083,22327978,0.19832,78.32213000,0
1506455083,22327977,0.19820,600.00000000,0
1506455083,22327976,0.19820,35.00000000,0
1506455083,22327975,0.19810,35.00000000,0
1506455083,22327974,0.19810,35.00000000,0
1506455083,22327973,0.19808,118.26403000,0
1506455083,22327972,0.19800,10000.00000000,0
1506455082,22327971,0.19800,87.78392990,0
1506455082,22327970,0.19800,100.00000000,0
1506455082,22327968,0.19800,600.00000000,0
1506455082,22327967,0.19800,226271.00000000,0
1506455082,22327966,0.19780,600.00000000,0
1506455082,22327964,0.19761,6181.78823000,0
1506455082,22327961,0.19760,600.00000000,0
1506455082,22327959,0.19747,500.00000000,0
1506455082,22327958,0.19745,12422.00000000,0
1506455081,22327956,0.19740,600.00000000,0
1506455081,22327955,0.19720,600.00000000,0
1506455081,22327954,0.19720,35.00000000,0
1506455081,22327953,0.19710,35.00000000,0
1506455081,22327952,0.19710,35.00000000,0
1506455081,22327951,0.19700,20000.00000000,0
1506455081,22327950,0.19700,600.00000000,0
1506455080,22327949,0.19680,600.00000000,0
1506455080,22327948,0.19660,383.67025949,0
1506455080,22327947,0.19660,216.32974051,0
1506455080,22327946,0.19640,600.00000000,0
1506455080,22327945,0.19620,600.00000000,0
1506455080,22327944,0.19620,297.86145600,0
1506455080,22327943,0.19620,35.00000000,0
1506455080,22327942,0.19610,119.45946000,0
1506455079,22327941,0.19610,35.00000000,0
1506455079,22327940,0.19610,35.00000000,0
1506455079,22327939,0.19600,15000.00000000,0
1506455079,22327938,0.19600,600.00000000,0
1506455079,22327937,0.19600,5000.00000000,0
1506455079,22327936,0.19580,600.00000000,0
1506455079,22327935,0.19560,600.00000000,0
1506455079,22327934,0.19554,79.43421000,0
1506455078,22327933,0.19547,4916.60336408,0
1506455078,22327932,0.19540,600.00000000,0
1506455078,22327931,0.19520,35.00000000,0
1506455078,22327930,0.19520,600.00000000,0
1506455078,22327929,0.19513,2172.19000000,0
1506455078,22327928,0.19510,35.00000000,0
1506455078,22327927,0.19510,35.00000000,0
1506455078,22327926,0.19510,35.00000000,0
1506455077,22327925,0.19500,18435.51575905,0
1506455077,22327924,0.19500,27000.00000000,0
1506455077,22327923,0.19500,866.70000000,0
1506455077,22327922,0.19500,1990.00000000,0
1506455077,22327920,0.19500,100.00000000,0
1506455077,22327919,0.19500,11000.00000000,0
1506455077,22327918,0.19500,426.00000000,0
1506455077,22327916,0.19500,2000.00000000,0
1506455076,22327915,0.19500,600.00000000,0
1506455076,22327914,0.19500,5294.59000000,0
1506455076,22327913,0.19500,1918.83819383,0
1506455076,22327912,0.19499,1720.00000000,0
1506455076,22327911,0.19482,10000.00000000,0
1506455076,22327910,0.19480,377.39946305,0
1506455076,22327909,0.19480,222.60053695,0
1506455075,22327908,0.19460,600.00000000,0
1506455075,22327907,0.19450,1966.43454227,0
1506455075,22327906,0.19450,3538.32861562,0
1506455075,22327904,0.19440,50.00000000,0
1506455075,22327902,0.19440,600.00000000,0
1506455075,22327901,0.19420,35.00000000,0
1506455075,22327900,0.19420,600.00000000,0
1506455075,22327899,0.19410,35.00000000,0
1506455075,22327898,0.19410,35.00000000,0
1506455074,22327897,0.19400,600.00000000,0
1506455074,22327895,0.19400,8572.34344038,0
1506455074,22327894,0.19400,78.91232000,0
1506455074,22327893,0.19380,600.00000000,0
1506455074,22327892,0.19360,3388.00000000,0
1506455074,22327891,0.19360,600.00000000,0
1506455074,22327890,0.19358,56.00000000,0
1506455074,22327889,0.19350,100.00000000,0
1506455073,22327888,0.19340,600.00000000,0
1506455073,22327887,0.19320,35.00000000,0
1506455073,22327886,0.19320,600.00000000,0
1506455073,22327885,0.19310,35.00000000,0
1506455073,22327884,0.19310,35.00000000,0
1506455073,22327883,0.19300,43.78313017,0
1506455073,22327882,0.19300,556.21686983,0
1506455073,22327880,0.19300,500.00000000,0
1506455073,22327879,0.19300,46124.21550009,0
1506455072,22327878,0.19280,19.95031705,0
1506455072,22327877,0.19280,580.04968295,0
1506455072,22327876,0.19260,1134.30900000,0
1506455072,22327875,0.19259,30928.22700000,0
1506455072,22327874,0.19240,27.44822000,0
1506455072,22327873,0.19240,42.74980000,0
1506455072,22327872,0.19240,42.74980000,0
1506455072,22327870,0.19240,42.14526000,0
1506455071,22327869,0.19240,52.65525000,0
1506455071,22327868,0.19240,57.18716000,0
1506455071,22327867,0.19240,74.32954000,0
1506455071,22327865,0.19240,121.72520000,0
1506455071,22327864,0.19240,85.30754000,0
1506455071,22327863,0.18900,20851.00000000,0
1506455071,22327862,0.18899,51385.41524000,0
1506455071,22327861,0.18843,1311.25650000,0
1506455071,22327859,0.18721,5393.80000000,0
1506455070,22327857,0.18718,44268.62800000,0
1506455070,22327856,0.18710,6300.34698000,0
1506455070,22327855,0.18710,16002.60700000,0
1506455070,22327854,0.18708,15899.27810000,0
1506455039,22327832,0.18640,27.44822000,1
1506455038,22327830,0.18728,55.00000000,0
1506455036,22327828,0.18728,55.00000000,0
1506455034,22327826,0.18729,55.00000000,0
1506455031,22327823,0.18732,55.00000000,0
1506455029,22327818,0.18730,55.00000000,0
1506455027,22327817,0.18732,21.08858000,1
1506455026,22327815,0.18732,33.91142000,0
1506455025,22327814,0.18640,42.74980000,1
1506455025,22327813,0.18733,55.00000000,0
1506455023,22327811,0.18734,348.44120082,0
1506455023,22327810,0.18733,55.00000000,0
1506455020,22327808,0.18733,55.00000000,0
1506455018,22327803,0.18736,55.00000000,0
1506455016,22327798,0.18738,55.00000000,0
1506455014,22327796,0.18738,55.00000000,0
1506455013,22327793,0.18739,55.00000000,0
1506455012,22327790,0.18640,42.74980000,1
1506455011,22327780,0.18741,55.00000000,0
1506455009,22327777,0.18742,55.00000000,0
1506455001,22327774,0.18750,55.00000000,0
1506454999,22327772,0.18640,42.14526000,1
1506454996,22327769,0.18750,55.00000000,0
1506454991,22327765,0.18755,55.00000000,0
1506454989,22327763,0.18756,341.21108857,0
1506454987,22327759,0.18757,55.00000000,0
1506454986,22327758,0.18757,55.00000000,0
1506454986,22327757,0.18640,52.65525000,1
1506454984,22327754,0.18755,55.00000000,0
1506454982,22327747,0.18760,55.00000000,0
1506454979,22327745,0.18710,55.00000000,0
1506454977,22327743,0.18710,55.00000000,0
1506454975,22327741,0.18710,55.00000000,0
1506454974,22327739,0.18700,55.00000000,0
1506454973,22327737,0.18640,57.18716000,1
1506454973,22327736,0.18699,5.37353000,1
1506454972,22327734,0.18691,49.62647000,0
1506454969,22327726,0.18692,55.00000000,0
1506454968,22327722,0.18699,55.00000000,0
1506454965,22327715,0.18693,51.03786000,0
1506454965,22327713,0.18693,3.96214000,0
1506454963,22327712,0.18693,55.00000000,0
1506454961,22327711,0.18692,55.00000000,0
1506454959,22327710,0.18640,74.32954000,1
1506454954,22327704,0.18696,55.00000000,0
1506454952,22327701,0.18694,55.00000000,0
1506454950,22327698,0.18640,121.72520000,1
1506454949,22327697,0.18692,55.00000000,0
1506454948,22327696,0.18694,55.00000000,1
1506454946,22327695,0.18640,85.30754000,1
1506454944,22327692,0.18694,55.00000000,0
1506454942,22327690,0.18697,55.00000000,0
1506454940,22327688,0.18694,55.00000000,0
1506454938,22327681,0.18696,25.95177705,1
1506454938,22327679,0.18680,10.35722295,0
1506454936,22327676,0.18660,18.69100000,0
1506454935,22327672,0.18660,1134.30900000,1
1506454934,22327669,0.18680,55.00000000,0
1506454933,22327668,0.18680,19.95031705,1
1506454932,22327667,0.18698,55.00000000,0
1506454930,22327662,0.18699,55.00000000,0
1506454929,22327660,0.18680,580.04968295,1
1506454928,22327656,0.18700,55.00000000,0
1506454927,22327649,0.18700,43.78313017,1
1506454924,22327647,0.18700,556.21686983,1
1506454923,22327643,0.18705,3165.26730368,0
1506454923,22327642,0.18704,5206.75683632,0
1506454921,22327639,0.18705,2000.00000000,1
1506454921,22327638,0.18710,2793.24316368,1
1506454920,22327631,0.18710,6692.68772200,1
1506454919,22327629,0.18710,6659.05797900,1
1506454919,22327627,0.18710,2000.00000000,1
1506454918,22327624,0.18710,2048.01113532,1
1506454917,22327622,0.18711,8694.97767600,1
1506454915,22327619,0.18800,2495.83034533,1
1506454915,22327618,0.18800,2344.82585467,1
1506454915,22327617,0.18846,38674.62456844,1
1506454914,22327616,0.18846,10591.15992783,1
1506454914,22327615,0.18647,117.65935000,0
1506454914,22327613,0.18647,117.65935000,0
1506454911,22327602,0.19300,114312.06747618,0
1506454911,22327601,0.19300,602.00000000,0
1506454911,22327600,0.19300,600.00000000,0
1506454910,22327599,0.19290,80.32790000,0
1506454910,22327598,0.19280,600.00000000,0
1506454910,22327597,0.19273,38.00000000,0
1506454910,22327596,0.19260,600.00000000,0
1506454910,22327594,0.19260,534.30900000,0
1506454910,22327593,0.19250,1000.00000000,0
1506454910,22327592,0.19240,600.00000000,0
1506454910,22327591,0.19220,35.00000000,0
1506454909,22327590,0.19220,600.00000000,0
1506454909,22327589,0.19210,35.00000000,0
1506454909,22327588,0.19200,10000.00000000,0
1506454909,22327587,0.19200,170.00000000,0
1506454909,22327586,0.19200,345900.00000000,0
1506454909,22327585,0.19200,75926.12244075,0
1506454909,22327584,0.19200,5075.97490000,0
1506454909,22327583,0.19200,50000.00000000,0
1506454908,22327582,0.19200,250.00000000,0
1506454908,22327581,0.19200,600.00000000,0
1506454908,22327579,0.19199,10000.00000000,0
1506454908,22327577,0.19199,10000.00000000,0
1506454908,22327575,0.19191,81.98722000,0
1506454908,22327573,0.19191,55.54921485,0
1506454908,22327571,0.19180,8295.00000000,0
1506454907,22327570,0.19180,600.00000000,0
1506454907,22327568,0.19160,491.88914875,0
1506454907,22327567,0.19160,108.11085125,0
1506454907,22327566,0.19150,5000.00000000,0
1506454907,22327565,0.19140,600.00000000,0
1506454907,22327563,0.19132,8000.00000000,0
1506454907,22327561,0.19120,35.00000000,0
1506454907,22327560,0.19120,600.00000000,0
1506454906,22327559,0.19110,35.00000000,0
1506454906,22327557,0.19110,35.00000000,0
1506454906,22327555,0.19100,500.00000000,0
1506454906,22327554,0.19100,150.00000000,0
1506454906,22327553,0.19100,1000.00000000,0
1506454906,22327552,0.19100,441.58823500,0
1506454906,22327551,0.19100,58.41176500,0
1506454906,22327550,0.19100,1000.00000000,0
1506454905,22327549,0.19100,600.00000000,0
1506454905,22327548,0.19093,64286.00000000,0
1506454905,22327547,0.19080,600.00000000,0
1506454905,22327545,0.19078,10000.00000000,0
1506454905,22327543,0.19060,600.00000000,0
1506454905,22327541,0.19050,90.36845000,0
1506454905,22327540,0.19040,600.00000000,0
1506454905,22327538,0.19040,473.49908009,0
1506454905,22327537,0.19020,1000.00000000,0
1506454904,22327536,0.19020,35.00000000,0
1506454904,22327535,0.19020,600.00000000,0
1506454904,22327534,0.19019,83.19841000,0
1506454904,22327533,0.19010,40.00000000,0
1506454904,22327531,0.19010,35.00000000,0
1506454904,22327530,0.19000,500.00000000,0
1506454904,22327529,0.19000,29800.41837735,0
1506454904,22327528,0.19000,50.00000000,0
1506454903,22327527,0.19000,500.00000000,0
1506454903,22327526,0.19000,10000.00000000,0
1506454903,22327525,0.19000,500.00000000,0
1506454903,22327524,0.19000,10000.00000000,0
1506454903,22327523,0.19000,1000.00000000,0
1506454903,22327522,0.19000,49.15297800,0
1506454903,22327521,0.19000,48.77577600,0
1506454903,22327520,0.19000,48.40425800,0
1506454902,22327519,0.19000,48.03842400,0
1506454902,22327518,0.19000,100.00000000,0
1506454902,22327517,0.19000,1500.00000000,0
1506454902,22327516,0.19000,151.09248007,0
1506454902,22327515,0.19000,13000.00000000,0
1506454902,22327514,0.19000,10000.00000000,0
1506454902,22327513,0.19000,600.00000000,0
1506454901,22327512,0.18995,2000.00000000,0
1506454901,22327511,0.18993,2000.00000000,0
1506454901,22327510,0.18980,600.00000000,0
1506454901,22327509,0.18962,11804.43389000,0
1506454901,22327508,0.18960,600.00000000,0
1506454901,22327507,0.18957,30072.55830000,0
1506454901,22327506,0.18956,1705.18800000,0
1506454901,22327505,0.18950,25000.00000000,0
1506454900,22327503,0.18948,46310.21516921,0
1506454900,22327502,0.18940,30.00000000,0
1506454900,22327501,0.18940,600.00000000,0
1506454900,22327500,0.18934,817.73158000,0
1506454900,22327499,0.18929,570.49491000,0
1506454900,22327498,0.18924,778.50502000,0
1506454900,22327497,0.18920,600.00000000,0
1506454899,22327496,0.18920,35.00000000,0
1506454899,22327495,0.18919,799.29106000,0
1506454899,22327494,0.18914,942.04010000,0
1506454899,22327493,0.18910,35.00000000,0
1506454899,22327492,0.18910,35.00000000,0
1506454899,22327491,0.18909,665.78337000,0
1506454899,22327490,0.18904,988.45276000,0
1506454899,22327489,0.18900,20706.00000000,0
1506454898,22327488,0.18900,25000.00000000,0
1506454898,22327487,0.18900,1000.00000000,0
1506454898,22327486,0.18900,600.00000000,0
1506454898,22327485,0.18899,789.56165000,0
1506454898,22327484,0.18894,580.96797000,0
1506454898,22327483,0.18889,950.92378000,0
1506454898,22327482,0.18884,623.12834000,0
1506454898,22327481,0.18880,3500.00000000,0
1506454898,22327480,0.18880,600.00000000,0
1506454897,22327479,0.18879,965.82719000,0
1506454897,22327478,0.18877,2298.62242199,0
1506454897,22327477,0.18874,615.71030000,0
1506454897,22327476,0.18869,643.99264000,0
1506454897,22327475,0.18864,572.17302000,0
1506454897,22327474,0.18860,600.00000000,0
1506454897,22327473,0.18859,831.97082000,0
1506454897,22327471,0.18854,833.49336000,0
1506454896,22327470,0.18849,838.93566000,0
1506454896,22327469,0.18844,983.77099000,0
1506454896,22327468,0.18844,1131.33193833,0
1506454896,22327467,0.18840,600.00000000,0
1506454896,22327466,0.18839,981.35815000,0
1506454896,22327465,0.18834,994.70621000,0
1506454896,22327464,0.18829,782.28125000,0
1506454896,22327463,0.18824,630.30332000,0
1506454896,22327461,0.18820,35.00000000,0
1506454895,22327460,0.18820,600.00000000,0
1506454895,22327459,0.18819,954.50376000,0
1506454895,22327458,0.18814,803.42155000,0
1506454895,22327457,0.18810,12.53520009,0
1506454895,22327456,0.18810,22.46479991,0
1506454895,22327455,0.18810,35.00000000,0
1506454895,22327454,0.18809,598.43536000,0
1506454895,22327453,0.18804,925.80651000,0
1506454895,22327452,0.18800,16288.84250000,0
1506454894,22327451,0.18800,2000.00000000,0
1506454894,22327450,0.18800,400.00000000,0
1506454894,22327448,0.18800,1000.00000000,0
1506454894,22327446,0.18800,600.00000000,0
1506454894,22327445,0.18800,58.99109800,0
1506454894,22327444,0.18800,311.66741721,0
1506454894,22327443,0.18799,932.69478000,0
1506454894,22327442,0.18794,875.64415000,0
1506454894,22327440,0.18789,864.42086000,0
1506454893,22327439,0.18784,632.48611000,0
1506454893,22327438,0.18780,600.00000000,0
1506454893,22327437,0.18779,548.53288000,0
1506454893,22327436,0.18774,914.63910000,0
1506454893,22327435,0.18769,757.02848000,0
1506454893,22327434,0.18764,611.85045000,0
1506454893,22327433,0.18760,600.00000000,0
1506454892,22327432,0.18759,775.87832000,0
1506454892,22327431,0.18755,992.59337837,0
1506454892,22327429,0.18754,624.91700000,0
1506454892,22327428,0.18753,82.61937000,0
1506454892,22327427,0.18752,152385.28446000,0
1506454892,22327426,0.18750,5000.00000000,0
1506454892,22327425,0.18750,385.00000000,0
1506454892,22327424,0.18749,562.20465000,0
1506454892,22327423,0.18747,500.00000000,0
1506454891,22327422,0.18745,92.68684000,0
1506454891,22327421,0.18744,603.86348000,0
1506454891,22327420,0.18740,600.00000000,0
1506454891,22327419,0.18739,787.79866000,0
1506454891,22327418,0.18739,73.97501000,0
1506454891,22327417,0.18734,604.95614000,0
1506454891,22327415,0.18729,717.64262000,0
1506454891,22327414,0.18724,543.29968000,0
1506454891,22327413,0.18720,600.00000000,0
1506454890,22327412,0.18719,555.73540000,0
1506454890,22327411,0.18714,723.94113000,0
1506454890,22327410,0.18710,35.00000000,0
1506454890,22327409,0.18709,768.72119000,0
1506454890,22327408,0.18708,8313.73900000,0
1506454890,22327407,0.18704,666.99734000,0
1506454890,22327406,0.18700,300.00000000,0
1506454890,22327405,0.18700,600.00000000,0
1506454890,22327404,0.18700,3766.40000000,0
1506454889,22327403,0.18700,5000.00000000,0
1506454889,22327402,0.18699,774.06708000,0
1506454889,22327401,0.18694,740.96441000,0
1506454889,22327400,0.18692,1687.55000000,0
1506454889,22327399,0.18689,696.87984000,0
1506454889,22327398,0.18684,940.79339000,0
1506454889,22327397,0.18684,1000.00000000,0
1506454889,22327396,0.18680,600.00000000,0
1506454888,22327395,0.18650,14120.61409704,0
1506454888,22327394,0.18650,274.35105006,0
1506454888,22327392,0.18650,553.00000000,0
1506454888,22327391,0.18649,47135.97448700,0
1506454888,22327390,0.18648,5598.54741750,0
1506454887,22327389,0.18648,55.00000000,0
1506454884,22327388,0.18648,55.00000000,0
1506454882,22327387,0.18648,55.00000000,0
1506454873,22327377,0.18648,55.00000000,0
1506454804,22327223,0.18648,64.25764900,0
1506454802,22327210,0.18648,14117.19493350,0
1506454802,22327209,0.18641,200.00000000,0
1506454801,22327208,0.18630,5990.80506650,0
1506454779,22327164,0.18630,18858.00000000,0
1506454742,22327119,0.18630,20258.00000000,0
1506454731,22327099,0.18630,10599.95760016,0
1506454725,22327081,0.18630,468.00000000,0
1506454725,22327080,0.18628,20000.00000000,0
1506454702,22327005,0.18629,20308.68985000,0
1506454702,22327004,0.18628,145.25846000,0
1506454702,22327003,0.18623,29.05169000,0
1506454687,22326966,0.18624,20520.00000000,0
1506454676,22326959,0.18626,16378.00000000,0
1506454675,22326957,0.18626,1223.77104311,0
1506454657,22326933,0.18629,18241.80228000,0
1506454657,22326931,0.18628,35.86629000,0
1506454657,22326930,0.18628,179.33143000,0
1506454651,22326915,0.18629,19168.56376000,0
1506454650,22326914,0.18619,262.43624000,0
1506454641,22326892,0.18629,1828.11934138,0
1506454641,22326891,0.18626,262.43624000,0
1506454641,22326890,0.18624,707.29676762,0
1506454641,22326889,0.18620,17566.14765100,0
1506454638,22326880,0.18620,1181.84410628,1
1506454637,22326878,0.18620,4130.17032900,1
1506454637,22326877,0.18620,1661.55202500,1
1506454637,22326876,0.18620,4033.24400000,1
1506454637,22326875,0.18620,2743.94043243,1
1506454636,22326873,0.18620,4405.08863700,1
1506454635,22326864,0.18620,2385.16047029,1
1506454627,22326844,0.18629,2503.15829125,0
1506454627,22326842,0.18627,18246.84170875,0
1506454617,22326830,0.18627,11753.15829125,0
1506454617,22326829,0.18583,6740.27000000,0
1506454617,22326827,0.18580,64.79907000,0
1506454616,22326826,0.18579,323.99536000,0
1506454616,22326825,0.18500,2858.77727875,0
1506454597,22326816,0.18500,23290.00000000,0
1506454597,22326815,0.18498,60.00000000,0
1506454584,22326806,0.18499,134.80539489,0
1506454575,22326800,0.18500,20132.69559000,0
1506454575,22326799,0.18499,410.30441000,0
1506454575,22326798,0.18498,60.00000000,0
1506454549,22326777,0.18500,20785.00000000,0
1506454549,22326775,0.18499,60.00000000,0
1506454544,22326762,0.18500,4691.50961000,0
1506454543,22326761,0.18499,487.49039000,0
1506454543,22326755,0.18426,0.00008413,0
1506454453,22326660,0.18426,8014.72660000,0
1506454446,22326656,0.18426,2500.99999699,1
1506454259,22326455,0.18426,0.00000301,0
1506454258,22326452,0.18426,9002.95663000,0
1506454243,22326406,0.18426,415.96808857,0
1506454242,22326402,0.18426,2539.09740000,0
1506454241,22326392,0.18426,717.00000000,0
1506454240,22326390,0.18426,414.84372911,0
1506454236,22326359,0.18426,414.23981000,0
1506454234,22326352,0.18426,414.84372911,0
1506454234,22326348,0.18426,4621.08590771,0
1506454231,22326328,0.18426,1276.40678738,0
1506454197,22326036,0.18478,766.36305900,1
1506454196,22326030,0.18478,509.77630000,1
1506454194,22326011,0.18474,1343.12370000,0
1506454030,22325707,0.18448,2734.90700000,0
1506454018,22325665,0.18448,267.61400629,1
1506454018,22325664,0.18450,16237.40802168,1
1506454017,22325662,0.18499,568.39829255,1
1506453899,22325144,0.18500,494.29277602,0
1506453800,22324782,0.18500,2799.01443243,0
1506453757,22324446,0.18499,30.65393000,1
1506453744,22324404,0.18499,36.42051000,1
1506453742,22324397,0.18500,15000.00000000,0
1506453738,22324382,0.18499,59.52095800,1
1506453731,22324364,0.18499,43.27189000,1
1506453704,22324335,0.18499,51.41215000,1
1506453691,22324313,0.18499,61.08374000,1
1506453689,22324308,0.18500,1269.15000000,0
1506453685,22324291,0.18500,1733.37994900,0
1506453685,22324289,0.18500,422.31300000,0
1506453680,22324272,0.18500,8503.29900000,0
1506453678,22324268,0.18499,72.57474000,1
1506453674,22324245,0.18500,1270.74000000,0
1506453673,22324240,0.18500,2629.15000000,0
1506453672,22324239,0.18500,2629.15000000,0
1506453665,22324220,0.18499,86.22742000,1
1506453663,22324216,0.18500,2588.13000000,0
1506453662,22324214,0.18500,7838.37397800,0
1506453652,22324208,0.18499,102.44841000,1
1506453651,22324206,0.18500,268.89009400,0
1506453651,22324205,0.18500,3843.50957300,0
1506453650,22324204,0.18500,492.30718400,0
1506453639,22324200,0.18499,121.72089000,1
1506453638,22324198,0.18500,5271.98000000,0
1506453636,22324189,0.18500,5271.98000000,0
1506453634,22324181,0.18500,1753.28000000,0
1506453629,22324145,0.18500,3855.18000000,0
1506453572,22323919,0.18500,12738.85670200,0
1506453477,22323816,0.18500,3325.03930400,0
1506453459,22323810,0.18500,171.50486000,0
1506453384,22323706,0.18500,856.29560200,0
1506453353,22323665,0.18500,1417.60000000,0
1506453350,22323661,0.18500,5254.18000000,0
1506453103,22323252,0.18500,101.23654054,0
1506453054,22323215,0.18500,5359.51782100,0
1506453033,22323187,0.18452,200.12906611,1
1506453019,22323181,0.18500,454.64996700,0
1506453019,22323180,0.18499,178.12813000,0
1506453017,22323176,0.18500,357.84151000,0
1506453017,22323175,0.18499,178.12813000,0
1506453003,22323158,0.18500,64.70918900,0
1506453000,22323154,0.18500,298.73383783,0
1506452998,22323149,0.18500,322.33331033,0
1506452997,22323148,0.18499,211.63738000,0
1506452968,22323136,0.18499,131.18006265,0
1506452940,22323122,0.18500,449.50863059,0
1506452939,22323121,0.18499,340.10862000,1
1506452938,22323120,0.18499,340.10862000,0
1506452865,22323100,0.18499,404.08945000,0
1506452801,22323057,0.18500,1142.99839500,0
1506452799,22323047,0.18500,35375.66778200,0
1506452797,22323037,0.18500,38400.35960800,0
1506452796,22323036,0.18500,555.67678300,0
1506452796,22323035,0.18499,480.10628000,0
1506452770,22322843,0.18500,213.53209466,0
1506452769,22322836,0.18500,711.29672700,0
1506452769,22322834,0.18500,39019.51371935,0
1506452768,22322832,0.18499,392.10599665,0
1506452767,22322828,0.18499,178.31730335,1
1506452765,22322821,0.18500,8461.01199300,0
1506452762,22322810,0.18500,6759.32741200,0
1506452762,22322807,0.18500,5351.13458400,0
1506452760,22322802,0.18500,4003.21202205,0
1506452760,22322800,0.18499,466.96254095,0
1506452759,22322793,0.18499,210.76811905,0
1506452751,22322756,0.18500,175.63815918,0
1506452745,22322727,0.18500,226.75629572,0
1506452742,22322713,0.18500,2132.16357021,0
1506452741,22322711,0.18499,627.16477079,0
1506452741,22322709,0.18499,178.05976921,1
1506452741,22322705,0.18500,2034.85021000,0
1506452737,22322694,0.18500,29381.90400900,0
1506452737,22322692,0.18499,956.70242000,0
1506452662,22322333,0.18451,59.69970000,1
1506452575,22322040,0.18450,18435.51575905,0
1506452438,22321633,0.18450,345.77047678,0
1506452407,22321560,0.18450,64.96000000,0
1506452327,22321521,0.18389,200.00000000,1
1506452284,22321498,0.18450,992.19289985,0
1506452075,22321344,0.18450,989.48937682,0
1506452040,22321326,0.18450,1102.60000000,0
1506451979,22321294,0.18450,96.17791978,0
1506451626,22320984,0.18400,470.00000000,0
1506451606,22320980,0.18400,501.00000000,0
1506451585,22320958,0.18400,2029.00000000,0
1506451469,22320904,0.18450,121.00000000,0
1506451333,22320841,0.18450,9100.00000000,0
1506451301,22320819,0.18450,39.79208672,0
1506451300,22320818,0.18401,2035.00000000,1
1506451282,22320791,0.18450,122.00000000,0
1506451261,22320777,0.18450,84.00000000,0
1506451251,22320768,0.18450,5648.00000000,0
1506451231,22320751,0.18450,4864.00000000,0
1506451204,22320739,0.18450,16.88455300,0
1506451203,22320738,0.18425,48.00000000,0
1506451190,22320727,0.18450,7977.61692800,0
1506451190,22320726,0.18449,592.07219000,0
1506451190,22320725,0.18448,1541.31088200,0
1506451178,22320716,0.18449,2542.63291000,0
1506451173,22320710,0.18449,918.70842600,0
1506451173,22320708,0.18449,703.45211000,0
1506451065,22320635,0.18450,1861.00000000,0
1506451009,22320606,0.18450,139.00000000,1
1506450997,22320604,0.18498,703.00000000,0
1506450946,22320553,0.18498,703.00000000,0
1506450928,22320526,0.18499,835.00000000,0
1506450908,22320507,0.18499,656.00000000,0
1506450893,22320492,0.18499,335.98507405,1
1506450880,22320480,0.18499,215.60430000,1
1506450875,22320476,0.18499,256.16352000,0
1506450814,22320442,0.18499,304.35270000,1
1506450800,22320437,0.18499,361.60717000,1
1506450792,22320436,0.18499,429.63228000,0
1506450597,22320371,0.18500,509.00000000,0
1506450591,22320370,0.18500,1141.54580000,0
1506450591,22320369,0.18499,510.45420000,0
1506450523,22320358,0.18500,1521.00000000,0
1506450461,22320336,0.18500,1101.94919000,0
1506450461,22320335,0.18499,68.00000000,0
1506450461,22320334,0.18499,471.05081000,0
1506450457,22320332,0.18499,135.42942000,1
1506450444,22320331,0.18499,720.57058000,1
1506450433,22320326,0.18500,259.87655000,0
1506450433,22320325,0.18499,856.12345000,0
1506450425,22320324,0.18500,158.82362000,0
1506450425,22320323,0.18499,1017.17638000,0
1506450396,22320314,0.18500,3028.60882000,0
1506450396,22320313,0.18499,216.39118000,0
1506450331,22320295,0.18500,3406.90157000,0
1506450331,22320294,0.18499,257.09843000,0
1506450139,22320175,0.18427,59.69970000,1
1506450020,22320107,0.18499,305.00000000,0
1506450020,22320106,0.18457,48.00000000,0
1506449975,22320068,0.18499,362.00000000,0
1506449955,22320058,0.18499,430.00000000,0
1506449932,22320027,0.18500,18992.05554000,0
1506449932,22320026,0.18499,397.94446000,0
1506449929,22320025,0.18499,113.88536000,1
1506449918,22320023,0.18499,608.11464000,0
1506449913,22320020,0.18500,39459.35080052,0
1506449913,22320019,0.18499,722.51245000,0
1506449897,22320015,0.18499,436.93957700,0
1506449897,22320014,0.18499,60.06042300,0
1506449638,22319691,0.18499,437.00000000,0
1506449403,22319336,0.18499,64.71268700,0
1506449378,22319314,0.18499,437.00000000,0
1506449332,22319266,0.18500,3853.99000000,0
1506449332,22319265,0.18499,1117.21670000,0
1506449116,22319111,0.18499,1317.00000000,0
1506449098,22319103,0.18499,1565.00000000,0
1506449080,22319089,0.18499,1859.00000000,0
1506449080,22319088,0.18497,60.00000000,0
1506449057,22319081,0.18399,60.06042300,1
1506449045,22319077,0.18400,47.02097592,0
1506449045,22319076,0.18400,671.97902408,0
1506449027,22319069,0.18400,491.88119187,1
1506448995,22319054,0.18400,47.11880813,1
1506448800,22318936,0.18401,56.27331000,1
1506448669,22318809,0.18499,1121.00000000,0
1506448595,22318725,0.18500,4014.29470000,0
1506448595,22318724,0.18499,2000.00000000,0
1506448595,22318723,0.18497,1200.00000000,0
1506448595,22318722,0.18496,3493.67296000,0
1506448595,22318721,0.18494,60.00000000,0
1506448595,22318720,0.18492,5733.03234000,0
1506448426,22318657,0.18489,137.57504000,1
1506448391,22318619,0.18485,270.00000000,0
1506447681,22317878,0.18413,684.77300000,0
1506447681,22317877,0.18413,6545.22700000,0
1506447680,22317874,0.18425,270.00000000,1
1506447680,22317873,0.18428,2500.00000000,1
1506447603,22317788,0.18468,64.72668300,0
1506447402,22317263,0.18495,493.00000000,0
1506447379,22317242,0.18492,4473.00000000,0
1506447313,22317207,0.18495,1792.00000000,0
1506446978,22316960,0.18487,60.00000000,0
1506446718,22316616,0.18488,226.37911077,0
1506446717,22316615,0.18488,270.00000000,0
1506446635,22316577,0.18492,445.54104477,0
1506446633,22316576,0.18455,121.00000000,0
1506446538,22316534,0.18421,59.87951800,1
1506446075,22316320,0.18462,163.00000000,0
1506445993,22316280,0.18462,539.00000000,1
1506445818,22316174,0.18445,539.00000000,0
1506445804,22316165,0.18441,64.91269900,0
1506445796,22316159,0.18443,539.00000000,0
1506445776,22316129,0.18446,539.00000000,0
1506445753,22316109,0.18440,539.00000000,0
1506445716,22316077,0.18400,2000.00000000,1
1506445710,22316076,0.18446,539.00000000,0
1506445689,22316053,0.18446,539.00000000,0
1506445526,22315821,0.18396,104.34078848,0
1506445526,22315820,0.18396,2095.65921152,0
1506445509,22315807,0.18395,466.84186000,1
1506445492,22315790,0.18400,2000.00000000,1
1506445457,22315742,0.18403,60.06042300,1
1506445150,22315452,0.18500,1162.44372972,0
1506445150,22315451,0.18498,4219.24662000,0
1506445148,22315450,0.18466,270.00000000,0
1506444981,22315286,0.18467,539.00000000,0
1506444834,22315044,0.18467,539.00000000,0
1506444809,22315020,0.18475,2659.05277401,0
1506444802,22315005,0.18370,268.65000000,1
1506444714,22314926,0.18420,500.00000000,0
1506444584,22314865,0.18360,9974.33645600,1
1506444584,22314864,0.18361,9626.47915000,1
1506444584,22314863,0.18371,4116.34431000,1
1506444469,22314709,0.18426,923.00000000,0
1506444438,22314702,0.18367,2220.54342100,0
1506444438,22314699,0.18367,270.00000000,1
1506444316,22314503,0.18363,1449.15158700,1
1506444314,22314502,0.18390,1201.84841300,1
1506444306,22314493,0.18390,201.15158700,1
1506444254,22314408,0.18390,117.00000000,1
1506444060,22314000,0.18391,1346.17877700,0
1506444033,22313971,0.18399,288.61001000,1
1506444004,22313956,0.18450,64.88455300,0
1506444001,22313954,0.18399,922.99999000,1
1506443891,22313841,0.18399,3788.39000000,1
1506443891,22313840,0.18405,270.00000000,1
1506443890,22313837,0.18406,1056.02408269,0
1506443888,22313834,0.18406,5247.18000000,1
1506443728,22313563,0.18499,3181.60824909,0
1506443728,22313562,0.18498,2282.94745000,0
1506443728,22313561,0.18450,2000.00000000,0
1506443727,22313559,0.18449,3334.31149300,0
1506443657,22313492,0.18455,1966.00000000,0
1506443654,22313483,0.18413,1026.74799300,1
1506443636,22313460,0.18461,3037.00000000,0
1506443629,22313425,0.18413,773.25200700,1
1506443397,22313057,0.18499,482.30840856,0
1506443265,22312855,0.18499,1213.24882426,0
1506443127,22312731,0.18500,12448.92972972,0
1506443125,22312729,0.18499,1762.08103000,0
1506443076,22312688,0.18499,1714.35045137,0
1506443074,22312687,0.18498,270.00000000,0
1506443000,22312634,0.18490,0.00000016,1
1506442998,22312633,0.18490,1564.94613800,1
1506442995,22312630,0.18490,117.00000000,1
1506442986,22312614,0.18490,231.42018900,1
1506442958,22312568,0.18490,1000.00000000,1
1506442937,22312546,0.18490,59.69970000,1
1506442813,22312483,0.18490,2207.66700000,1
1506442767,22312454,0.18490,821.41300000,1
1506442694,22312398,0.18500,988.59458391,0
1506442558,22312258,0.18500,200.47182000,0
1506442497,22312180,0.18490,427.68500000,1
1506442461,22312149,0.18500,957.72378100,0
1506442309,22312071,0.18500,201.30583783,0
1506442286,22312015,0.18500,4297.51022000,0
1506442278,22312006,0.18500,1470.00000000,0
1506442273,22311984,0.18500,4767.61619190,0
1506442270,22311972,0.18500,3279.00000000,0
1506442204,22311905,0.18500,64.70918900,0
1506442074,22311785,0.18431,1730.00000000,1
1506442074,22311783,0.18431,270.00000000,1
1506442022,22311744,0.18499,121.34475000,1
1506442016,22311741,0.18499,144.17198000,0
1506442016,22311740,0.18497,60.00000000,0
1506442002,22311726,0.18499,220.93065230,0
1506442002,22311725,0.18498,270.00000000,0
1506441858,22311603,0.18418,59.52095800,1
1506441838,22311580,0.18500,2643.08983135,0
1506441838,22311579,0.18500,262.78352000,1
1506441836,22311577,0.18498,270.00000000,0
1506441770,22311447,0.18500,535.09554000,0
1506441770,22311446,0.18499,456.90446000,0
1506441692,22311332,0.18414,582.71720000,1
1506441692,22311331,0.18440,270.00000000,0
1506441690,22311330,0.18440,462.64280000,1
1506441677,22311307,0.18457,923.00000000,0
1506441601,22311136,0.18440,37.35720000,1
1506441600,22311135,0.18441,270.00000000,1
1506441587,22311117,0.18500,39624.76940541,0
1506441526,22311005,0.18500,986.81508121,0
1506441507,22310965,0.18500,100.00000000,0
1506441376,22310765,0.18500,168.00000000,0
1506441294,22310702,0.18500,1365.00000000,0
1506441288,22310698,0.18500,2482.37536477,0
1506441288,22310697,0.18499,7393.62463523,0
1506441282,22310694,0.18499,5581.00000000,0
1506441272,22310686,0.18499,1352.00000000,0
1506441271,22310685,0.18499,982.01497391,0
1506441263,22310680,0.18499,1362.00000000,0
1506441257,22310678,0.18499,11371.00000000,0
1506441247,22310665,0.18499,2739.00000000,0
1506441240,22310662,0.18499,1372.00000000,0
1506441235,22310655,0.18499,1366.00000000,0
1506441226,22310647,0.18499,2639.00000000,0
1506441203,22310620,0.18499,1344.00000000,0
1506441174,22310570,0.18499,452.00000000,0
1506441145,22310551,0.18499,10785.50997351,0
1506441139,22310549,0.18499,452.00000000,0
1506441131,22310539,0.18499,311.00000000,0
1506441126,22310536,0.18499,352.00000000,0
1506441111,22310533,0.18499,479.00000000,0
1506441098,22310527,0.18498,139.58150000,1
1506441088,22310523,0.18499,452.00000000,0
1506441085,22310520,0.18498,165.83940000,1
1506441082,22310515,0.18498,197.03691000,0
1506441037,22310480,0.18499,917.89674000,0
1506441037,22310479,0.18498,234.10326000,0
1506441019,22310449,0.18498,65.52174000,1
1506441017,22310447,0.18499,1595.65689000,0
1506441008,22310436,0.18498,350.47826000,0
1506441004,22310422,0.18498,319.00000000,0
1506440966,22310382,0.18499,135.00000000,0
1506440962,22310335,0.18498,312.00000000,0
1506440930,22310276,0.18499,1023.75884047,0
1506440928,22310275,0.18498,553.43741000,0
1506440924,22310273,0.18498,312.00000000,0
1506440916,22310271,0.18498,155.00000000,0
1506440914,22310270,0.18498,97.29593000,1
1506440905,22310264,0.18499,2098.00000000,0
1506440902,22310262,0.18498,763.70407000,0
1506440897,22310260,0.18499,480.62883000,0
1506440897,22310258,0.18498,907.37117000,0
1506440883,22310247,0.18497,60.00000000,1
1506440880,22310244,0.18497,60.00000000,0
1506440847,22310160,0.18499,1403.00000000,0
1506440840,22310129,0.18498,1078.00000000,0
1506440822,22310079,0.18498,1280.00000000,0
1506440803,22310043,0.18498,452.00000000,0
1506440781,22310006,0.18499,2843.00000000,0
1506440776,22309998,0.18499,77781.86231688,0
1506440772,22309978,0.18499,950.56890000,0
1506440772,22309976,0.18498,1531.43110000,0
1506440772,22309975,0.18497,100.00000000,0
1506440759,22309969,0.18499,9985.47790000,0
1506440759,22309968,0.18498,0.52210000,0
1506440757,22309963,0.18498,1819.00000000,0
1506440720,22309937,0.18430,170.00000000,1
1506440567,22309742,0.18499,475.00000000,0
1506440517,22309722,0.18577,186.86122625,0
1506440484,22309685,0.18553,475.00000000,0
1506440415,22309613,0.18565,30.65746291,0
1506440415,22309612,0.18565,2132.88391000,0
1506440414,22309611,0.18520,525.00000000,0
1506440404,22309605,0.18473,64.64279900,0
1506440384,22309553,0.18518,475.00000000,0
1506440339,22309526,0.18518,270.00000000,0
1506440290,22309481,0.18511,475.00000000,0
1506440263,22309460,0.18454,3915.85542000,1
1506440263,22309459,0.18454,270.00000000,1
1506440243,22309450,0.18520,475.00000000,0
1506440007,22309305,0.18514,26.93923517,0
1506439987,22309291,0.18517,842.64405000,0
1506439678,22309098,0.18565,904.62767688,0
1506439678,22309097,0.18550,1704.56002712,0
1506439678,22309096,0.18548,2277.43644000,0
1506439678,22309095,0.18547,3579.37585600,0
1506439673,22309093,0.18549,1920.90500000,0
1506439673,22309092,0.18548,8011.09500000,0
1506439664,22309089,0.18550,8393.51336263,0
1506439664,22309088,0.18546,7765.72300000,0
1506439664,22309087,0.18545,7542.69770400,0
1506439664,22309086,0.18538,2705.86507000,0
1506439664,22309085,0.18537,3767.15762000,0
1506439509,22308972,0.18473,1014.00000000,1
1506439509,22308971,0.18473,312.30030000,1
1506439348,22308879,0.18543,1070.00000000,0
1506439337,22308864,0.18473,59.69970000,1
1506439325,22308858,0.18549,2548.30139400,0
1506439324,22308857,0.18530,12500.00000000,0
1506439324,22308856,0.18529,0.69860600,0
1506439320,22308853,0.18529,3832.00000000,0
1506439312,22308848,0.18522,4194.63408900,1
1506439295,22308831,0.18501,372.00000000,0
1506439161,22308761,0.18523,1.08001700,1
1506439159,22308755,0.18523,3960.91998300,1
1506439158,22308754,0.18524,6033.05750500,0
1506439158,22308753,0.18522,3963.94249500,0
1506439051,22308685,0.18550,1211.92661025,0
1506439050,22308684,0.18549,17141.76336000,0
1506439050,22308683,0.18527,4235.01560000,0
1506439050,22308682,0.18507,35.54006592,0
1506439049,22308681,0.18507,107.79769817,0
1506439019,22308658,0.18507,59.28870157,0
1506438940,22308585,0.18507,67.37353434,0
1506438908,22308566,0.18417,38505.26004179,1
1506438907,22308565,0.18418,2500.00000000,1
1506438767,22308406,0.18414,30685.44560799,1
1506438767,22308405,0.18419,5393.80000000,1
1506438767,22308404,0.18420,3553.65709000,1
1506438767,22308403,0.18420,270.00000000,1
1506438720,22308378,0.18414,7350.82803043,1
1506438720,22308377,0.18483,321.00000000,1
1506438720,22308376,0.18484,2928.12956973,1
1506438719,22308375,0.18500,4116.00000000,1
1506438719,22308374,0.18500,7525.14279990,1
1506438718,22308372,0.18500,50000.00000000,1
1506438709,22308367,0.18500,4363.19195000,1
1506438700,22308359,0.18500,6699.31273100,1
1506438697,22308355,0.18500,23676.22411596,1
1506438697,22308354,0.18500,521.70000000,1
1506438697,22308353,0.18500,41806.41063404,1
1506438695,22308350,0.18500,50000.00000000,1
1506438691,22308343,0.18500,50000.00000000,1
1506438687,22308336,0.18500,50000.00000000,1
1506438679,22308329,0.18500,72703.64748100,1
1506438648,22308303,0.18500,699.25400000,1
1506438604,22308270,0.18546,64.54869000,0
1506438570,22308246,0.18500,1148.63599893,1
1506438559,22308234,0.18500,1627.42038400,1
1506438536,22308215,0.18500,16238.97302703,1
1506438533,22308209,0.18500,1613.86980000,1
1506438485,22308180,0.18500,1866.14121800,1
1506438485,22308179,0.18501,1189.20402000,1
1506438479,22308174,0.18501,390.40120020,1
1506438416,22308154,0.18597,7046.87159219,1
1506438415,22308150,0.18538,2265.32750463,1
1506438415,22308146,0.18538,6807.99210000,1
1506438399,22308132,0.18500,2609.42692900,1
1506438399,22308131,0.18500,3455.31523900,1
1506438378,22308106,0.18500,54058.77817200,1
1506438285,22307968,0.18502,270.00000000,1
1506438257,22307912,0.18501,59.69970000,1
1506438197,22307853,0.18501,1068.06936400,1
1506438138,22307806,0.18583,2373.86051767,0
1506438136,22307803,0.18565,270.00000000,0
1506438020,22307660,0.18500,662.95383700,1
1506438016,22307653,0.18553,4579.12941303,1
1506438014,22307649,0.18529,372.00000000,0
1506438000,22307602,0.18501,99.55555000,1
1506437978,22307570,0.18500,3039.47249100,1
1506437975,22307566,0.18500,7249.18902400,1
1506437975,22307565,0.18501,270.00000000,1
1506437904,22307457,0.18538,102.23654116,0
1506437887,22307433,0.18501,679.31797100,1
1506437288,22306745,0.18582,469.70186201,0
1506437191,22306639,0.18600,3493.06651994,1
1506437189,22306634,0.18563,6936.86110700,0
1506437189,22306633,0.18563,270.00000000,0
1506437040,22306465,0.18500,129.67500000,1
1506437026,22306453,0.18500,8897.30527900,1
1506437022,22306449,0.18500,4038.37580600,1
1506436947,22306394,0.18510,8693.85083876,1
1506436891,22306342,0.18510,417.40803800,1
1506436804,22306292,0.18544,64.44444400,0
1506436794,22306284,0.18510,2090.05180400,1
1506436791,22306281,0.18510,2042.65719500,1
1506436791,22306280,0.18511,270.00000000,1
1506436667,22306152,0.18510,19912.37848100,1
1506436558,22306119,0.18510,20670.16752300,1
1506436498,22306100,0.18510,4537.58457600,1
1506436498,22306099,0.18511,1915.04295000,1
1506436468,22306082,0.18510,25425.90946900,1
1506436468,22306081,0.18511,2116.19044000,1
1506436375,22306022,0.18575,1290.00000000,1
1506436327,22306002,0.18600,15644.44255897,0
1506436327,22306001,0.18598,14916.25257300,1
1506436327,22305999,0.18591,5000.00000000,0
1506436326,22305998,0.18582,7458.12628600,1
1506436325,22305997,0.18582,7458.90090200,0
1506436203,22305885,0.18560,438.91626800,0
1506436203,22305884,0.18536,164.00000000,0
1506435963,22305731,0.18510,15121.41301000,1
1506435963,22305730,0.18511,2338.47299000,1
1506435934,22305721,0.18511,731.03125000,1
1506435737,22305586,0.18501,59.52095800,1
1506435353,22305337,0.18500,128155.15568000,1
1506435353,22305336,0.18500,1079.00000000,1
1506435353,22305335,0.18501,2749.84432000,1
1506435311,22305323,0.18502,270.00000000,1
1506435181,22305192,0.18520,962.81371000,1
1506435004,22305106,0.18571,64.45832400,0
1506434842,22305003,0.18501,137.63177952,0
1506434842,22305002,0.18501,2901.05363048,0
1506434829,22304998,0.18501,3357.86486000,1
1506434829,22304997,0.18501,5000.00000000,1
1506434829,22304996,0.18503,8367.94193410,1
1506434659,22304853,0.18503,59.34328400,1
1506434621,22304825,0.18503,5486.25000000,1
1506434513,22304761,0.18503,1625.74906590,1
1506434478,22304741,0.18504,412.19835100,1
1506434419,22304694,0.18503,4460.71571600,1
1506434400,22304671,0.18504,32.57289000,1
1506433965,22303955,0.18564,3293.09698406,0
1506433965,22303953,0.18564,23576.26700000,0
1506433927,22303883,0.18576,5323.00000000,0
1506433895,22303869,0.18504,1410.71102687,1
1506433895,22303868,0.18520,196.09043013,1
1506433839,22303809,0.18525,1445.48006200,1
1506433839,22303808,0.18526,270.00000000,1
1506433821,22303787,0.18525,3002.17951200,1
1506433821,22303786,0.18525,18700.00000000,1
1506433806,22303781,0.18525,1852.34042600,1
1506433806,22303780,0.18526,270.00000000,1
1506433683,22303713,0.18520,3482.13711900,1
1506433649,22303678,0.18581,2847.20000000,1
1506433204,22303212,0.18550,64.42710300,0
1506433146,22303189,0.18520,623.00000000,1
1506433142,22303184,0.18520,1763.47505858,1
1506432994,22303101,0.18520,18830.51588903,1
1506432994,22303099,0.18521,222.08381797,1
1506432993,22303098,0.18525,115.00000000,1
1506432838,22302935,0.18606,1544.77824358,0
1506432723,22302871,0.18603,113.48970596,0
1506432721,22302869,0.18596,270.00000000,0
1506432668,22302839,0.18520,497.57948550,1
1506432666,22302838,0.18521,270.00000000,1
1506432570,22302798,0.18520,4063.95295000,1
1506432570,22302797,0.18521,15666.04705000,1
1506432570,22302796,0.18523,270.00000000,1
1506432531,22302772,0.18589,1120.00000000,0
1506432502,22302754,0.18521,95.05298851,1
1506432499,22302746,0.18521,45.13174181,1
1506432499,22302745,0.18522,270.00000000,1
1506432494,22302739,0.18520,325.83628272,1
1506432490,22302735,0.18520,17.83116239,1
1506432490,22302734,0.18522,270.00000000,1
1506432353,22302629,0.18593,26.82477276,0
1506432264,22302530,0.18517,1097.51376162,1
1506432264,22302528,0.18548,1077.00000000,1
1506432264,22302527,0.18548,3080.70786000,1
1506432264,22302525,0.18549,270.00000000,1
1506432218,22302480,0.18589,1051.33136000,0
1506432218,22302479,0.18569,48.66864000,0
1506432138,22302386,0.18548,59.73552000,1
1506432006,22302288,0.18575,48.33135935,0
1506431907,22302158,0.18548,4152.33607900,1
1506431906,22302155,0.18555,7211.27214023,1
1506431906,22302154,0.18555,4217.44338000,1
1506431788,22302068,0.18555,1269.75000000,1
1506431784,22302061,0.18555,289.78167200,1
1506431765,22302038,0.18601,160.87941509,0
1506431678,22301862,0.18555,1598.31092900,1
1506431613,22301795,0.18555,281.10581900,1
1506431450,22301738,0.18609,500.00000000,0
1506431404,22301705,0.18623,64.27489900,0
1506431265,22301585,0.18555,2635.91330147,1
1506431205,22301554,0.18555,4995.84100000,1
1506431078,22301475,0.18555,820.00000000,1
1506431058,22301456,0.18555,59.16666700,1
1506430898,22301316,0.18669,4733.94842174,0
1506430898,22301315,0.18667,1359.15646000,0
1506430898,22301314,0.18666,271.83129000,0
1506430898,22301313,0.18626,321.00000000,0
1506430898,22301312,0.18620,3817.02142842,0
1506430898,22301311,0.18589,97.00000000,0
1506430809,22301237,0.18620,305.97857158,0
1506430809,22301236,0.18610,35.00000000,0
1506430809,22301235,0.18606,101.68298000,0
1506430808,22301233,0.18571,131.80322605,0
1506430800,22301229,0.18556,296.47914000,1
1506430646,22301181,0.18555,5807.06825654,0
1506430505,22301150,0.18555,6157.00000000,0
1506430201,22300982,0.18554,413.00000000,0
1506430042,22300832,0.18555,189.02866300,0
1506430042,22300831,0.18554,1759.08236000,0
1506429948,22300765,0.18555,3004.94000000,0
1506429948,22300764,0.18554,1990.90101000,0
1506429848,22300609,0.18548,1961.16022100,1
1506429835,22300527,0.18555,531.29813427,0
1506429833,22300497,0.18555,2134.67704304,0
1506429827,22300413,0.18548,6594.27396100,1
1506429604,22300140,0.18551,64.52085800,0
1506429586,22300093,0.18555,5544.47620587,0
1506429585,22300091,0.18554,369.08099300,0
1506429582,22300086,0.18554,202.19827000,0
1506429577,22300083,0.18554,899.01042700,0
1506429455,22300027,0.18548,1034.11850600,1
1506429414,22300007,0.18548,1378.68175700,1
1506429340,22299961,0.18548,1197.56581200,1
1506428674,22299326,0.18555,440.00000000,0
1506428539,22299195,0.18548,59.34328400,1
1506428537,22299194,0.18548,5028.07700000,1
1506428463,22299139,0.18555,585.97774185,0
1506428416,22299092,0.18548,93.00000000,1
1506428412,22299090,0.18517,361.00000000,0
1506427948,22298758,0.18554,6865.05479500,1
1506427947,22298754,0.18553,8562.97220500,0
1506427947,22298753,0.18552,9571.97300000,0
1506427866,22298635,0.18554,2063.57168707,1
1506427834,22298591,0.18554,1094.06551000,1
1506427832,22298587,0.18554,305.46974000,1
1506427819,22298567,0.18554,362.93435000,1
1506427806,22298556,0.18554,431.20912000,1
1506427803,22298551,0.18555,64.51738100,0
1506427802,22298543,0.18554,2496.78800800,1
1506427793,22298527,0.18554,512.32767000,1
1506427789,22298522,0.18555,2956.76863379,0
1506427780,22298506,0.18554,608.70614000,1
1506427766,22298486,0.18554,723.21522000,1
1506427753,22298470,0.18554,859.26561000,1
1506427740,22298445,0.18554,1020.90964000,1
1506427727,22298433,0.18554,1212.96194000,1
1506427689,22298406,0.18554,800.00000000,0
1506427676,22298395,0.18555,2498.36205000,0
1506427676,22298394,0.18554,1591.63795000,0
