date,tid,price,amount,type
1505606408,21611567,3140.57,0.00149066,0
1505606407,21611564,3140.57,0.05000000,0
1505606387,21611535,3156.22,0.01422203,0
1505606305,21611487,3157.55,0.20000156,0
1505606305,21611486,3157.55,0.01760000,0
1505606111,21611413,3157.36,0.14889465,0
1505606062,21611407,3140.07,0.41553000,1
1505606052,21611401,3157.39,0.27025000,1
1505606051,21611400,3157.39,0.03000000,0
1505606010,21611396,3142.08,0.03146490,1
1505606010,21611395,3142.16,0.01760000,1
1505605870,21611370,3157.32,0.08032169,0
1505605870,21611369,3157.32,0.01255562,0
1505605797,21611354,3140.01,0.00200056,1
1505605797,21611353,3140.06,0.00256306,1
1505605773,21611329,3149.83,0.01240000,0
1505605771,21611328,3149.83,0.00919056,0
1505605751,21611327,3149.84,0.10611612,0
1505605751,21611326,3148.90,0.04670181,0
1505605610,21611318,3149.72,0.12889277,0
1505605564,21611309,3140.00,0.20550100,1
1505605532,21611303,3149.85,0.00266727,0
1505605532,21611302,3149.85,0.01000000,0
1505605451,21611289,3140.01,0.17788996,1
1505605439,21611286,3149.83,0.01400000,0
1505605370,21611280,3149.86,0.01943385,0
1505605370,21611279,3149.85,0.08081615,0
1505605315,21611275,3139.62,0.03035190,1
1505605231,21611262,3136.73,0.02060071,1
1505605073,21611196,3148.60,0.15152503,0
1505605013,21611144,3149.17,0.04560481,0
1505605013,21611143,3148.72,0.01763820,0
1505605013,21611142,3147.78,0.00556603,0
1505604868,21611112,3135.02,0.07731813,1
1505604867,21611110,3135.02,0.23951596,1
1505604845,21611096,3134.43,0.33608663,1
1505604808,21611081,3147.78,0.03014571,1
1505604807,21611079,3147.78,0.02496437,1
1505604806,21611077,3147.78,0.01060344,0
1505604771,21611074,3147.79,0.00860974,0
1505604771,21611073,3147.78,0.02120688,0
1505604676,21611058,3130.17,0.02130263,1
1505604637,21611018,3130.01,0.01774752,1
1505604636,21611017,3130.05,0.44023560,1
1505604636,21611016,3145.00,0.15352162,0
1505604636,21611015,3144.95,0.08463179,0
1505604636,21611014,3144.92,0.32141537,0
1505604626,21611005,3130.04,0.31760354,1
1505604573,21610985,3129.50,0.04904936,0
1505604567,21610980,3129.44,0.03561280,1
1505604567,21610979,3136.24,0.04871469,1
1505604566,21610978,3137.29,0.00107243,1
1505604558,21610976,3137.29,0.04892757,0
1505604556,21610972,3137.29,0.34976005,1
1505604550,21610970,3139.21,0.00000315,1
1505604547,21610962,3139.21,0.03872700,1
1505604483,21610927,3150.49,0.01329634,0
1505604317,21610869,3139.21,0.01000000,1
1505604292,21610844,3139.22,0.02714220,1
1505604279,21610833,3150.99,0.05203989,1
1505604279,21610832,3151.00,0.03000000,1
1505604279,21610831,3156.13,0.03906537,1
1505604277,21610829,3156.13,0.05000000,0
1505604277,21610828,3156.13,0.21093463,0
1505604277,21610827,3156.13,0.03906537,0
1505604277,21610826,3151.66,0.03000000,0
1505604276,21610825,3151.00,0.17291326,0
1505604276,21610824,3151.00,0.03000000,0
1505604273,21610813,3150.99,0.02957101,0
1505604211,21610805,3150.99,0.00889393,0
1505604173,21610800,3148.55,0.01180731,0
1505604171,21610799,3148.55,0.02175000,0
1505604144,21610791,3140.26,0.00381183,1
1505604132,21610788,3151.00,0.02515720,0
1505604083,21610781,3151.00,0.82064423,0
1505604083,21610780,3147.67,0.03000000,0
1505604081,21610779,3145.88,0.00421342,0
1505604072,21610778,3145.88,0.00578658,0
1505604072,21610777,3145.88,0.00691342,0
1505604024,21610773,3145.88,0.00308658,0
1505603760,21610725,3150.00,0.01499345,1
1505603746,21610723,3150.00,0.04873015,1
1505603745,21610722,3150.00,0.42351237,1
1505603745,21610721,3150.00,0.15000000,1
1505603737,21610718,3150.42,0.04857041,1
1505603706,21610714,3151.00,1.95128531,1
1505603668,21610696,3158.68,0.07787732,0
1505603661,21610688,3151.00,0.04871469,1
1505603658,21610682,3156.38,0.41993839,1
1505603657,21610681,3156.58,1.04954841,1
1505603641,21610667,3156.58,0.40000000,1
1505603611,21610650,3169.98,0.29519713,0
1505603591,21610647,3169.99,0.06929359,0
1505603591,21610646,3169.99,0.09107383,0
1505603590,21610645,3169.94,0.00301649,1
1505603590,21610644,3163.38,0.01462729,0
1505603588,21610641,3157.20,0.00752003,0
1505603587,21610640,3156.58,0.03489000,1
1505603568,21610621,3157.20,0.12500000,0
1505603565,21610616,3160.00,0.00391297,1
1505603489,21610593,3169.99,0.07293724,0
1505603489,21610592,3169.99,0.10000000,0
1505603489,21610591,3169.99,0.79805818,0
1505603489,21610590,3169.98,0.02925458,0
1505603449,21610579,3169.97,0.00882720,0
1505603401,21610570,3169.97,0.01396359,0
1505603369,21610552,3169.99,0.21669933,0
1505603369,21610551,3169.98,0.08129995,0
1505603189,21610526,3169.31,0.01849759,0
1505603149,21610521,3160.00,0.01008703,1
1505602985,21610498,3169.99,0.17706232,0
1505602985,21610497,3169.95,0.01000000,0
1505602909,21610481,3161.98,0.01310000,1
1505602906,21610478,3169.90,0.02520085,0
1505602838,21610470,3171.68,0.00315286,0
1505602745,21610462,3172.00,0.29012111,0
1505602597,21610408,3173.55,0.03646075,0
1505602565,21610406,3173.59,0.00927656,1
1505602563,21610405,3169.87,0.00644618,0
1505602525,21610398,3161.00,0.10000000,1
1505602472,21610389,3169.87,0.02109288,0
1505602472,21610388,3169.84,0.96641708,0
1505602418,21610349,3157.08,0.10000000,1
1505602385,21610333,3169.85,0.03007070,0
1505602324,21610328,3170.35,0.03565951,0
1505602273,21610286,3170.61,0.10351222,0
1505602221,21610264,3156.93,0.05306680,1
1505602213,21610257,3156.98,0.17728600,1
1505602208,21610252,3156.98,0.03559272,1
1505602208,21610251,3156.98,0.07736928,1
1505602206,21610250,3156.98,0.21263072,1
1505602206,21610249,3156.99,0.00280000,1
1505602206,21610248,3157.00,0.07477228,1
1505602197,21610246,3157.02,0.00021649,1
1505602197,21610245,3157.05,0.30971851,1
1505602192,21610244,3165.82,0.20223512,1
1505602185,21610239,3170.36,0.00000239,1
1505602184,21610233,3170.36,1.74537595,1
1505602166,21610231,3174.46,0.03751368,0
1505602166,21610230,3170.59,0.03000000,0
1505602166,21610229,3169.85,0.03764532,0
1505602166,21610228,3169.85,0.00797726,0
1505602164,21610227,3169.86,0.30971851,0
1505601944,21610206,3165.16,0.01466104,0
1505601944,21610205,3165.15,0.01501880,0
1505601915,21610199,3156.98,0.00797726,1
1505601914,21610195,3164.99,0.00322197,1
1505601908,21610194,3164.99,0.10000000,1
1505601897,21610180,3164.99,0.03000000,0
1505601881,21610175,3156.95,0.01312982,1
1505601874,21610170,3165.16,0.01003023,0
1505601873,21610169,3165.00,0.11938316,1
1505601873,21610165,3165.00,0.06035012,1
1505601873,21610162,3165.00,0.40111534,1
1505601872,21610160,3165.00,0.06003759,0
1505601823,21610149,3165.07,0.01455000,0
1505601749,21610135,3163.27,0.01349553,1
1505601737,21610130,3156.85,0.08183293,1
1505601737,21610129,3156.88,0.32000000,1
1505601736,21610128,3157.02,0.17073654,0
1505601736,21610127,3157.02,0.92743053,1
1505601724,21610122,3171.72,0.01514587,0
1505601712,21610115,3161.16,0.07499779,1
1505601703,21610113,3160.22,0.06867244,0
1505601684,21610107,3171.78,0.00881024,0
1505601594,21610094,3161.01,0.07075508,1
1505601566,21610091,3175.63,0.11556047,0
1505601566,21610090,3175.09,0.15858130,0
1505601566,21610089,3172.90,0.03000000,0
1505601547,21610086,3175.65,0.01421136,0
1505601526,21610081,3159.27,0.05000000,1
1505601484,21610075,3175.78,0.01530063,0
1505601443,21610062,3175.88,0.03067764,0
1505601373,21610046,3156.67,0.01031962,1
1505601368,21610040,3156.74,0.01055847,1
1505601365,21610037,3176.10,0.24028682,0
1505601365,21610035,3170.99,0.03000000,0
1505601365,21610034,3170.97,0.02996318,0
1505601343,21610025,3170.88,0.03922455,0
1505601343,21610024,3170.87,0.05992636,0
1505601326,21610020,3156.59,0.20117199,1
1505601326,21610019,3156.59,0.10011744,1
1505601325,21610018,3156.59,0.04662716,1
1505601322,21610015,3156.59,0.02405600,1
1505601315,21610004,3156.59,0.29931684,1
1505601309,21610003,3156.69,0.01201100,1
1505601278,21609989,3156.39,0.00378956,1
1505601244,21609982,3169.23,0.11911654,0
1505601243,21609981,3169.12,0.11985272,0
1505601243,21609980,3169.09,1.00000000,0
1505601204,21609967,3156.44,0.00757100,1
1505601191,21609961,3156.44,0.01742900,0
1505601189,21609960,3156.39,0.00061123,1
1505601189,21609959,3156.42,0.12000000,1
1505601187,21609958,3156.44,0.25671337,1
1505601187,21609957,3156.44,0.01742900,1
1505601176,21609943,3169.44,0.12000000,1
1505601158,21609928,3156.45,0.02000000,0
1505601147,21609896,3170.15,0.03028514,0
1505601080,21609863,3156.48,0.10313204,1
1505601072,21609856,3170.80,0.00000315,0
1505601071,21609855,3170.79,0.10005000,1
1505601070,21609854,3170.79,0.23970543,0
1505601069,21609851,3156.67,0.24420034,1
1505601048,21609835,3156.54,0.34363890,1
1505601019,21609815,3157.28,0.06320549,0
1505601019,21609812,3157.29,0.01271460,1
1505601015,21609804,3170.00,0.15365109,1
1505601014,21609803,3170.00,0.18020000,1
1505601014,21609802,3170.00,0.06010034,1
1505601013,21609801,3170.00,0.09741489,1
1505601007,21609797,3170.00,0.07446057,1
1505601007,21609796,3170.00,0.00419264,1
1505601006,21609795,3170.00,0.06010034,1
1505601006,21609794,3170.00,0.13007700,1
1505601005,21609791,3170.00,0.05988830,1
1505601003,21609784,3170.00,0.17991483,1
1505600964,21609775,3172.70,0.06838431,0
1505600954,21609773,3172.72,0.34363890,0
1505600945,21609759,3172.78,0.01518839,0
1505600944,21609757,3156.76,0.09214518,1
1505600926,21609744,3156.64,0.34701833,1
1505600906,21609738,3172.87,0.61024088,0
1505600874,21609718,3170.00,0.38864335,0
1505600874,21609717,3170.00,0.01716401,0
1505600872,21609716,3169.96,0.08546630,0
1505600865,21609697,3152.43,3.43833609,0
1505600865,21609696,3152.43,0.10000000,0
1505600864,21609695,3152.64,0.00980580,1
1505600864,21609692,3155.00,0.51896354,1
1505600864,21609691,3155.00,0.49000000,0
1505600864,21609690,3156.15,0.64702200,1
1505600863,21609688,3156.28,0.31079289,1
1505600863,21609686,3156.32,0.02171516,0
1505600861,21609681,3156.38,0.96336452,1
1505600854,21609671,3169.99,0.00077195,1
1505600850,21609665,3169.99,0.02994262,0
1505600850,21609664,3169.99,0.01750000,0
1505600834,21609652,3172.85,0.15719306,0
1505600825,21609644,3172.95,0.08228017,0
1505600825,21609643,3169.00,0.01796983,0
1505600772,21609599,3164.10,0.24000000,1
1505600769,21609595,3164.06,0.05988524,1
1505600769,21609594,3164.06,0.12956578,1
1505600769,21609593,3164.06,0.00871192,1
1505600769,21609592,3164.06,0.01643142,1
1505600766,21609583,3164.06,0.48356858,0
1505600763,21609579,3163.87,3.65250356,1
1505600763,21609578,3164.03,0.12956813,1
1505600763,21609577,3164.03,0.30350105,1
1505600763,21609575,3164.03,0.07693082,1
1505600759,21609569,3164.07,0.01000000,1
1505600757,21609564,3164.06,0.35569660,1
1505600757,21609563,3164.06,0.18624262,1
1505600757,21609562,3164.09,0.02797945,1
1505600744,21609530,3174.77,0.01659180,0
1505600699,21609505,3176.24,0.06214392,0
1505600661,21609476,3160.36,0.04857041,1
1505600656,21609465,3160.36,0.11137839,1
1505600655,21609463,3160.39,0.18756056,1
1505600655,21609462,3164.79,0.00000314,1
1505600648,21609454,3176.43,0.00000314,1
1505600647,21609452,3176.33,0.29714000,1
1505600646,21609451,3176.33,0.04987519,0
1505600643,21609448,3176.33,0.01032419,0
1505600619,21609439,3163.23,0.00793463,0
1505600615,21609436,3163.23,0.02500000,1
1505600610,21609432,3163.23,0.01903463,1
1505600609,21609431,3163.23,0.01390000,1
1505600597,21609427,3163.24,0.07251352,1
1505600567,21609407,3170.00,0.09441152,1
1505600566,21609403,3170.00,0.65372557,1
1505600566,21609402,3170.00,0.15186291,1
1505600559,21609396,3160.13,0.23564767,1
1505600559,21609394,3160.14,0.01750000,1
1505600554,21609378,3160.13,0.01689510,1
1505600544,21609352,3160.12,0.01000000,1
1505600525,21609330,3160.07,0.14143577,1
1505600517,21609326,3178.00,0.12437696,0
1505600517,21609324,3177.41,0.01668214,0
1505600517,21609323,3177.41,0.07595560,1
1505600516,21609318,3176.95,0.12397573,0
1505600516,21609316,3176.95,0.90000000,1
1505600516,21609313,3176.84,1.00000000,0
1505600515,21609309,3176.47,0.01000000,0
1505600515,21609308,3176.44,0.12000000,1
1505600515,21609307,3170.85,1.03198405,0
1505600515,21609306,3169.70,0.02742747,0
1505600514,21609305,3169.70,0.02099983,0
1505600514,21609304,3169.69,0.03000000,0
1505600514,21609303,3169.68,0.57301620,0
1505600512,21609302,3167.74,0.03500000,0
1505600511,21609301,3160.00,0.10000000,0
1505600509,21609300,3160.00,0.10000000,0
1505600471,21609282,3153.11,0.05000000,1
1505600455,21609249,3152.80,0.06000000,1
1505600447,21609236,3152.64,0.00019420,0
1505600446,21609231,3152.64,0.00980580,0
1505600436,21609190,3167.71,0.08596427,0
1505600436,21609189,3163.11,0.00609549,0
1505600435,21609186,3152.64,0.00032382,1
1505600435,21609183,3152.64,0.00722192,1
1505600434,21609175,3152.64,0.00805571,1
1505600431,21609166,3152.67,0.07000000,1
1505600429,21609159,3152.64,0.12738070,0
1505600427,21609153,3152.64,0.15095358,0
1505600395,21609040,3163.08,0.29287574,0
1505600395,21609039,3160.00,0.00567633,0
1505600391,21609030,3150.02,0.29287574,1
1505600381,21608995,3160.00,0.02005032,1
1505600380,21608992,3160.00,0.47899900,0
1505600378,21608984,3150.00,0.03995370,1
1505600378,21608983,3159.97,0.00004630,1
1505600372,21608965,3159.97,0.40967183,0
1505600367,21608940,3150.00,0.04000000,0
1505600364,21608934,3150.00,0.10000000,1
1505600364,21608929,3150.00,0.05126117,1
1505600352,21608902,3160.00,0.02000000,0
1505600352,21608901,3150.00,0.03000000,1
1505600339,21608849,3150.00,0.01000000,1
1505600338,21608846,3159.77,0.59032817,0
1505600338,21608844,3155.53,0.01068553,0
1505600336,21608826,3156.46,0.02811435,1
1505600336,21608823,3156.46,0.02000000,1
1505600334,21608817,3155.00,0.10112082,0
1505600334,21608812,3150.00,0.94478005,0
1505600334,21608810,3150.00,0.03218741,0
1505600332,21608801,3150.00,0.18800317,0
1505600328,21608771,3150.00,0.40832646,0
1505600328,21608769,3150.00,0.00943307,0
1505600326,21608762,3150.00,0.22438096,0
1505600324,21608747,3150.00,0.78288888,0
1505600324,21608744,3149.99,0.02974981,1
1505600324,21608742,3149.99,0.00025019,1
1505600323,21608737,3149.99,0.04000000,0
1505600323,21608735,3149.99,0.20918326,0
1505600310,21608689,3139.01,0.08000000,1
1505600297,21608683,3139.01,0.08000000,1
1505600284,21608666,3139.01,0.08000000,1
1505600270,21608651,3139.03,0.09000000,1
1505600257,21608632,3150.00,0.01500000,0
1505600257,21608631,3150.00,0.25381102,0
1505600252,21608610,3149.99,0.03589588,0
1505600242,21608586,3139.02,0.06000000,1
1505600238,21608560,3150.00,0.42438577,0
1505600204,21608512,3150.00,0.01623210,0
1505600083,21608474,3150.00,0.03044200,0
1505600044,21608468,3150.00,0.17989101,0
1505600017,21608457,3150.00,0.09523810,0
1505599978,21608410,3150.00,1.00000000,0
1505599971,21608390,3150.00,0.69865925,0
1505599925,21608361,3150.00,0.30000000,0
1505599913,21608334,3150.00,0.00134075,1
1505599903,21608327,3155.00,0.00887918,0
1505599870,21608321,3150.00,0.01211463,1
1505599865,21608319,3150.00,0.00380000,1
1505599847,21608317,3152.18,0.02547220,0
1505599844,21608314,3150.00,0.20000000,0
1505599843,21608313,3150.00,0.78725993,0
1505599783,21608273,3150.00,0.01688228,0
1505599744,21608270,3150.00,0.15120667,0
1505599685,21608262,3150.00,0.04465112,0
1505599662,21608252,3138.92,0.20936493,1
1505599660,21608249,3139.10,0.14352528,1
1505599644,21608243,3149.99,0.02230176,0
1505599644,21608242,3149.98,0.01179176,0
1505599624,21608237,3154.93,0.02730877,0
1505599624,21608236,3150.75,0.03000000,0
1505599624,21608235,3150.67,0.02358353,0
1505599624,21608234,3150.19,0.03908019,0
1505599564,21608207,3150.48,0.01102763,0
1505599525,21608190,3152.68,0.03539849,0
1505599513,21608182,3137.33,0.00000550,0
1505599513,21608181,3137.33,0.00822292,0
1505599513,21608180,3137.33,0.02000000,0
1505599483,21608168,3144.15,0.00886071,0
1505599483,21608167,3140.00,0.00002790,0
1505599483,21608165,3140.00,0.05997210,0
1505599481,21608162,3140.00,0.01000000,0
1505599481,21608161,3140.00,0.09000000,0
1505599478,21608152,3138.12,0.01282258,1
1505599478,21608150,3140.00,0.10000000,1
1505599463,21608128,3147.73,0.01038962,0
1505599451,21608121,3143.74,0.02572732,1
1505599447,21608114,3147.76,0.14324790,0
1505599443,21608111,3147.76,0.01489284,0
1505599431,21608110,3147.76,0.03139592,0
1505599384,21608102,3147.76,0.01430000,0
1505599325,21608092,3147.76,0.00906808,0
1505599252,21608057,3147.55,0.02688703,0
1505599225,21608028,3155.65,0.02966581,0
1505599190,21608014,3145.00,0.00977142,1
1505599189,21608013,3145.00,0.00022858,1
1505599149,21607994,3145.47,0.00374003,1
1505599060,21607974,3155.00,0.40469097,0
1505599046,21607969,3155.00,0.01226594,0
1505599023,21607968,3155.00,0.00353918,0
1505599023,21607967,3150.32,0.01004940,0
1505599023,21607966,3150.00,0.00977142,0
1505599012,21607963,3150.00,0.00022858,0
1505599012,21607962,3149.00,0.00977142,0
1505598989,21607954,3149.00,0.00022858,0
1505598989,21607953,3148.90,0.08977142,0
1505598976,21607946,3142.51,0.17452177,1
1505598959,21607936,3148.90,0.22207500,0
1505598957,21607930,3148.90,0.01682860,0
1505598943,21607916,3148.90,0.05976564,0
1505598866,21607882,3148.90,0.40000000,0
1505598866,21607881,3148.90,0.09503001,0
1505598863,21607880,3148.90,0.03108431,0
1505598845,21607876,3148.90,0.02914351,0
1505598845,21607875,3148.90,0.31289021,0
1505598844,21607873,3148.89,0.04000000,1
1505598784,21607864,3148.90,0.02914351,0
1505598779,21607861,3148.90,0.20887292,0
1505598778,21607860,3148.89,0.05000000,1
1505598777,21607859,3148.89,0.05000000,0
1505598703,21607845,3145.00,0.27316230,0
1505598702,21607842,3145.00,0.60161413,0
1505598698,21607835,3145.00,0.31693183,0
1505598696,21607828,3145.00,0.64092845,0
1505598694,21607822,3145.00,0.15847595,0
1505598684,21607806,3144.90,2.34033502,0
1505598668,21607797,3144.90,0.30000000,0
1505598653,21607790,3137.37,0.09341211,1
1505598648,21607789,3137.40,0.02412535,1
1505598628,21607785,3144.90,2.82560000,0
1505598605,21607780,3144.90,0.06193900,0
1505598564,21607758,3145.00,0.00888734,0
1505598546,21607753,3146.88,0.02916221,0
1505598428,21607717,3148.12,0.23751526,1
1505598428,21607715,3148.12,0.01611087,0
1505598420,21607690,3137.37,0.01682580,1
1505598366,21607661,3148.55,0.00959769,0
1505598343,21607656,3148.77,0.01843995,0
1505598134,21607492,3137.37,0.14725400,1
1505598133,21607489,3137.37,0.12648800,1
1505598133,21607488,3139.71,0.00470000,1
1505598115,21607460,3148.81,0.00181656,0
1505598092,21607422,3139.71,0.01000000,1
1505598084,21607414,3148.92,0.02139459,0
1505598084,21607413,3137.38,0.01000000,0
1505598080,21607408,3137.37,0.01541420,1
1505598080,21607407,3137.38,0.01187610,1
1505598024,21607367,3148.99,0.01789100,0
1505598009,21607350,3137.29,0.00000196,0
1505598008,21607349,3137.29,0.50900000,0
1505598006,21607345,3137.29,0.14750150,0
1505598005,21607342,3137.29,0.02990129,0
1505598005,21607341,3137.38,0.58258990,1
1505598005,21607340,3137.56,0.48537202,1
1505598004,21607339,3149.00,0.02195000,0
1505597985,21607333,3149.00,0.05521836,0
1505597973,21607310,3137.37,0.01000000,1
1505597929,21607240,3149.00,0.39432567,0
1505597923,21607235,3149.00,0.02989446,0
1505597913,21607228,3149.00,0.00400638,0
1505597913,21607227,3148.99,0.06402862,0
1505597888,21607217,3136.69,0.02734030,1
1505597886,21607216,3136.69,0.02659317,1
1505597876,21607211,3136.70,0.04883870,1
1505597857,21607208,3137.00,0.00800000,1
1505597850,21607206,3137.03,0.05000000,1
1505597843,21607205,3137.00,0.01000000,0
1505597843,21607204,3133.70,0.01993858,0
1505597842,21607203,3133.70,0.02206142,0
1505597833,21607201,3133.58,0.00800000,0
1505597821,21607199,3135.00,0.00993858,1
1505597821,21607198,3135.00,0.04006142,1
1505597803,21607194,3148.76,0.03239680,0
1505597729,21607167,3135.01,0.01094734,1
1505597728,21607164,3135.01,0.04918007,1
1505597721,21607140,3135.07,0.34539114,1
1505597709,21607127,3135.12,0.01374600,1
1505597699,21607111,3135.11,0.01374434,1
1505597665,21607087,3135.00,0.04000000,0
1505597596,21607021,3133.36,0.06903000,1
1505597589,21607008,3134.15,0.10000000,1
1505597544,21606992,3130.04,0.01997203,1
1505597523,21606987,3146.29,0.00001934,0
1505597523,21606986,3142.66,0.03000000,0
1505597403,21606896,3135.88,0.02205000,0
1505597384,21606895,3135.88,0.01217600,0
1505597381,21606893,3135.88,0.03088849,0
1505597373,21606892,3135.85,0.13000000,0
1505597344,21606880,3135.82,0.00951086,0
1505597272,21606867,3147.88,0.23030738,0
1505596993,21606796,3125.08,0.28776059,1
1505596964,21606791,3149.09,0.03008515,0
1505596964,21606790,3125.17,0.00029447,1
1505596964,21606789,3131.14,0.10097887,1
1505596960,21606788,3149.09,1.70967043,0
1505596960,21606787,3149.00,1.32000000,0
1505596960,21606785,3147.10,0.24549651,0
1505596960,21606784,3146.00,0.04000000,0
1505596960,21606783,3145.47,1.01481000,0
1505596960,21606782,3145.46,0.03000000,0
1505596960,21606781,3145.32,0.14000000,0
1505596960,21606780,3141.23,0.00002306,0
1505596941,21606760,3144.95,0.03289384,1
1505596940,21606759,3144.95,0.03000000,0
1505596939,21606757,3131.13,0.01510019,0
1505596936,21606754,3131.13,0.00126630,1
1505596936,21606753,3133.18,0.00000351,1
1505596936,21606752,3133.18,0.01509649,1
1505596924,21606736,3144.96,0.03764721,0
1505596900,21606727,3131.13,0.04337710,1
1505596879,21606719,3131.13,0.01000000,1
1505596871,21606710,3131.13,0.01411930,1
1505596869,21606708,3131.13,0.04714960,1
1505596859,21606700,3131.13,0.01408770,1
1505596846,21606695,3139.48,0.02986261,0
1505596838,21606685,3120.27,0.01000000,1
1505596826,21606676,3134.26,0.04191560,0
1505596826,21606675,3129.00,0.04998000,0
1505596788,21606663,3118.32,0.00996000,0
1505596786,21606661,3128.10,0.00004000,1
1505596759,21606656,3128.00,0.04996000,0
1505596717,21606627,3117.03,0.01000000,1
1505596696,21606623,3124.46,0.01025000,0
1505596662,21606612,3115.84,0.01000000,1
1505596592,21606596,3115.20,0.01000000,1
1505596563,21606573,3113.01,0.04930918,1
1505596544,21606551,3127.70,0.01501429,0
1505596544,21606550,3124.20,0.03000000,0
1505596541,21606549,3113.01,0.01000000,1
1505596513,21606545,3123.39,0.09856500,0
1505596513,21606544,3123.38,0.00000500,0
1505596513,21606542,3123.38,0.02999500,0
1505596507,21606535,3123.39,0.02999439,0
1505596507,21606534,3123.39,0.09206961,0
1505596505,21606532,3123.39,0.04883380,0
1505596505,21606530,3123.39,0.02909659,0
1505596501,21606527,3113.01,0.01000000,1
1505596498,21606522,3115.00,0.05000000,1
1505596460,21606498,3113.01,0.01000000,1
1505596417,21606478,3115.00,0.05000000,1
1505596374,21606471,3123.00,0.01479511,0
1505596374,21606470,3123.00,0.54531966,0
1505596367,21606461,3109.01,0.03734591,1
1505596364,21606456,3119.98,0.25045847,0
1505596359,21606454,3119.98,0.02751930,1
1505596357,21606446,3123.09,0.05000000,0
1505596357,21606445,3123.09,0.11662737,0
1505596356,21606444,3123.09,0.11337263,0
1505596356,21606443,3121.04,0.03478937,0
1505596355,21606441,3121.04,0.03927976,1
1505596355,21606440,3121.04,0.03478937,1
1505596352,21606434,3120.00,0.08031964,0
1505596352,21606432,3119.99,0.00354823,0
1505596350,21606422,3119.98,0.10147893,1
1505596349,21606420,3119.98,0.06390553,1
1505596348,21606417,3119.98,0.06734943,1
1505596348,21606410,3119.98,0.87251000,0
1505596348,21606407,3116.07,0.00710611,0
1505596347,21606402,3116.07,0.28151164,0
1505596347,21606400,3113.06,0.00710036,0
1505596347,21606399,3113.06,0.24111100,0
1505596313,21606375,3110.00,0.05000000,1
1505596242,21606353,3113.06,0.01039932,0
1505596241,21606352,3113.06,0.04159932,0
1505596238,21606351,3114.00,0.05000000,1
1505596224,21606350,3116.05,0.00296841,0
1505596224,21606349,3116.05,0.00599932,0
1505596220,21606348,3113.00,0.02840736,1
1505596220,21606347,3113.02,0.00999932,1
1505596205,21606341,3113.06,0.01157704,0
1505596194,21606331,3113.00,0.01159332,1
1505596158,21606326,3119.99,0.00340331,0
1505596086,21606278,3119.99,0.11985585,1
1505596086,21606277,3120.00,0.05934928,0
1505596085,21606275,3119.99,0.04000000,0
1505596064,21606260,3120.00,0.01145153,0
1505596064,21606259,3119.99,0.02118856,0
1505596057,21606250,3120.10,0.13790872,0
1505596056,21606249,3120.00,0.01945591,0
1505596053,21606248,3119.99,0.29529126,0
1505596053,21606246,3119.99,0.01470874,1
1505596052,21606243,3119.99,0.09705937,1
1505596052,21606242,3119.99,0.13348472,1
1505596051,21606241,3120.00,0.01945591,1
1505596051,21606240,3120.00,0.04237713,1
1505596049,21606239,3119.99,0.01831909,1
1505596049,21606237,3119.99,0.38323629,1
1505596049,21606235,3120.00,0.30765218,1
1505596049,21606233,3120.00,0.21387698,1
1505596049,21606232,3120.00,0.07691546,1
1505596048,21606231,3120.00,0.13008908,1
1505596048,21606229,3120.00,0.09336669,1
1505596047,21606228,3120.00,0.05843663,0
1505596047,21606226,3120.00,0.04156337,0
1505596047,21606225,3120.00,0.11023995,0
1505596047,21606224,3119.99,0.04000000,1
1505596045,21606223,3119.98,0.05500306,0
1505596044,21606221,3119.98,0.02975120,0
1505596044,21606220,3113.06,0.09346881,0
1505596043,21606201,3113.06,0.30653119,1
1505596041,21606172,3119.99,0.23000000,0
1505596036,21606166,3118.97,0.05000000,0
1505596036,21606165,3117.33,0.04000000,0
1505596030,21606144,3114.99,0.11443020,0
1505596029,21606139,3113.06,0.26513159,0
1505596028,21606137,3113.06,0.72892588,0
1505596026,21606123,3113.06,0.82938263,0
1505596026,21606121,3113.04,0.17200185,0
1505596017,21606101,3106.32,0.04941538,1
1505596016,21606099,3114.75,0.04912770,1
1505596011,21606098,3115.00,0.05000000,1
1505595987,21606083,3119.00,0.07331699,0
1505595984,21606080,3119.00,0.02162552,0
1505595984,21606079,3117.00,0.10000000,1
1505595983,21606077,3119.00,0.01643974,0
1505595978,21606067,3119.01,0.25817871,1
1505595972,21606062,3119.01,0.14474932,1
1505595972,21606061,3119.03,0.26525068,1
1505595971,21606060,3120.00,0.61107049,0
1505595925,21606023,3120.00,0.05000000,0
1505595918,21606021,3120.00,0.01832300,0
1505595916,21606019,3120.00,0.60070683,0
1505595916,21606018,3119.99,0.27000000,0
1505595899,21606011,3119.99,0.20766638,0
1505595894,21606007,3119.99,0.03107377,0
1505595890,21606006,3119.99,0.05000000,0
1505595885,21606002,3120.00,0.02986515,0
1505595883,21605998,3120.00,0.03663069,0
1505595880,21605996,3120.00,0.00170000,1
1505595880,21605995,3122.00,0.05000000,1
1505595878,21605993,3126.64,0.12958187,0
1505595878,21605992,3126.64,0.07637611,0
1505595875,21605989,3126.66,0.12358256,0
1505595874,21605988,3126.66,0.10369816,0
1505595873,21605985,3126.73,0.55855893,0
1505595873,21605984,3126.72,0.04927826,0
1505595873,21605983,3126.72,0.13264389,0
1505595848,21605967,3127.99,0.26507158,0
1505595848,21605966,3127.98,0.05382330,0
1505595848,21605965,3127.98,0.27617670,0
1505595841,21605951,3128.00,0.00002000,1
1505595838,21605940,3128.00,0.04998000,1
1505595825,21605926,3129.00,0.05000000,1
1505595810,21605909,3131.44,0.01560000,1
1505595809,21605906,3133.14,0.19792500,0
1505595806,21605905,3139.52,0.00884712,0
1505595754,21605884,3145.47,0.01591985,0
1505595703,21605869,3127.62,0.09183667,1
1505595703,21605868,3129.06,0.00641793,1
1505595681,21605867,3129.06,0.00382543,1
1505595626,21605848,3145.69,0.27537331,0
1505595593,21605839,3145.98,0.01530278,0
1505595593,21605838,3145.98,0.01609093,0
1505595593,21605837,3145.98,0.28390907,0
1505595583,21605828,3146.02,0.03051507,0
1505595582,21605826,3145.99,0.01114840,0
1505595403,21605775,3147.36,0.01553936,0
1505595387,21605770,3147.47,0.27612152,0
1505595323,21605712,3138.11,0.00891089,0
1505595305,21605707,3138.28,0.14621066,0
1505595265,21605697,3138.85,0.04261489,0
1505595223,21605686,3139.63,0.02238675,0
1505595180,21605657,3140.82,0.02563343,0
1505595064,21605616,3147.80,0.07288195,0
1505595026,21605573,3147.30,0.03139506,0
1505594996,21605564,3130.29,0.49254175,1
1505594995,21605563,3130.29,0.39863857,1
1505594995,21605562,3130.30,0.19000000,1
1505594995,21605561,3130.30,0.33162480,0
1505594995,21605560,3135.00,0.38960502,1
1505594993,21605559,3135.03,0.19758986,1
1505594992,21605556,3147.92,0.00179000,1
1505594939,21605540,3135.03,0.00200000,1
1505594909,21605535,3147.93,0.00158835,1
1505594826,21605528,3149.98,0.03519763,0
1505594825,21605527,3149.51,0.02218050,0
1505594825,21605526,3148.22,0.00299847,0
1505594804,21605524,3148.30,0.02270699,0
1505594764,21605515,3135.00,0.00256312,1
1505594763,21605514,3135.00,0.00256312,1
1505594763,21605513,3135.00,0.00261062,1
1505594763,21605512,3135.00,0.00265812,1
1505594763,21605509,3135.03,0.00265812,1
1505594753,21605496,3148.94,0.05278394,0
1505594744,21605494,3149.50,0.14236227,0
1505594744,21605492,3149.10,0.00699847,1
1505594743,21605491,3149.50,0.00336821,0
1505594742,21605490,3149.10,0.00899847,0
1505594734,21605489,3148.30,0.01106867,1
1505594733,21605488,3148.30,0.27500000,1
1505594724,21605487,3135.10,0.02701890,1
1505594706,21605481,3149.99,0.03704136,0
1505594705,21605476,3149.51,0.10863914,1
1505594644,21605467,3148.30,0.06438632,0
1505594564,21605420,3149.77,0.05427339,1
1505594564,21605419,3149.67,0.00899847,0
1505594563,21605418,3149.65,0.05931038,1
1505594562,21605417,3149.64,0.01330662,0
1505594561,21605416,3149.65,0.07673261,1
1505594561,21605415,3149.64,0.13674451,0
1505594561,21605414,3149.64,0.14148777,0
1505594552,21605410,3130.01,0.01999847,1
1505594548,21605403,3129.98,0.56755125,1
1505594548,21605402,3130.00,0.01000000,1
1505594548,21605401,3130.01,0.04000000,1
1505594547,21605400,3136.39,4.22000000,1
1505594547,21605399,3136.40,0.21000000,1
1505594547,21605398,3140.00,0.01000000,1
1505594546,21605397,3140.25,0.92644875,0
1505594546,21605396,3140.25,0.01600000,1
1505594539,21605395,3140.30,0.00910153,1
1505594539,21605394,3140.32,0.03779847,1
1505594463,21605375,3150.00,0.01619599,0
1505594463,21605374,3150.00,0.49821925,0
1505594443,21605360,3150.00,0.00979209,0
1505594413,21605349,3150.00,0.02323000,0
1505594405,21605343,3150.00,0.02913333,0
1505594384,21605339,3150.00,0.03524762,0
1505594380,21605338,3150.00,0.73000000,0
1505594380,21605337,3149.99,0.27000000,0
1505594355,21605320,3150.00,0.60037339,0
1505594343,21605298,3150.00,0.07400432,0
1505594343,21605297,3150.00,0.01000000,0
1505594343,21605296,3149.98,0.00299847,0
1505594330,21605280,3145.00,0.01000000,0
1505594330,21605279,3144.99,0.02083500,0
1505594330,21605278,3144.98,0.00299847,0
1505594203,21605226,3145.47,0.30577692,0
1505594184,21605225,3145.54,0.02997989,0
1505594165,21605220,3127.05,0.40930806,1
1505594146,21605210,3145.71,0.11378711,0
1505594145,21605209,3145.70,0.00699847,0
1505594135,21605208,3145.72,0.01357877,1
1505594134,21605207,3145.95,0.01553531,1
1505594133,21605206,3145.72,0.26851000,1
1505594132,21605205,3145.72,0.01399847,1
1505594132,21605204,3145.72,0.01320380,0
1505594024,21605168,3149.17,0.00737756,0
1505594024,21605167,3149.17,0.02640760,0
1505593924,21605161,3149.25,0.00403000,0
1505593924,21605160,3149.22,1.00000000,0
1505593915,21605158,3130.77,0.92100000,1
1505593914,21605157,3131.09,0.15900000,0
1505593913,21605156,3131.09,0.22000000,1
1505593903,21605152,3131.08,0.00326439,1
1505593903,21605151,3140.25,0.01000000,1
1505593814,21605108,3140.23,2.67217341,0
1505593814,21605107,3140.43,0.04959847,0
1505593812,21605105,3140.53,0.97144864,0
1505593812,21605104,3140.53,0.60677948,1
1505593783,21605088,3140.00,0.95000000,0
1505593783,21605087,3140.00,0.45566387,0
1505593773,21605085,3139.90,0.84787489,0
1505593773,21605084,3139.88,0.00299847,0
1505593735,21605067,3139.95,0.30778428,1
1505593734,21605066,3139.95,0.00399847,0
1505593687,21605050,3140.00,0.02922611,0
1505593684,21605049,3140.00,0.03223142,0
1505593684,21605047,3139.99,0.27000000,0
1505593684,21605045,3139.97,0.00499847,0
1505593670,21605040,3132.04,0.01642774,0
1505593669,21605039,3132.04,0.01279847,1
1505593624,21605028,3139.99,0.02922621,0
1505593595,21605020,3140.00,0.27304979,0
1505593593,21605017,3139.98,0.01651285,1
1505593593,21605016,3139.98,0.01651285,0
1505593583,21605003,3139.99,0.10823231,0
1505593573,21604998,3140.00,0.20982881,0
1505593573,21604997,3140.00,0.01024443,0
1505593571,21604995,3139.99,0.02392800,0
1505593485,21604973,3140.00,0.06892584,0
1505593459,21604963,3140.00,0.26812395,0
1505593437,21604953,3140.00,0.30968934,0
1505593437,21604951,3140.00,0.34301644,0
1505593437,21604949,3139.99,0.15904489,0
1505593437,21604947,3139.99,0.15095511,0
1505593399,21604935,3125.02,0.00235310,1
1505593393,21604934,3131.00,0.00835000,0
1505593391,21604933,3131.43,0.00160310,1
1505593391,21604932,3131.48,0.01004238,1
1505593334,21604922,3144.01,0.12618283,0
1505593325,21604921,3139.99,0.07306392,0
1505593312,21604910,3143.99,0.36561810,1
1505593312,21604909,3140.00,0.12282566,0
1505593312,21604908,3140.00,0.42148347,0
1505593307,21604905,3140.00,0.05036241,0
1505593307,21604903,3139.98,0.00599847,0
1505593307,21604902,3139.96,0.00399847,0
1505593279,21604892,3140.00,0.27720262,0
1505593276,21604891,3131.51,0.02919060,1
1505593267,21604888,3140.00,0.12812584,0
1505593267,21604887,3139.98,0.01799847,0
1505593267,21604886,3139.94,0.00000319,1
1505593267,21604885,3139.94,0.01622501,1
1505593265,21604884,3139.94,0.01299847,0
1505593215,21604870,3132.11,0.02958719,1
1505593205,21604865,3143.82,0.02919060,0
1505593166,21604852,3148.82,0.06905996,0
1505593124,21604770,3149.56,0.03062160,0
1505593085,21604745,3136.95,0.03561787,1
1505593085,21604744,3137.75,0.00159987,1
1505593085,21604743,3140.00,0.01000000,1
1505593084,21604741,3140.22,0.19000000,1
1505593084,21604739,3144.07,0.00159666,1
1505593082,21604732,3145.98,0.00640000,1
1505593069,21604715,3161.82,0.02019365,1
1505593067,21604714,3150.63,0.29000000,0
1505593062,21604713,3161.00,0.01000000,1
1505593045,21604707,3161.67,0.02530498,0
1505593043,21604706,3150.04,0.06551920,1
1505593016,21604702,3161.82,0.01483187,0
1505593004,21604694,3161.99,0.01180391,0
1505593003,21604693,3161.95,0.00999847,0
1505592926,21604683,3163.11,0.01629591,0
1505592926,21604682,3159.94,0.01399847,0
1505592865,21604666,3160.00,0.08152103,0
1505592865,21604665,3159.98,0.00799847,0
1505592864,21604661,3150.02,0.07347348,1
1505592846,21604644,3160.00,0.03156646,0
1505592825,21604628,3160.00,0.00125730,0
1505592825,21604627,3159.96,0.03299847,0
1505592825,21604626,3159.94,0.02499847,0
1505592782,21604618,3160.00,0.01650000,0
1505592726,21604606,3155.00,0.03036261,0
1505592644,21604585,3163.00,0.00914281,0
1505592621,21604566,3148.15,0.02061248,1
1505592621,21604565,3148.16,0.01224010,1
1505592588,21604542,3163.11,0.00031065,0
1505592588,21604540,3162.45,0.03000000,0
1505592586,21604537,3158.99,0.03062719,0
1505592544,21604527,3159.76,0.00886027,0
1505592527,21604525,3159.78,0.03555611,0
1505592443,21604506,3162.38,0.03073540,0
1505592385,21604498,3157.83,0.06873992,0
1505592365,21604494,3157.90,0.02906045,0
1505592335,21604489,3157.75,0.28847438,0
1505592335,21604488,3157.47,0.01760000,0
1505592333,21604487,3150.00,0.01000000,0
1505592312,21604485,3133.00,0.01000000,1
1505592271,21604462,3132.17,1.36028215,1
1505592271,21604461,3132.61,0.06013420,1
1505592271,21604460,3132.61,0.23000000,0
1505592270,21604459,3142.00,0.01000000,1
1505592270,21604457,3142.23,0.66285030,1
1505592270,21604456,3142.23,0.23000000,1
1505592269,21604455,3144.98,0.98670066,0
1505592269,21604454,3144.98,0.32051935,1
1505592163,21604414,3158.80,0.01578662,0
1505592124,21604404,3159.06,0.06266379,0
1505592100,21604400,3159.09,0.08367283,0
1505592057,21604382,3144.99,0.18028534,1
1505592041,21604376,3144.99,0.16245747,1
1505592041,21604375,3145.00,0.01760000,1
1505592014,21604367,3145.31,0.28000000,1
1505592008,21604361,3162.89,0.02903992,0
1505592008,21604360,3159.83,0.03000000,0
1505592008,21604359,3157.47,0.01619602,0
1505591990,21604343,3162.99,0.01619602,0
1505591988,21604342,3157.47,0.02126537,0
1505591945,21604328,3154.89,0.02908818,0
1505591935,21604323,3150.01,0.00723471,1
1505591904,21604320,3154.99,0.03096274,0
1505591887,21604317,3155.00,0.00541187,0
1505591887,21604316,3154.98,0.00599983,0
1505591886,21604315,3154.98,0.00399983,0
1505591885,21604314,3155.00,0.12074073,0
1505591825,21604303,3157.47,0.00873463,0
1505591814,21604290,3150.01,0.02680350,1
1505591645,21604212,3162.20,0.01481488,0
1505591606,21604206,3162.38,0.00725000,0
1505591583,21604204,3162.50,0.01452223,0
1505591534,21604182,3162.76,0.02676275,0
1505591534,21604181,3162.76,0.01999983,0
1505591496,21604176,3157.90,0.01895247,0
1505591487,21604172,3159.31,0.01260000,1
1505591487,21604171,3159.33,0.00419983,1
1505591485,21604168,3162.98,0.03091779,0
1505591485,21604167,3162.95,0.12408230,0
1505591484,21604161,3162.97,0.02982905,0
1505591474,21604159,3159.29,0.02742747,1
1505591472,21604158,3159.29,0.02099983,0
1505591466,21604153,3163.05,0.01319983,0
1505591465,21604151,3163.11,0.02270205,1
1505591464,21604150,3163.09,0.03009778,0
1505591464,21604149,3150.01,0.12059748,1
1505591464,21604147,3152.65,0.01700000,1
1505591463,21604145,3159.31,0.06872146,0
1505591457,21604142,3164.98,0.13955222,1
1505591457,21604140,3164.28,0.03000000,0
1505591455,21604139,3163.09,0.53000000,1
1505591455,21604138,3163.09,0.05000000,0
1505591455,21604137,3163.09,0.26000000,0
1505591424,21604132,3163.30,0.03098217,0
1505591389,21604117,3150.10,0.00379993,1
1505591384,21604113,3161.80,0.03462018,0
1505591384,21604112,3161.79,0.01391712,0
1505591368,21604106,3150.06,0.00088666,0
1505591368,21604105,3150.01,0.13754022,1
1505591366,21604104,3150.01,0.02783423,1
1505591365,21604103,3150.06,0.01311317,0
1505591365,21604102,3150.02,0.00000214,0
1505591365,21604101,3150.01,0.00511687,0
1505591364,21604098,3150.01,0.30000000,0
1505591361,21604097,3150.01,0.01488313,0
1505591357,21604091,3144.98,0.32000000,0
1505591336,21604083,3141.59,0.01329934,1
1505591303,21604045,3150.02,0.17484191,1
1505591280,21604041,3150.02,0.00640000,0
1505591280,21604040,3150.02,0.00375415,0
1505591268,21604037,3149.78,0.43080000,1
1505591243,21604033,3145.00,0.12224122,1
1505591235,21604031,3149.78,0.12193403,0
1505591233,21604030,3149.77,0.03046797,0
1505591226,21604025,3149.78,0.01329934,0
1505591226,21604024,3149.78,0.01716853,0
1505591224,21604021,3149.77,0.05566847,0
1505591207,21604008,3149.77,0.04146521,0
1505591193,21603978,3149.76,0.32000000,0
1505591193,21603977,3149.75,0.01584255,0
1505591126,21603867,3149.76,0.03320184,0
1505591126,21603866,3149.75,0.01146600,0
1505591078,21603802,3139.02,0.22345106,0
1505591064,21603790,3139.02,0.00893913,0
1505591045,21603781,3139.02,0.01116536,0
1505591025,21603774,3139.02,0.00891339,0
1505591024,21603771,3139.02,0.02998922,0
1505591022,21603770,3139.02,0.00158648,0
1505590989,21603745,3139.02,0.31793362,0
1505590964,21603713,3130.00,0.00021162,0
1505590928,21603683,3130.00,0.89660308,0
1505590923,21603678,3130.00,0.00318530,0
1505590884,21603650,3119.61,0.01102903,1
1505590884,21603649,3119.61,0.09821020,1
1505590832,21603637,3124.60,0.12094256,1
1505590827,21603634,3129.98,0.00911032,0
1505590825,21603633,3129.98,0.01543702,0
1505590799,21603608,3124.51,0.04912770,1
1505590796,21603602,3124.51,0.05580000,1
1505590760,21603548,3124.44,0.05580000,1
1505590736,21603533,3139.01,0.00374003,0
1505590724,21603521,3139.02,0.03060215,0
1505590720,21603511,3132.01,0.05000000,1
1505590710,21603498,3138.99,0.01508405,1
1505590708,21603490,3132.00,0.13101702,1
1505590697,21603461,3131.43,0.12167623,0
1505590695,21603459,3131.43,0.16000000,0
1505590694,21603454,3131.43,0.40786324,0
1505590688,21603449,3138.99,0.00341511,1
1505590688,21603448,3138.98,0.57330030,0
1505590688,21603446,3134.11,0.02883468,0
1505590687,21603444,3134.08,0.30000000,1
1505590685,21603439,3134.09,0.00100513,0
1505590685,21603438,3134.06,0.14199418,0
1505590685,21603435,3131.43,0.00569766,0
1505590672,21603416,3117.15,0.04924370,1
1505590669,21603415,3131.43,0.11930234,1
1505590667,21603412,3134.10,0.05885644,0
1505590664,21603407,3134.11,0.01116532,0
1505590663,21603404,3129.22,0.04889952,1
1505590657,21603397,3131.43,0.23659238,1
1505590656,21603395,3132.69,0.01372172,0
1505590656,21603393,3132.69,0.19250867,0
1505590651,21603387,3131.56,0.19487914,1
1505590651,21603386,3132.69,0.03026670,0
1505590627,21603360,3134.00,0.01000000,1
1505590607,21603352,3135.00,0.01000000,1
1505590607,21603351,3135.00,0.01000000,1
1505590599,21603345,3139.02,0.10400959,1
1505590568,21603306,3142.62,0.07395030,0
1505590565,21603301,3142.63,0.12822106,0
1505590565,21603299,3142.62,0.00082371,0
1505590564,21603295,3142.62,0.02917629,1
1505590560,21603286,3142.62,0.04361329,0
1505590550,21603272,3149.79,0.03890395,0
1505590550,21603271,3145.11,0.03000000,0
1505590536,21603248,3145.36,0.37376430,1
1505590536,21603247,3145.64,0.00316947,1
1505590526,21603235,3149.84,0.02803746,0
1505590508,21603209,3149.95,0.00200000,1
1505590507,21603208,3150.00,3.78414699,1
1505590507,21603207,3150.00,0.40022529,1
1505590502,21603197,3150.00,0.00375427,1
1505590499,21603194,3150.00,0.01378130,1
1505590495,21603192,3150.00,0.01078598,1
1505590473,21603186,3150.00,0.06049889,1
1505590459,21603160,3150.01,0.05977125,1
1505590450,21603142,3150.01,0.00004147,1
1505590450,21603140,3150.02,0.05931213,1
1505590420,21603105,3150.02,0.00375726,1
1505590400,21603102,3150.02,0.00375726,1
1505590380,21603086,3150.02,0.00375522,1
1505590373,21603085,3150.02,0.01601370,1
1505590363,21603081,3157.77,0.08659557,0
1505590363,21603080,3155.00,0.06735733,0
1505590352,21603034,3150.01,0.00375738,1
1505590324,21603027,3155.00,0.01341600,0
1505590274,21603013,3150.01,0.21276029,0
1505590270,21603011,3150.01,0.01750000,0
1505590268,21603006,3150.01,0.28972200,0
1505590263,21603002,3150.00,0.01095427,1
1505590240,21602988,3153.90,1.34126311,0
1505590236,21602985,3153.90,0.08076800,0
1505590236,21602981,3154.90,0.02049621,1
1505590232,21602965,3154.00,0.00189435,0
1505590225,21602933,3154.00,0.31730000,1
1505590225,21602932,3155.00,0.08080565,1
1505590208,21602913,3155.00,0.01918879,1
1505590202,21602902,3155.00,0.01007721,1
1505590201,21602901,3155.00,3.12168872,1
1505590201,21602900,3156.27,0.06823407,1
1505590197,21602896,3156.27,0.33175958,1
1505590193,21602893,3157.06,0.00315800,1
1505590163,21602879,3157.09,0.03322940,1
1505590124,21602837,3170.69,0.43372491,0
1505590124,21602836,3169.00,0.40652509,0
1505590124,21602835,3168.99,0.16000000,0
1505590109,21602833,3169.00,0.03048268,0
1505590085,21602826,3170.79,0.00080461,0
1505590085,21602825,3167.86,0.02957920,0
1505590063,21602809,3167.86,0.27042080,0
1505590045,21602801,3170.84,0.02939018,0
1505590037,21602795,3165.00,0.01000000,1
1505590016,21602783,3169.04,0.32449104,0
1505590002,21602768,3170.00,0.02000000,1
1505590000,21602759,3170.85,6.96801595,1
1505589996,21602747,3170.85,1.00000000,1
1505589993,21602740,3173.03,0.00333408,0
1505589983,21602721,3170.85,0.09522857,1
1505589979,21602720,3173.04,0.03000000,0
1505589972,21602717,3173.04,0.00250000,0
1505589892,21602701,3178.29,0.00013394,0
1505589892,21602700,3178.27,0.00299983,0
1505589878,21602687,3178.48,0.14091497,1
1505589877,21602686,3178.48,0.00699983,0
1505589877,21602685,3178.48,0.00899983,0
1505589844,21602668,3178.80,0.01535587,0
1505589763,21602609,3179.00,0.12949817,0
1505589763,21602608,3178.98,0.01399983,0
1505589762,21602607,3178.70,0.14339730,0
1505589751,21602593,3178.70,0.00220913,0
1505589750,21602592,3178.70,0.01257817,0
1505589747,21602591,3178.70,0.02945771,0
1505589717,21602571,3178.68,0.01488650,0
1505589704,21602568,3178.70,0.03863153,0
1505589704,21602567,3178.12,0.03000000,0
1505589704,21602566,3177.78,0.02099983,0
1505589702,21602563,3171.00,0.07073400,1
1505589687,21602538,3178.70,0.01379983,0
1505589687,21602537,3178.70,0.05519983,0
1505589685,21602535,3178.70,0.00882508,0
1505589685,21602534,3177.82,0.02119592,0
1505589683,21602528,3177.82,0.00880408,0
1505589678,21602521,3179.00,0.15847750,0
1505589676,21602517,3178.70,0.03000000,0
1505589639,21602469,3178.00,0.03470719,0
1505589633,21602466,3178.00,0.00329247,0
1505589632,21602462,3177.99,0.00004247,0
1505589630,21602460,3177.99,0.03260940,0
1505589629,21602427,3177.99,0.06558250,0
1505589547,21602392,3177.99,0.00176563,0
1505589547,21602391,3177.97,0.00399983,0
1505589547,21602390,3177.94,0.00299983,0
1505589464,21602359,3177.99,0.02268685,0
1505589464,21602358,3177.98,0.00699983,0
1505589452,21602339,3178.00,0.02877667,1
1505589452,21602338,3178.00,0.02199983,1
1505589451,21602335,3178.00,0.01599983,1
1505589450,21602334,3176.15,0.03000000,0
1505589450,21602333,3175.00,0.00322367,0
1505589421,21602298,3177.00,0.00847340,0
1505589420,21602294,3176.98,0.00000239,0
1505589417,21602289,3176.98,0.08036637,1
1505589416,21602286,3176.98,0.02299983,1
1505589379,21602252,3178.66,0.01000000,0
1505589360,21602245,3178.74,0.01000000,0
1505589344,21602232,3178.83,0.02566684,0
1505589307,21602205,3178.93,0.25108650,0
1505589307,21602204,3170.91,0.01000000,0
1505589305,21602203,3170.86,0.28420512,1
1505589296,21602196,3170.86,0.01359983,0
1505589295,21602195,3170.88,0.02719983,1
1505589284,21602191,3171.03,0.01359983,0
1505589283,21602190,3177.88,0.05439983,0
1505589273,21602185,3179.00,0.99754954,0
1505589273,21602184,3179.00,1.00000000,0
1505589273,21602183,3178.00,0.14889143,0
1505589272,21602182,3177.88,0.87251000,0
1505589272,21602181,3177.80,2.00000000,0
1505589272,21602180,3171.25,0.06780723,0
1505589270,21602177,3171.00,0.87854306,0
1505589237,21602175,3170.85,0.57011246,0
1505589221,21602173,3161.07,0.00784179,1
1505589206,21602165,3170.85,0.30012350,0
1505589193,21602157,3170.85,0.00227404,0
1505589192,21602156,3170.85,0.01512596,0
1505589183,21602146,3160.58,0.60923659,0
1505589167,21602120,3160.58,0.01477299,0
1505589166,21602118,3160.58,0.01125492,0
1505589166,21602117,3160.56,0.00299983,0
1505589063,21602089,3155.44,0.08755854,1
1505589031,21602078,3155.00,0.25540387,1
1505589031,21602077,3156.15,0.66498960,1
1505589022,21602075,3171.00,0.01387574,0
1505589021,21602074,3171.00,0.07864081,0
1505589020,21602072,3170.98,0.00499983,0
1505589005,21602069,3171.00,0.02894039,0
1505588975,21602052,3171.25,0.04551724,1
1505588975,21602050,3171.25,0.02231712,1
1505588973,21602049,3171.25,0.00599983,0
1505588924,21602026,3173.99,0.25825034,0
1505588924,21602025,3173.98,0.02399983,0
1505588924,21602024,3173.96,0.01799983,0
1505588884,21601950,3174.29,0.07227442,0
1505588877,21601944,3174.29,0.00745000,0
1505588833,21601912,3174.35,0.00002440,1
1505588833,21601911,3174.35,0.02036010,0
1505588809,21601905,3174.14,0.64850328,0
1505588809,21601904,3174.11,0.12649689,0
1505588809,21601903,3165.00,0.20000000,0
1505588808,21601902,3164.98,0.02499983,0
1505588781,21601862,3152.56,0.12649689,1
1505588773,21601853,3174.33,0.04147834,1
1505588773,21601852,3174.33,0.02099983,0
1505588770,21601851,3165.00,0.10124663,1
1505588770,21601850,3166.06,0.02719983,1
1505588770,21601849,3166.08,0.00679983,1
1505588763,21601848,3165.00,0.09753937,1
1505588763,21601847,3166.02,0.05359983,1
1505588763,21601846,3166.04,0.01339983,1
1505588758,21601845,3166.00,0.08228935,1
1505588750,21601839,3173.74,0.34229754,1
1505588749,21601838,3173.74,1.02825885,1
1505588749,21601837,3173.74,0.98171397,0
1505588736,21601831,3166.00,0.04978517,1
1505588697,21601795,3174.35,0.00628475,0
1505588670,21601755,3165.00,0.00299983,1
1505588667,21601746,3165.00,0.16125398,0
1505588666,21601741,3160.15,0.31116561,1
1505588664,21601736,3165.00,0.57475750,0
1505588664,21601734,3164.98,0.00399983,0
1505588663,21601732,3164.97,0.01788970,0
1505588654,21601719,3165.00,0.00000447,0
1505588653,21601717,3164.84,0.31038536,1
1505588652,21601709,3165.00,0.02125988,0
1505588651,21601707,3164.97,0.02499595,0
1505588651,21601704,3164.96,0.03577940,0
1505588651,21601702,3164.84,0.00499983,0
1505588645,21601681,3164.97,0.00000405,1
1505588643,21601664,3164.97,0.00699983,1
1505588641,21601658,3164.97,0.07155879,0
1505588637,21601640,3160.20,0.74411747,1
1505588623,21601628,3164.97,0.02725017,0
1505588623,21601627,3164.96,0.00999983,0
1505588605,21601617,3164.90,0.00882110,0
1505588564,21601571,3164.85,0.01039530,0
1505588564,21601570,3156.92,0.01799983,0
1505588537,21601567,3165.00,0.04035000,0
1505588537,21601566,3165.00,0.20237417,0
1505588537,21601565,3157.00,0.35250825,0
1505588537,21601564,3156.99,0.17036775,0
1505588535,21601563,3156.97,0.02499983,0
1505588524,21601554,3157.00,0.04749175,0
1505588524,21601553,3157.00,0.01427440,0
1505588517,21601548,3143.49,0.02822511,1
1505588516,21601547,3145.33,0.02759983,1
1505588516,21601546,3145.33,0.33477130,1
1505588516,21601545,3145.33,0.05519983,1
1505588516,21601544,3145.35,0.16000000,0
1505588515,21601543,3145.36,0.07881426,0
1505588514,21601542,3145.36,0.32619785,1
1505588482,21601533,3157.00,0.03159962,0
1505588448,21601513,3157.00,0.12658032,0
1505588444,21601511,3157.00,0.10241566,0
1505588443,21601510,3156.98,0.00499983,0
1505588443,21601509,3156.98,0.00599983,0
1505588347,21601475,3164.97,0.00789073,0
1505588347,21601474,3156.98,0.01515563,0
1505588346,21601473,3156.94,0.00599949,1
1505588323,21601466,3156.98,0.01121354,0
1505588323,21601465,3156.92,0.00899949,0
1505588286,21601448,3154.00,0.01299949,1
1505588285,21601447,3154.00,0.02036270,0
1505588282,21601446,3154.00,0.00495753,1
1505588282,21601444,3154.00,0.03504247,0
1505588279,21601443,3153.06,0.01495753,1
1505588279,21601442,3154.00,0.03504247,1
1505588278,21601441,3154.00,0.01199949,1
1505588277,21601438,3154.00,0.05295804,0
1505588273,21601436,3152.98,0.01599949,0
1505588265,21601435,3153.00,0.05000000,0
1505588256,21601428,3152.00,0.05000000,0
1505588251,21601427,3153.03,0.27551327,1
1505588249,21601426,3153.00,0.04276390,0
1505588244,21601423,3151.76,0.00299949,1
1505588238,21601419,3143.84,0.01224166,1
1505588234,21601417,3148.00,0.05000000,0
1505588227,21601413,3149.00,0.05000000,0
1505588223,21601412,3153.00,0.00723610,0
1505588223,21601411,3152.96,0.00399949,0
1505588223,21601410,3150.00,0.05000000,0
1505588171,21601370,3140.55,0.13836200,0
1505588146,21601331,3156.98,0.02636917,1
1505588146,21601330,3156.98,0.00499949,0
1505588123,21601313,3159.97,0.15459765,0
1505588116,21601311,3140.30,0.33424140,1
1505588099,21601306,3140.32,0.27746300,1
1505588091,21601300,3162.74,0.00396000,1
1505588089,21601299,3169.78,0.00133172,0
1505588089,21601298,3162.68,0.02399949,0
1505588087,21601297,3162.80,0.08842377,0
1505588087,21601296,3162.74,0.01304430,0
1505588087,21601295,3148.98,0.01799949,0
1505588085,21601294,3162.67,0.00520693,0
1505588085,21601293,3149.02,0.00400000,0
1505588062,21601282,3140.08,0.02000000,1
1505588055,21601277,3140.06,0.31634140,1
1505588055,21601276,3149.00,0.01790000,1
1505588048,21601269,3162.88,0.03053059,0
1505588026,21601263,3162.88,0.07568552,0
1505588012,21601255,3145.55,0.20000000,1
1505588004,21601251,3157.36,0.04478128,0
1505587976,21601246,3145.33,0.07246853,1
1505587976,21601244,3148.71,0.05679949,1
1505587968,21601236,3157.36,0.22145717,0
1505587967,21601231,3150.50,0.14627402,0
1505587963,21601226,3150.50,0.19084226,0
1505587960,21601219,3150.50,0.33443464,0
1505587958,21601216,3150.50,0.25716870,0
1505587958,21601212,3150.50,0.07128038,0
1505587957,21601209,3150.50,0.00572021,0
1505587947,21601193,3148.66,0.01000000,1
1505587901,21601164,3148.66,0.01000000,1
1505587856,21601151,3150.50,0.14428600,0
1505587846,21601144,3148.66,0.01000000,1
1505587831,21601133,3150.50,0.00006003,1
1505587827,21601129,3150.50,0.13493997,1
1505587827,21601127,3151.18,0.01512627,1
1505587824,21601125,3161.70,0.01106100,0
1505587724,21601019,3178.64,0.94356706,0
1505587723,21601018,3178.00,2.00000000,0
1505587723,21601017,3178.00,0.50000000,0
1505587723,21601016,3177.73,0.00319537,0
1505587723,21601014,3175.22,0.03000000,0
1505587722,21601012,3175.22,0.17992802,1
1505587722,21601011,3173.89,0.00319144,0
1505587722,21601010,3173.19,0.07909641,0
1505587722,21601009,3173.19,0.02090359,0
1505587721,21601008,3171.01,0.13650000,0
1505587721,21601007,3171.01,0.10000000,0
1505587721,21601006,3170.00,1.30907805,0
1505587721,21601005,3170.00,0.02000000,0
1505587721,21601004,3170.00,0.56200000,1
1505587720,21601002,3169.00,0.01000000,0
1505587720,21601001,3169.00,0.05000000,0
1505587720,21601000,3168.23,0.50000000,0
1505587720,21600999,3168.23,0.65221270,1
1505587719,21600998,3166.00,0.97745516,0
1505587719,21600997,3159.99,0.57474446,0
1505587717,21600994,3159.97,0.18314363,1
1505587717,21600992,3159.97,0.00299949,0
1505587697,21600985,3159.94,0.35000000,0
1505587693,21600980,3159.99,0.29776554,0
1505587692,21600979,3159.97,0.00699949,0
1505587691,21600978,3159.97,0.00499949,0
1505587589,21600892,3150.97,0.03100000,1
1505587571,21600843,3164.25,0.30979621,0
1505587506,21600788,3164.64,0.03052272,0
1505587484,21600777,3164.89,0.03025000,0
1505587472,21600711,3166.00,0.10698484,0
1505587472,21600710,3164.95,0.01000000,0
1505587470,21600709,3159.76,0.00699949,0
1505587461,21600703,3164.92,0.00034992,0
1505587461,21600702,3159.78,0.00999949,0
1505587452,21600701,3164.74,0.00955764,1
1505587429,21600689,3159.83,0.01499949,0
1505587348,21600630,3160.00,0.02099949,1
1505587348,21600628,3160.00,0.43150850,0
1505587343,21600625,3160.00,0.36993356,0
1505587343,21600624,3159.99,0.04030517,0
1505587341,21600620,3159.96,0.01133032,1
1505587339,21600619,3160.00,0.19855794,0
1505587339,21600618,3160.00,0.39706556,0
1505587337,21600615,3159.96,0.02899949,1
1505587297,21600565,3160.00,0.00799949,0
1505587296,21600564,3160.00,0.03199949,0
1505587290,21600563,3160.00,0.02705399,0
1505587290,21600562,3159.99,0.01202563,0
1505587290,21600561,3159.98,0.01451987,0
1505587289,21600560,3159.98,0.01048013,1
1505587281,21600555,3159.98,0.10000000,1
1505587266,21600551,3159.98,0.06376306,0
1505587216,21600499,3147.89,0.00380264,1
1505587186,21600464,3159.86,0.12000000,0
1505587181,21600459,3159.88,0.02233306,0
1505587125,21600428,3159.81,0.00268011,0
1505587125,21600427,3158.55,0.00599949,0
1505587125,21600426,3158.55,0.00799949,0
1505587076,21600391,3158.97,0.02980874,0
1505587063,21600383,3155.95,0.00451654,0
1505587063,21600382,3155.95,0.00999949,0
1505587058,21600381,3150.03,0.00321000,1
1505587055,21600378,3150.03,0.02299949,1
1505587053,21600377,3163.75,0.04621864,0
1505587052,21600374,3139.18,0.00331000,1
1505587033,21600364,3150.00,0.00520000,0
1505587021,21600345,3139.09,0.04889952,1
1505587013,21600337,3136.80,0.80540143,1
1505587013,21600336,3139.00,2.35104797,1
1505587013,21600335,3139.02,4.75000000,1
1505587012,21600334,3139.03,0.69100000,0
1505587012,21600333,3142.51,0.04873015,1
1505587012,21600332,3142.52,0.35994960,1
1505587011,21600331,3145.00,0.01000000,1
1505587011,21600330,3148.00,0.02000000,1
1505587009,21600329,3150.00,1.85047408,1
1505587004,21600327,3150.03,0.09856706,1
1505586986,21600323,3164.30,0.01850000,0
1505586985,21600322,3164.30,0.17005657,0
1505586977,21600316,3163.78,0.03000000,0
1505586964,21600304,3164.36,0.07309702,0
1505586963,21600302,3160.00,0.00739000,0
1505586947,21600283,3160.00,0.01400000,1
1505586938,21600258,3164.44,0.07789634,0
1505586905,21600220,3164.71,0.09132430,0
1505586850,21600151,3164.96,0.02500000,1
1505586850,21600150,3154.61,0.00600000,0
1505586849,21600147,3164.94,0.00400000,1
1505586845,21600135,3169.97,0.01352000,0
1505586845,21600132,3164.94,0.01199949,1
1505586838,21600111,3170.00,0.03918978,0
1505586838,21600110,3164.94,0.01599949,0
1505586832,21600078,3170.00,0.01179074,0
1505586832,21600073,3154.62,0.10785522,1
1505586832,21600069,3154.62,0.25306514,1
1505586831,21600065,3154.65,0.11136956,1
1505586831,21600063,3170.00,0.07534462,1
1505586830,21600059,3170.00,0.08944431,0
1505586830,21600058,3169.00,0.00000539,0
1505586829,21600055,3168.07,0.02682374,1
1505586829,21600053,3169.00,0.04999461,0
1505586829,21600050,3165.00,0.01000000,0
1505586829,21600049,3164.96,0.00700586,0
1505586828,21600045,3164.96,0.01599363,0
1505586823,21600021,3164.98,0.01000000,0
1505586814,21599966,3164.97,0.01000000,0
1505586813,21599963,3154.48,0.17120858,1
1505586813,21599962,3162.00,0.05213529,1
1505586812,21599960,3162.00,0.01034508,1
1505586801,21599944,3163.95,0.01874243,1
1505586801,21599942,3163.95,0.01245706,1
1505586794,21599934,3163.93,0.63636229,1
1505586794,21599932,3163.93,0.68806104,1
1505586794,21599930,3163.93,0.06000900,1
1505586794,21599929,3163.93,0.72972735,1
1505586793,21599928,3164.06,0.04399949,1
1505586786,21599905,3163.93,0.00436005,1
1505586784,21599897,3163.93,0.00499949,1
1505586783,21599891,3164.04,0.00909380,1
1505586780,21599878,3164.04,0.02600000,0
1505586780,21599877,3163.10,1.00000000,0
1505586780,21599876,3162.00,0.23000000,0
1505586780,21599874,3161.00,0.02405836,0
1505586777,21599863,3161.00,0.01014573,0
1505586777,21599862,3160.98,0.01707938,0
1505586777,21599861,3160.96,0.00699949,0
1505586776,21599854,3154.49,0.08566361,1
1505586775,21599843,3154.49,0.09040143,1
1505586774,21599837,3160.99,0.00004828,1
1505586773,21599834,3160.99,0.08005929,0
1505586766,21599810,3160.97,0.03927165,0
1505586766,21599809,3160.69,0.00999949,0
1505586763,21599793,3161.00,0.01579591,0
1505586763,21599792,3160.99,0.03425531,0
1505586762,21599790,3160.98,0.01499949,0
1505586746,21599692,3160.73,0.02975611,0
1505586744,21599687,3160.87,0.04018646,0
1505586744,21599686,3160.76,0.02099949,0
1505586734,21599662,3150.00,0.01000000,1
1505586711,21599609,3149.99,0.04575572,1
1505586708,21599602,3150.06,0.01446039,1
1505586708,21599601,3150.08,0.03899949,1
1505586706,21599593,3149.96,0.01153910,0
1505586703,21599576,3150.00,0.00700051,1
1505586702,21599573,3149.65,0.00299949,0
1505586696,21599556,3150.04,0.02720918,1
1505586694,21599552,3158.66,0.17126959,0
1505586694,21599551,3150.04,0.03359640,0
1505586694,21599550,3150.02,0.02239669,0
1505586694,21599549,3149.69,0.07273732,0
1505586688,21599536,3161.89,0.01659433,0
1505586687,21599533,3159.00,0.04000000,0
1505586687,21599531,3154.70,0.00321117,0
1505586687,21599530,3154.67,0.00399633,0
1505586687,21599527,3154.67,0.00000316,0
1505586686,21599525,3151.76,0.06292993,1
1505586686,21599522,3151.76,0.03707922,0
1505586682,21599515,3149.69,0.02725981,0
1505586682,21599514,3145.17,1.56795790,1
1505586681,21599513,3145.17,0.79077834,1
1505586679,21599512,3149.69,0.00273680,1
1505586678,21599511,3149.69,0.02726320,0
1505586676,21599506,3145.20,0.00499949,1
1505586676,21599502,3154.70,0.26201223,1
1505586675,21599500,3154.70,0.05561543,1
1505586675,21599495,3154.69,0.04873015,0
1505586674,21599491,3150.00,0.17375850,1
1505586674,21599489,3150.00,0.23791037,1
1505586674,21599488,3150.00,0.01020163,1
1505586671,21599482,3150.00,0.01588257,0
1505586671,21599480,3150.00,0.88000000,0
1505586671,21599479,3150.00,0.00250000,0
1505586671,21599478,3147.00,1.00000000,0
1505586670,21599477,3144.07,0.39141580,0
1505586666,21599475,3144.07,0.48109420,0
1505586666,21599474,3144.06,0.07415845,0
1505586666,21599473,3143.69,0.00799949,0
1505586666,21599471,3143.00,0.05000000,0
1505586648,21599449,3139.00,0.01000000,1
1505586600,21599371,3139.00,0.27861295,1
1505586585,21599366,3145.55,0.14894843,0
1505586584,21599365,3144.08,0.14831689,0
1505586584,21599364,3139.24,0.02269803,0
1505586584,21599363,3139.20,0.01099949,0
1505586538,21599343,3139.00,0.05000000,1
1505586524,21599333,3139.16,0.04520850,0
1505586524,21599332,3139.10,0.01599949,0
1505586518,21599329,3139.14,0.04410172,0
1505586518,21599328,3139.12,0.02199949,0
1505586513,21599325,3139.00,0.05000000,1
1505586508,21599319,3139.00,0.14944051,1
1505586508,21599318,3139.04,0.00379949,1
1505586507,21599315,3139.02,0.01519949,1
1505586506,21599313,3139.00,0.01564665,1
1505586506,21599312,3139.00,0.09954758,1
1505586503,21599307,3139.00,0.12516400,1
1505586496,21599302,3139.16,0.10810333,1
1505586484,21599290,3139.16,0.03531172,1
1505586467,21599269,3139.16,0.07375950,1
1505586451,21599263,3139.16,0.02299949,1
1505586436,21599260,3139.00,0.78782567,1
1505586435,21599259,3139.01,0.02551433,1
1505586426,21599246,3139.00,1.02512915,1
1505586418,21599242,3139.00,0.75934897,1
1505586418,21599241,3139.10,1.21425205,1
1505586417,21599240,3139.12,0.00879949,1
1505586417,21599239,3139.12,0.01759949,1
1505586406,21599238,3139.10,0.02199949,1
1505586318,21599211,3139.10,0.67067260,1
1505586318,21599209,3139.11,0.32932740,1
1505586306,21599202,3139.10,0.09307586,1
1505586293,21599184,3139.24,0.00279949,0
1505586292,21599183,3139.24,0.01119949,0
1505586244,21599157,3139.00,0.80102824,1
1505586233,21599156,3146.78,0.00649255,0
1505586228,21599153,3139.00,0.19213142,1
1505586200,21599118,3139.00,0.14069474,1
1505586178,21599087,3139.00,0.74476267,1
1505586167,21599058,3139.00,0.03214081,1
1505586162,21599047,3139.00,0.20405075,1
1505586162,21599046,3139.04,0.02099949,1
1505586150,21599031,3139.00,0.03424977,1
1505586149,21599027,3139.02,0.02359654,1
1505586148,21599026,3139.07,0.03539618,1
1505586144,21599015,3139.00,0.20000000,1
1505586138,21599005,3139.00,0.18840396,1
1505586125,21598993,3146.99,0.02500705,0
1505586125,21598992,3140.88,0.00269949,0
1505586122,21598988,3140.88,0.00430000,0
1505586120,21598987,3146.96,0.07810562,1
1505586120,21598986,3141.64,0.01801523,0
1505586120,21598984,3141.00,0.05000000,0
1505586118,21598980,3140.98,0.00999949,0
1505586116,21598978,3139.00,0.03358713,1
1505586081,21598966,3139.00,0.09996001,1
1505586057,21598951,3139.00,0.21425614,1
1505586039,21598940,3139.00,0.04834024,1
1505586034,21598937,3139.00,0.03510671,1
1505586017,21598923,3139.00,0.03427200,1
1505586011,21598920,3139.00,0.11644623,1
1505586010,21598919,3139.02,0.64959061,1
1505586010,21598918,3139.00,0.02354437,1
1505586009,21598917,3139.01,0.10174260,1
1505586004,21598912,3139.01,0.02199949,1
1505585999,21598908,3139.00,0.05000000,0
1505585999,21598907,3138.96,0.02299949,0
1505585973,21598899,3135.01,0.16655591,1
1505585973,21598898,3135.02,0.00559949,1
1505585973,21598897,3135.86,0.01119949,1
1505585950,21598888,3135.80,0.13044159,1
1505585944,21598880,3139.96,0.06189949,0
1505585944,21598879,3139.92,0.01588257,0
1505585939,21598874,3135.80,0.03999949,1
1505585933,21598871,3135.50,0.06709310,0
1505585933,21598870,3135.39,0.00720206,0
1505585933,21598869,3135.38,0.50000000,0
1505585933,21598868,3135.38,0.05629200,0
1505585903,21598854,3135.38,0.03002365,0
1505585901,21598851,3135.00,0.14509729,1
1505585900,21598842,3135.00,0.00299949,1
1505585898,21598839,3135.03,0.04299949,1
1505585897,21598838,3135.00,0.03883486,0
1505585886,21598831,3135.00,0.01116514,0
1505585879,21598782,3121.22,0.09500664,1
1505585879,21598781,3123.78,0.01900000,1
1505585875,21598778,3123.81,0.09786861,1
1505585873,21598776,3132.99,0.00611045,1
1505585873,21598775,3132.99,0.35000000,1
1505585870,21598773,3132.99,0.04449743,1
1505585861,21598765,3133.00,0.19541695,1
1505585850,21598757,3133.00,0.10970447,1
1505585838,21598740,3133.03,0.01913421,1
1505585824,21598725,3133.87,0.19311909,0
1505585822,21598721,3133.00,0.04181612,1
1505585821,21598720,3133.07,0.04319949,1
1505585821,21598719,3133.07,0.01439949,1
1505585819,21598718,3133.00,0.01301612,1
1505585819,21598717,3133.05,0.02879949,1
1505585819,21598716,3133.05,0.05759949,1
1505585818,21598715,3133.03,0.09941510,1
1505585804,21598711,3133.00,0.01154616,0
1505585803,21598710,3132.99,0.01140811,0
1505585763,21598688,3133.00,0.03845384,0
1505585763,21598686,3132.99,0.02281622,0
1505585724,21598665,3132.99,0.03148834,0
1505585708,21598654,3119.64,0.63096115,1
1505585704,21598652,3133.87,0.01305226,0
1505585704,21598651,3133.86,0.07712078,0
1505585701,21598649,3119.39,0.10999306,1
1505585701,21598648,3119.81,0.02500000,1
1505585693,21598638,3135.38,0.04748068,0
1505585692,21598637,3135.00,0.10000000,0
1505585692,21598635,3134.00,0.50000000,0
1505585692,21598633,3133.87,0.15424155,0
1505585692,21598632,3133.81,0.02923547,1
1505585690,21598631,3133.81,0.10994907,0
1505585684,21598626,3133.00,0.00891069,0
1505585683,21598625,3119.77,0.03352240,1
1505585682,21598624,3133.00,0.03395000,1
1505585681,21598623,3119.81,0.01605000,0
1505585653,21598581,3119.62,0.04152000,1
1505585652,21598580,3119.62,0.03223950,1
1505585646,21598565,3119.42,0.10994907,1
1505585646,21598563,3119.60,0.01372800,0
1505585640,21598549,3135.41,0.00720206,1
1505585640,21598548,3135.39,0.05322271,1
1505585638,21598543,3135.38,0.07342509,1
1505585638,21598539,3135.38,0.36615014,0
1505585632,21598527,3135.50,0.09543932,0
1505585624,21598511,3119.39,0.02219045,1
1505585582,21598439,3123.93,0.00435000,1
1505585579,21598435,3119.06,0.17219433,1
1505585553,21598400,3135.95,0.01000000,0
1505585549,21598395,3139.92,0.00688359,1
1505585549,21598391,3139.92,0.00499949,0
1505585549,21598390,3139.92,0.00399949,0
1505585544,21598382,3118.61,0.01029864,1
1505585536,21598381,3132.51,0.01000000,1
1505585489,21598332,3126.46,0.00324000,0
1505585481,21598327,3117.03,0.12398749,1
1505585481,21598326,3117.03,0.09384992,1
1505585480,21598325,3126.43,0.01000000,1
1505585478,21598322,3126.46,0.15538237,1
1505585468,21598300,3149.27,0.32099296,0
1505585467,21598295,3141.64,0.04000000,0
1505585467,21598290,3140.00,0.01311598,0
1505585467,21598287,3140.00,0.10320677,0
1505585466,21598285,3139.96,0.26824866,1
1505585465,21598284,3140.00,0.02023150,0
1505585465,21598283,3139.96,0.00399949,0
1505585403,21598214,3129.81,0.00599949,0
1505585363,21598172,3140.00,0.03656173,0
1505585363,21598171,3140.00,0.03510915,0
1505585363,21598169,3140.00,0.05000000,0
1505585358,21598161,3125.45,0.05312885,1
1505585358,21598160,3125.55,0.01379949,1
1505585355,21598152,3129.90,0.01300000,1
1505585354,21598145,3137.80,0.01363039,0
1505585354,21598142,3137.79,0.12822750,0
1505585353,21598141,3134.86,0.04896554,0
1505585353,21598139,3131.00,0.12310373,0
1505585352,21598137,3129.86,0.00299949,0
1505585345,21598123,3131.00,0.14655062,0
1505585336,21598101,3117.34,0.06682191,1
1505585324,21598082,3131.00,0.03034565,0
1505585323,21598080,3124.97,0.03855718,0
1505585319,21598074,3124.94,0.00399949,0
1505585311,21598063,3124.98,0.12788243,0
1505585311,21598061,3124.96,0.00499949,0
1505585305,21598058,3117.29,0.12829653,1
1505585297,21598042,3130.62,0.04718738,0
1505585296,21598038,3129.90,0.00699949,1
1505585296,21598037,3124.98,0.00921254,1
1505585295,21598033,3129.90,0.04679254,0
1505585295,21598032,3129.89,0.07307235,0
1505585295,21598028,3125.01,0.00801917,0
1505585294,21598017,3124.98,0.01992400,1
1505585293,21598014,3124.98,0.00999949,0
1505585290,21598004,3119.16,0.07834097,0
1505585286,21598000,3117.12,0.01364000,0
1505585283,21597998,3117.15,0.01715806,0
1505585280,21597996,3125.00,0.04896554,0
1505585279,21597993,3117.12,0.38099636,1
1505585278,21597984,3123.58,0.96645515,0
1505585276,21597976,3109.98,0.01399949,0
1505585271,21597964,3125.01,0.33919571,1
1505585270,21597962,3123.95,0.01258115,0
1505585270,21597960,3118.52,0.05532368,0
1505585269,21597956,3118.52,0.09980696,0
1505585268,21597954,3111.54,0.00805389,0
1505585267,21597952,3110.00,0.28153552,0
1505585267,21597951,3107.96,0.01999949,0
1505585265,21597943,3108.03,0.06860000,1
1505585264,21597937,3108.00,0.78724371,0
1505585264,21597936,3107.98,0.02799949,0
1505585250,21597931,3102.35,0.03705880,1
1505585244,21597930,3108.00,0.01161148,0
1505585244,21597929,3105.00,0.03517030,0
1505585235,21597919,3105.00,0.82000051,0
1505585235,21597918,3104.96,0.03999949,0
1505585220,21597901,3104.98,0.04620051,1
1505585220,21597900,3104.98,0.02879949,1
1505585218,21597897,3105.00,0.01439949,0
1505585218,21597895,3105.00,0.04319949,0
1505585208,21597866,3105.00,0.05043478,1
1505585208,21597865,3104.99,0.04948579,0
1505585137,21597791,3101.90,0.26599826,1
1505585137,21597790,3105.00,0.04425000,0
1505585121,21597773,3105.00,0.13915942,0
1505585119,21597770,3100.00,0.02479949,0
1505585119,21597769,3100.00,0.06295200,0
1505585119,21597768,3100.00,0.01830349,0
1505585115,21597765,3094.73,0.03280775,1
1505585114,21597764,3094.73,0.41053575,1
1505585112,21597761,3094.73,0.07504800,1
1505585108,21597759,3094.73,0.19587009,1
1505585108,21597757,3094.73,0.20225957,1
1505585105,21597752,3094.73,0.26427508,1
1505585103,21597747,3094.76,0.02829100,1
1505585102,21597745,3094.76,0.06084600,1
1505585093,21597730,3093.21,0.02170900,0
1505585046,21597688,3100.00,0.01422286,0
1505585046,21597687,3093.88,0.00699898,0
1505585041,21597682,3093.88,0.22837039,0
1505585041,21597681,3093.86,0.00399949,0
1505585040,21597680,3093.84,0.00299949,0
1505584983,21597559,3099.74,0.06302519,0
1505584919,21597534,3093.89,0.01317629,0
1505584919,21597533,3093.85,0.00399949,0
1505584841,21597487,3100.00,0.00304249,0
1505584841,21597486,3099.96,0.00599949,0
1505584827,21597463,3093.02,0.04022129,1
1505584824,21597457,3100.00,0.02499912,0
1505584815,21597444,3100.00,0.06056796,1
1505584812,21597439,3100.00,0.50000000,0
1505584812,21597438,3099.50,0.01718998,0
1505584812,21597437,3099.08,0.00651280,0
1505584811,21597436,3099.06,0.00899949,0
1505584803,21597409,3092.94,0.13183100,1
1505584802,21597401,3092.97,0.03375610,1
1505584801,21597391,3092.94,0.07215093,1
1505584800,21597389,3092.94,0.13183100,1
1505584794,21597362,3092.94,0.05095476,1
1505584793,21597356,3092.94,0.09187394,1
1505584793,21597355,3099.50,0.03995706,1
1505584792,21597345,3099.50,0.01299915,1
1505584792,21597337,3099.50,0.02659525,1
1505584791,21597334,3099.50,0.30000000,0
1505584791,21597331,3099.00,0.62044854,0
1505584790,21597321,3099.00,0.02955146,0
1505584789,21597311,3098.99,0.13183100,1
1505584788,21597294,3098.99,0.00470832,0
1505584786,21597269,3091.49,0.01799915,1
1505584784,21597250,3091.49,0.05861517,0
1505584784,21597248,3091.49,0.07499620,0
1505584784,21597245,3091.48,0.01603580,0
1505584780,21597215,3086.44,0.15060493,1
1505584780,21597214,3091.49,0.07500085,1
1505584778,21597206,3091.49,0.02499915,0
1505584776,21597195,3086.44,0.01713949,1
1505584775,21597188,3093.92,0.02681053,1
1505584774,21597187,3093.92,0.01611871,0
1505584774,21597185,3093.74,0.03207161,0
1505584774,21597183,3093.66,0.01499915,0
1505584774,21597182,3091.51,0.01000000,0
1505584770,21597178,3086.44,0.08260255,1
1505584770,21597177,3086.52,0.00959915,1
1505584770,21597176,3086.54,0.01439915,1
1505584770,21597175,3086.54,0.00479915,1
1505584769,21597174,3086.44,1.89949314,1
1505584769,21597172,3086.44,0.06207412,1
1505584769,21597171,3086.52,0.01919915,1
1505584763,21597164,3092.57,0.01557631,1
1505584763,21597161,3086.56,0.07167820,1
1505584759,21597141,3093.06,2.05004108,1
1505584750,21597115,3086.44,0.25491830,1
1505584700,21597079,3073.49,0.67430641,1
1505584698,21597078,3093.92,0.01611871,1
1505584691,21597074,3073.49,0.32065488,1
1505584690,21597071,3073.85,0.04716040,1
1505584689,21597070,3073.93,0.06748487,1
1505584594,21597042,3095.35,0.03436122,0
1505584539,21597026,3070.94,0.00319168,0
1505584539,21597025,3070.94,0.01000000,1
1505584451,21597000,3099.68,0.01319168,0
1505584447,21596998,3099.65,0.03128700,0
1505584445,21596997,3071.40,0.35554237,1
1505584445,21596996,3071.41,0.36774522,1
1505584445,21596995,3073.61,0.25611241,1
1505584445,21596994,3078.12,0.01960000,1
1505584444,21596993,3078.42,0.13900000,1
1505584424,21596958,3099.99,0.03110425,0
1505584403,21596948,3089.97,0.40025000,0
1505584397,21596947,3078.15,0.01766740,0
1505584397,21596946,3078.15,0.07386015,0
1505584397,21596943,3078.16,0.01790000,1
1505584387,21596938,3090.00,0.20021404,1
1505584386,21596937,3090.00,0.10000000,0
1505584366,21596926,3089.90,0.01790996,0
1505584348,21596919,3089.99,0.00905594,0
1505584346,21596917,3089.20,0.03069862,0
1505584306,21596903,3089.58,0.31588290,0
1505584285,21596902,3089.73,0.32284374,0
1505584264,21596896,3089.90,0.00905538,0
1505584224,21596883,3089.90,0.03053757,0
1505584205,21596854,3089.90,0.02726874,0
1505584184,21596848,3089.90,0.02134382,0
1505584124,21596833,3090.00,0.02815717,0
1505584124,21596832,3089.55,0.00299915,0
1505584085,21596829,3089.77,0.30024241,0
1505584083,21596827,3090.00,0.06164148,0
1505584083,21596826,3082.66,0.00315789,0
1505584083,21596825,3082.58,0.00399915,0
1505584044,21596812,3073.41,0.25602888,1
1505584037,21596809,3073.61,0.10508887,1
1505584028,21596805,3089.60,0.03061428,0
1505584028,21596804,3089.60,0.87123575,1
1505584027,21596803,3090.00,0.02851044,0
1505584027,21596802,3085.74,0.01000000,0
1505584027,21596801,3082.66,0.02283587,0
1505584025,21596800,3082.66,0.01137023,0
1505584025,21596799,3082.34,0.00499915,0
1505583985,21596789,3082.66,0.02225000,0
1505583984,21596788,3082.40,0.00571599,0
1505583984,21596787,3082.22,0.00799915,0
1505583963,21596769,3082.28,0.02137105,0
1505583963,21596768,3082.28,0.01999915,0
1505583949,21596747,3063.51,0.04453053,1
1505583949,21596746,3063.53,0.01379915,1
1505583944,21596734,3063.59,0.09414480,1
1505583939,21596730,3082.72,0.10163427,1
1505583939,21596728,3082.66,0.01000000,0
1505583939,21596727,3082.66,0.06772420,1
1505583938,21596722,3082.60,0.01179325,0
1505583937,21596721,3082.35,0.00299915,0
1505583922,21596719,3082.50,0.01864813,0
1505583884,21596710,3085.60,0.04498234,0
1505583884,21596709,3075.00,0.02343201,0
1505583884,21596708,3074.96,0.00799915,0
1505583884,21596707,3074.96,0.02358650,0
1505583845,21596676,3063.51,0.03363679,1
1505583804,21596665,3075.00,0.01419317,0
1505583804,21596664,3074.96,0.04717301,0
1505583796,21596662,3074.92,0.01325170,1
1505583796,21596661,3074.92,0.02399915,0
1505583796,21596660,3074.92,0.01799915,0
1505583744,21596636,3075.00,0.01324012,1
1505583743,21596633,3075.00,0.03764553,1
1505583739,21596629,3075.00,0.02499915,1
1505583737,21596627,3070.50,0.09911520,0
1505583736,21596624,3088.60,0.01835270,1
1505583735,21596623,3075.00,0.17943017,0
1505583735,21596622,3075.00,0.02791460,1
1505583735,21596621,3075.00,0.00808455,1
1505583734,21596620,3074.99,0.09434602,1
1505583674,21596576,3063.64,0.20446175,1
1505583668,21596574,3075.00,0.00209332,1
1505583668,21596571,3074.38,0.18869204,1
1505583668,21596570,3074.27,0.01277041,0
1505583666,21596567,3074.22,0.09818826,0
1505583652,21596545,3063.61,0.04529087,1
1505583652,21596544,3063.61,0.02839915,1
1505583652,21596543,3063.63,0.04259915,1
1505583652,21596541,3063.70,0.02373990,1
1505583603,21596484,3062.02,0.10392900,1
1505583601,21596477,3063.22,0.04665200,1
1505583600,21596473,3063.21,0.05683810,1
1505583599,21596465,3063.27,0.32827000,1
1505583583,21596455,3074.07,0.01688533,0
1505583583,21596454,3074.07,0.04384733,0
1505583582,21596452,3063.18,0.02414514,1
1505583547,21596431,3074.15,0.32447994,0
1505583485,21596360,3074.42,0.00863080,0
1505583457,21596340,3062.59,0.02642600,1
1505583453,21596338,3074.51,0.01619325,0
1505583450,21596337,3062.45,0.07898340,1
1505583423,21596314,3074.59,0.03061577,0
1505583412,21596299,3074.61,0.00000368,1
1505583412,21596298,3074.61,0.04473088,1
1505583377,21596277,3074.67,0.39666462,1
1505583337,21596262,3074.99,0.02010000,0
1505583325,21596252,3074.97,0.00905606,0
1505583310,21596247,3074.62,0.00799915,0
1505583310,21596246,3074.61,0.00599915,1
1505583307,21596239,3075.00,0.17860588,0
1505583306,21596237,3074.61,0.02499915,0
1505583305,21596234,3074.61,0.01799915,0
1505583305,21596232,3074.00,0.00768831,0
1505583296,21596219,3074.65,0.14380408,0
1505583296,21596218,3074.65,0.01479646,0
1505583296,21596217,3074.65,0.01861564,0
1505583295,21596213,3074.65,0.43414203,0
1505583292,21596210,3074.65,0.00317166,0
1505583292,21596208,3074.65,0.11143322,0
1505583291,21596204,3074.65,0.43731369,0
1505583291,21596201,3074.65,0.05919601,0
1505583206,21596168,3074.84,0.01302634,0
1505583188,21596156,3069.25,0.06151900,1
1505583179,21596143,3074.96,0.29239404,1
1505583177,21596141,3074.95,0.03199915,0
1505583085,21596072,3078.40,0.02642624,0
1505583073,21596066,3078.40,0.03945131,0
1505583072,21596065,3078.38,0.00299915,0
1505583043,21596040,3089.79,0.00907853,0
1505583025,21596035,3078.39,0.03173401,0
1505582947,21595959,3080.89,0.27160278,1
1505582946,21595958,3080.87,0.48926170,0
1505582932,21595950,3060.62,0.40918260,0
1505582931,21595949,3060.62,0.16958412,1
1505582918,21595926,3081.20,0.04855900,0
1505582906,21595917,3054.10,0.00653246,1
1505582904,21595915,3081.40,0.01927567,0
1505582892,21595893,3062.00,0.01479915,0
1505582892,21595892,3062.00,0.05919915,0
1505582891,21595888,3062.00,0.01456522,0
1505582891,21595887,3061.66,0.01862062,0
1505582891,21595886,3061.53,0.01121331,0
1505582891,21595885,3062.00,0.00740810,1
1505582890,21595884,3062.00,0.01862190,1
1505582890,21595883,3062.00,0.01499636,1
1505582890,21595882,3062.00,0.01862239,1
1505582890,21595881,3062.00,0.14035125,1
1505582890,21595880,3062.13,0.02959915,1
1505582878,21595845,3081.73,0.00162232,0
1505582851,21595837,3082.08,0.14072639,0
1505582825,21595814,3082.30,0.03056904,0
1505582825,21595813,3082.23,0.02977322,0
1505582823,21595810,3082.29,0.00945938,0
1505582768,21595792,3083.30,0.03050502,0
1505582691,21595700,3083.40,0.32366868,0
1505582666,21595682,3083.74,0.12643692,0
1505582628,21595662,3078.74,0.00957957,0
1505582592,21595599,3079.49,0.00826521,0
1505582585,21595597,3079.43,0.00970014,0
1505582525,21595583,3080.13,0.30117916,1
1505582460,21595524,3057.91,0.01178658,0
1505582460,21595523,3057.91,0.02605000,0
1505582457,21595521,3057.91,0.01236110,1
1505582455,21595518,3056.40,0.01000000,1
1505582452,21595516,3057.89,0.24708310,1
1505582452,21595515,3057.90,0.95268775,1
1505582452,21595514,3059.15,0.65135990,1
1505582451,21595513,3061.13,0.04992723,1
1505582451,21595512,3061.13,0.00005779,1
1505582451,21595511,3061.80,0.02597748,1
1505582445,21595509,3074.90,0.03055366,0
1505582443,21595507,3074.90,0.02050129,0
1505582438,21595504,3074.96,0.06868955,0
1505582428,21595497,3061.80,0.09387155,0
1505582426,21595491,3062.40,0.98000000,0
1505582425,21595490,3063.00,0.50000000,1
1505582425,21595489,3063.20,0.40000000,1
1505582425,21595488,3064.38,0.02612273,1
1505582415,21595483,3064.38,0.01000000,1
1505582411,21595482,3074.90,0.00343455,0
1505582383,21595466,3074.90,0.12746038,0
1505582375,21595461,3064.38,0.01000000,1
1505582368,21595455,3074.96,0.08015078,0
1505582334,21595447,3063.93,0.01000000,1
1505582303,21595437,3084.31,0.03055595,0
1505582294,21595432,3063.36,0.01000000,1
1505582286,21595427,3084.37,0.03107209,0
1505582263,21595413,3081.00,0.15323131,0
1505582234,21595369,3079.58,0.05030000,0
1505582226,21595356,3067.00,0.14213054,1
1505582133,21595250,3067.11,0.01000000,1
1505582129,21595249,3067.04,0.24884394,1
1505582123,21595246,3071.80,0.43000000,1
1505582122,21595245,3074.00,0.19000000,1
1505582122,21595244,3075.00,0.14310861,1
1505582090,21595239,3081.30,0.09714731,0
1505582089,21595238,3075.00,0.01000000,1
1505582084,21595235,3078.62,0.12000486,1
1505582079,21595233,3078.62,0.14413601,1
1505582075,21595230,3078.62,0.02655966,1
1505582068,21595229,3092.80,0.06375658,0
1505582065,21595227,3078.62,0.22507067,1
1505582063,21595226,3093.90,0.00474039,0
1505582063,21595225,3093.89,0.44311245,0
1505582063,21595224,3093.84,0.17511315,0
1505582047,21595216,3078.62,0.07000000,1
1505582046,21595215,3078.62,0.42551200,1
1505582043,21595210,3078.62,0.08489601,1
1505582022,21595194,3079.07,0.02070000,1
1505582022,21595193,3080.00,0.02500000,1
1505582004,21595190,3098.72,0.00992015,0
1505582003,21595189,3075.00,0.04689139,1
1505581996,21595186,3098.90,0.00645384,0
1505581986,21595180,3074.07,0.13311607,1
1505581968,21595170,3074.00,0.01000000,1
1505581943,21595151,3100.24,0.06036618,0
1505581884,21595106,3094.06,0.12546284,0
1505581869,21595102,3073.24,0.11228341,1
1505581798,21595065,3108.00,0.20114481,0
1505581798,21595064,3106.26,0.03000000,0
1505581798,21595063,3104.00,0.05000000,0
1505581797,21595062,3101.92,0.00807887,0
1505581797,21595061,3101.00,0.42700000,0
1505581797,21595060,3100.99,0.87251000,0
1505581797,21595059,3100.06,0.01780000,0
1505581797,21595058,3100.00,0.50000000,0
1505581797,21595057,3099.90,2.00000000,0
1505581797,21595056,3099.80,0.47184350,0
1505581797,21595055,3092.26,0.06791832,0
1505581797,21595054,3092.09,0.00299915,0
1505581796,21595053,3092.09,0.00399915,0
1505581796,21595052,3092.06,0.91773052,0
1505581790,21595048,3065.87,0.55386331,1
1505581781,21595045,3065.85,0.01000000,1
1505581779,21595043,3076.40,0.10184330,1
1505581773,21595042,3076.40,0.02551786,1
1505581767,21595041,3076.44,0.06817584,1
1505581766,21595040,3076.44,0.01000000,1
1505581765,21595039,3076.44,0.28099932,1
1505581765,21595038,3076.44,0.10900769,1
1505581765,21595037,3076.52,0.01780000,1
1505581763,21595034,3076.56,0.15260251,0
1505581762,21595033,3076.56,0.89770901,0
1505581752,21595021,3100.00,0.08226948,1
1505581751,21595019,3095.49,0.74370600,0
1505581751,21595018,3094.91,0.01780000,0
1505581751,21595016,3094.00,0.75742645,0
1505581751,21595015,3094.00,0.01099915,1
1505581750,21595014,3094.00,0.00799915,1
1505581750,21595012,3093.77,0.25000000,0
1505581750,21595011,3093.58,0.65121090,0
1505581749,21595007,3092.26,0.06808613,1
1505581748,21595006,3092.26,0.41050274,0
1505581735,21595002,3076.43,0.00990023,0
1505581734,21595001,3076.42,0.10229099,1
1505581731,21594999,3076.42,0.12500000,1
1505581731,21594997,3076.43,0.07500000,0
1505581728,21594993,3076.44,0.01780000,1
1505581706,21594982,3076.40,0.01079983,1
1505581706,21594981,3076.43,0.07935560,1
1505581685,21594969,3076.77,0.14354803,1
1505581668,21594934,3076.76,0.06763520,1
1505581665,21594929,3093.57,0.62670567,0
1505581629,21594907,3076.62,0.01799915,1
1505581625,21594906,3093.65,0.06116288,0
1505581623,21594904,3076.59,0.00978500,0
1505581620,21594899,3076.56,0.07882900,0
1505581618,21594896,3076.56,0.02500000,0
1505581613,21594890,3076.59,0.17500000,0
1505581609,21594881,3076.59,0.57584100,1
1505581587,21594849,3076.44,0.11276800,0
1505581587,21594848,3076.44,0.05088780,0
1505581586,21594847,3076.43,0.02999915,1
1505581537,21594804,3076.44,0.16211920,0
1505581504,21594754,3093.52,0.01025000,0
1505581448,21594739,3076.58,0.11230000,1
1505581440,21594736,3076.49,0.57895215,1
1505581440,21594735,3076.50,0.05759915,1
1505581440,21594734,3076.52,0.01439915,1
1505581433,21594711,3093.99,0.03208091,0
1505581432,21594706,3093.99,0.03208091,0
1505581354,21594626,3094.00,0.09671946,0
1505581349,21594625,3094.00,1.11074658,0
1505581349,21594624,3093.99,0.50000000,0
1505581349,21594623,3093.98,0.30346840,0
1505581348,21594622,3091.18,0.16145949,0
1505581348,21594621,3080.53,0.43416600,0
1505581348,21594620,3080.00,0.06917337,0
1505581348,21594619,3080.00,0.60986476,0
1505581345,21594618,3075.33,0.01145727,1
1505581322,21594603,3080.00,0.47969156,0
1505581311,21594598,3070.10,0.00261062,1
1505581311,21594597,3070.22,0.00262172,1
1505581310,21594596,3070.22,0.00257422,1
1505581305,21594581,3080.00,0.02186959,0
1505581283,21594565,3080.00,0.12746369,0
1505581267,21594562,3080.00,0.12507741,0
1505581250,21594559,3080.00,1.89856194,0
1505581224,21594535,3080.00,0.10025000,0
1505581213,21594526,3080.00,0.31389061,0
1505581213,21594525,3080.00,0.01600900,0
1505581197,21594520,3080.00,0.00768831,0
1505581189,21594519,3080.00,0.00804263,0
1505581188,21594518,3079.99,0.48695737,0
1505581185,21594516,3079.99,0.03021053,0
1505581164,21594511,3080.00,0.11347368,0
1505581155,21594507,3080.00,0.16025000,0
1505581108,21594487,3080.00,0.03500000,0
1505581084,21594452,3080.00,0.00906149,0
1505581082,21594448,3080.00,0.12677795,0
1505581045,21594426,3080.00,0.00909010,0
1505581043,21594425,3080.00,0.31285940,0
1505581023,21594418,3079.99,0.05642776,0
1505581005,21594406,3080.00,0.05691543,0
1505581005,21594405,3077.99,0.01185286,0
1505581004,21594404,3078.00,0.00018526,1
1505581004,21594402,3078.00,0.19891164,0
1505581003,21594398,3068.85,0.05578579,1
1505580967,21594359,3078.00,0.10108836,0
1505580965,21594355,3077.99,0.04798501,0
1505580883,21594300,3077.99,0.00940681,0
1505580763,21594211,3079.97,0.01619172,0
1505580699,21594185,3070.00,0.02130000,0
1505580696,21594183,3070.00,0.10000000,1
1505580695,21594182,3070.84,0.11768804,1
1505580695,21594181,3071.09,0.00800000,1
1505580687,21594172,3086.52,0.00966136,1
1505580685,21594171,3080.00,0.02270344,0
1505580627,21594138,3070.84,0.00536177,1
1505580626,21594135,3070.84,0.07695019,1
1505580626,21594134,3080.00,0.08596611,1
1505580626,21594133,3080.00,0.10491880,1
1505580622,21594128,3080.00,0.07587988,1
1505580587,21594105,3080.00,0.03254124,1
1505580586,21594102,3091.09,0.01389624,0
1505580582,21594099,3080.00,0.05917837,1
1505580568,21594035,3091.18,0.15852493,1
1505580567,21594032,3091.18,0.00299915,0
1505580553,21594031,3091.20,0.04634498,0
1505580546,21594030,3091.20,0.30010352,0
1505580545,21594028,3091.20,0.02968750,0
1505580544,21594027,3091.20,0.04584453,0
1505580539,21594024,3091.59,0.00645299,0
1505580507,21594018,3091.80,0.15206507,0
1505580503,21594017,3091.79,0.09180889,0
1505580502,21594016,3091.79,0.19357718,0
1505580481,21594002,3091.89,0.04625211,1
1505580480,21594001,3091.89,0.01770000,0
1505580463,21593995,3091.90,0.34676188,0
1505580450,21593986,3092.00,0.10000647,0
1505580403,21593962,3084.00,0.03205649,0
1505580398,21593961,3084.00,0.09902231,0
1505580398,21593960,3083.90,0.00631362,1
1505580396,21593958,3083.90,0.00299915,0
1505580305,21593904,3084.00,0.01978275,0
1505580302,21593901,3084.00,0.00541089,0
1505580302,21593900,3083.79,0.00499915,0
1505580284,21593896,3084.00,0.02655966,0
1505580266,21593888,3083.77,0.10790446,0
1505580144,21593844,3086.62,0.03347986,0
1505580093,21593814,3070.90,0.01099915,1
1505580093,21593813,3070.90,0.01171200,0
1505580088,21593805,3070.90,0.27500000,0
1505580080,21593802,3070.85,0.01799915,1
1505580075,21593799,3070.85,0.05000000,0
1505580060,21593778,3070.92,0.02681147,1
1505580024,21593715,3070.83,0.01821743,1
1505580024,21593714,3070.83,0.01770000,1
1505580009,21593696,3070.84,0.08000000,1
1505580004,21593691,3093.80,0.30831067,0
1505580004,21593690,3093.79,0.01000000,0
1505579965,21593626,3094.85,0.01563924,0
1505579951,21593587,3094.87,0.00239350,1
1505579950,21593586,3094.87,0.13083386,1
1505579950,21593581,3094.87,0.02599915,0
1505579930,21593555,3070.14,0.02965000,1
1505579919,21593542,3070.12,0.01000000,1
1505579915,21593538,3070.14,0.04136902,1
1505579911,21593535,3091.50,0.64831074,1
1505579911,21593534,3091.52,0.00959915,1
1505579911,21593533,3091.52,0.00479915,1
1505579911,21593532,3091.54,0.00239915,1
1505579911,21593531,3091.54,0.00719915,1
1505579890,21593520,3094.79,0.04884794,0
1505579879,21593515,3091.56,0.01000000,1
1505579843,21593500,3090.96,0.00352881,0
1505579840,21593499,3090.96,0.09647119,1
1505579832,21593494,3090.96,0.01000000,1
1505579803,21593480,3095.00,0.10308531,0
1505579788,21593471,3090.96,0.01000000,1
1505579785,21593468,3095.00,0.03077189,0
1505579783,21593467,3090.96,0.03394335,1
1505579774,21593462,3095.00,0.75517983,0
1505579772,21593461,3094.98,0.02199915,0
1505579766,21593449,3095.00,0.02965105,0
1505579740,21593427,3085.20,0.05900170,1
1505579740,21593426,3085.24,0.04879915,1
1505579740,21593425,3085.26,0.01219915,1
1505579678,21593383,3085.20,0.01000000,1
1505579664,21593373,3085.20,0.11259935,1
1505579627,21593351,3085.22,0.01000000,1
1505579613,21593338,3085.20,0.00628802,1
1505579613,21593337,3086.39,0.02200000,1
1505579592,21593306,3095.40,0.06067812,0
1505579521,21593253,3095.49,0.31914784,0
1505579498,21593225,3095.49,0.03217420,0
1505579495,21593222,3095.40,0.40000000,0
1505579475,21593198,3084.15,0.01520679,1
1505579462,21593178,3082.58,0.06499901,0
1505579438,21593154,3079.88,0.00365870,0
1505579436,21593153,3079.86,0.00299915,0
1505579420,21593147,3085.80,0.46038628,0
1505579419,21593146,3085.74,0.26406182,1
1505579419,21593145,3079.88,0.12871092,0
1505579418,21593144,3076.00,0.38872510,0
1505579418,21593143,3073.59,0.05258194,0
1505579418,21593142,3071.00,0.28137440,0
1505579418,21593141,3070.97,0.00399915,1
1505579416,21593136,3070.97,0.04992723,0
1505579383,21593072,3070.97,0.00005779,1
1505579381,21593071,3070.92,0.00499915,0
1505579347,21593045,3059.78,0.01000000,0
1505579344,21593041,3070.93,0.01995987,0
1505579331,21593016,3059.75,0.00299915,1
1505579324,21592992,3071.00,0.21862560,0
1505579324,21592991,3068.87,0.00499915,0
1505579305,21592990,3069.00,0.06121145,0
1505579303,21592986,3069.00,0.67899612,0
1505579303,21592985,3068.99,0.56936580,0
1505579303,21592984,3063.00,0.06342800,0
1505579303,21592983,3060.00,0.23022711,0
1505579303,21592982,3059.99,0.01192341,0
1505579303,21592981,3059.48,0.05000000,0
1505579299,21592980,3059.48,0.05920801,1
1505579299,21592979,3059.48,0.00599915,0
1505579272,21592968,3046.07,0.35000000,0
1505579244,21592963,3059.31,0.09395256,0
1505579162,21592926,3060.00,0.76977289,0
1505579161,21592925,3059.97,0.02384682,0
1505579161,21592924,3059.17,0.00899915,0
1505579151,21592921,3059.19,0.04760000,0
1505579141,21592920,3059.93,0.08049873,0
1505579141,21592919,3057.29,0.01299915,0
1505579125,21592912,3059.95,0.15051520,0
1505579125,21592911,3057.31,0.01799915,0
1505579124,21592910,3057.29,0.09529363,0
1505579123,21592909,3057.25,0.16313467,0
1505579105,21592904,3057.32,0.11723705,0
1505578967,21592839,3059.30,0.05148491,0
1505578967,21592838,3059.30,0.02499915,0
1505578964,21592835,3059.31,0.20194729,0
1505578909,21592785,3039.28,0.00253374,0
1505578909,21592784,3039.28,0.01159915,0
1505578909,21592783,3039.28,0.02319915,0
1505578908,21592781,3039.28,0.33029140,1
1505578908,21592779,3039.35,0.39846134,1
1505578865,21592764,3062.98,0.01660761,0
1505578865,21592762,3062.97,0.01044410,0
1505578846,21592729,3063.00,0.03172874,0
1505578844,21592726,3060.04,0.16534119,1
1505578844,21592725,3060.04,0.04379682,0
1505578844,21592724,3059.98,0.02699915,0
1505578834,21592705,3048.57,0.03420186,1
1505578833,21592703,3048.58,0.11256082,1
1505578827,21592697,3048.54,0.12398588,1
1505578825,21592695,3048.53,0.04244886,1
1505578824,21592694,3048.54,0.01000000,1
1505578823,21592693,3060.04,0.01460326,1
1505578822,21592690,3060.04,0.02919589,1
1505578822,21592688,3048.54,0.09581725,1
1505578822,21592687,3048.61,0.01459915,1
1505578822,21592686,3060.00,0.40000000,1
1505578821,21592685,3060.02,0.02919915,1
1505578819,21592676,3060.03,0.00784000,1
1505578817,21592666,3073.59,0.08435806,0
1505578817,21592665,3073.46,0.87251000,0
1505578817,21592662,3067.57,0.26000000,0
1505578816,21592661,3066.62,0.25487311,0
1505578816,21592657,3064.54,0.74000000,0
1505578816,21592656,3064.00,0.50000000,0
1505578815,21592655,3063.00,0.12417597,0
1505578815,21592654,3063.00,0.06363197,1
1505578815,21592652,3062.79,0.03706892,0
1505578813,21592645,3059.94,0.06363197,0
1505578805,21592638,3048.54,0.10868360,0
1505578804,21592636,3048.54,0.08121095,1
1505578804,21592633,3048.54,0.04345619,1
1505578795,21592628,3045.61,0.01519036,0
1505578795,21592627,3043.83,0.16786746,1
1505578791,21592616,3043.79,0.01780000,0
1505578791,21592615,3043.79,0.01452466,0
1505578781,21592600,3039.18,0.11320000,0
1505578729,21592571,3043.96,0.01966189,0
1505578724,21592569,3043.96,0.03199113,0
1505578701,21592566,3030.03,0.01784000,1
1505578694,21592560,3042.00,0.01966016,0
1505578692,21592559,3041.97,0.01268691,0
1505578672,21592546,3030.00,0.03439934,1
1505578659,21592541,3030.03,0.03274500,1
1505578623,21592509,3043.99,0.01935000,0
1505578606,21592468,3045.46,0.07977848,0
1505578567,21592453,3040.00,0.05947250,0
1505578567,21592452,3039.99,0.00435000,0
1505578567,21592451,3039.99,0.03440600,0
1505578554,21592441,3040.00,0.27617690,0
1505578553,21592438,3039.99,0.04472381,0
1505578507,21592420,3045.54,0.07532982,1
1505578451,21592400,3045.61,0.01465388,0
1505578450,21592397,3052.70,0.23747608,1
1505578450,21592396,3052.70,0.08944763,0
1505578415,21592376,3051.74,0.16184025,0
1505578412,21592375,3052.83,0.24299000,0
1505578412,21592374,3045.52,0.02500000,0
1505578402,21592365,3025.01,0.23255115,1
1505578402,21592363,3027.00,0.03500000,1
1505578400,21592362,3027.01,0.02244885,1
1505578356,21592341,3054.52,0.06450924,0
1505578339,21592333,3030.00,0.28049315,0
1505578339,21592330,3030.00,0.50000000,0
1505578335,21592323,3030.00,0.13369636,0
1505578330,21592319,3030.00,0.13320409,0
1505578323,21592314,3030.00,0.05259394,0
1505578322,21592313,3030.00,0.06264000,0
1505578321,21592312,3030.00,0.08736905,0
1505578318,21592309,3030.00,0.01511000,0
1505578318,21592307,3030.00,0.01140120,0
1505578316,21592302,3030.00,0.06251898,0
1505578313,21592298,3030.00,0.01780000,0
1505578313,21592297,3032.00,0.38872510,1
1505578313,21592296,3032.09,0.54022220,1
1505578313,21592295,3032.10,0.25555163,1
1505578312,21592294,3032.13,0.67867430,1
1505578295,21592286,3032.08,0.27073009,1
1505578285,21592273,3062.80,0.04726681,0
1505578285,21592272,3062.80,0.08518388,0
1505578285,21592270,3062.79,0.90000000,0
1505578283,21592266,3052.61,0.01770000,0
1505578280,21592260,3032.04,0.09959175,1
1505578279,21592259,3032.04,0.01770000,1
1505578275,21592249,3033.86,0.05059561,1
1505578271,21592240,3063.00,0.10177567,1
1505578271,21592239,3063.00,0.02244998,1
1505578270,21592237,3063.00,0.02244998,1
1505578269,21592234,3063.00,0.02187411,1
1505578269,21592232,3062.93,0.87251000,0
1505578269,21592231,3062.89,0.63845380,0
1505578268,21592229,3062.85,0.00569625,0
1505578268,21592228,3062.81,0.17036775,0
1505578268,21592227,3062.78,0.39076119,0
1505578260,21592216,3062.89,0.01432956,0
1505578244,21592198,3063.02,0.63752802,0
1505578226,21592185,3063.01,0.01861836,0
1505578184,21592170,3025.20,0.04654749,1
1505578184,21592168,3026.84,0.03297181,1
1505578165,21592148,3063.70,0.00913401,0
1505578148,21592136,3063.78,0.01190375,0
1505578145,21592129,3063.79,0.04303988,0
1505578106,21592123,3064.73,0.03037957,0
1505578103,21592121,3032.48,0.00207812,1
1505578101,21592118,3032.53,0.00415625,1
1505578097,21592115,3032.46,0.00831250,1
1505578094,21592113,3028.60,0.01662500,1
1505578092,21592112,3064.96,0.06426182,0
1505578090,21592111,3028.51,0.03325000,1
1505578086,21592107,3026.84,0.00250815,0
1505578086,21592106,3026.01,0.06650000,1
1505578085,21592105,3026.84,0.03406691,0
1505578084,21592102,3026.84,0.01413789,1
1505578083,21592101,3026.84,0.13300000,1
1505578080,21592100,3025.91,0.19795138,1
1505578080,21592099,3025.91,0.01760000,1
1505578080,21592098,3032.10,0.05044861,1
1505578063,21592096,3034.53,0.06868378,1
1505578044,21592087,3065.22,0.08316189,0
1505578023,21592082,3043.93,0.42232799,1
1505577984,21592051,3033.56,0.09639592,1
1505577984,21592050,3047.92,0.02220000,1
1505577969,21592038,3065.44,0.00934092,0
1505577967,21592036,3065.44,0.00140193,0
1505577967,21592035,3063.14,0.00599915,0
1505577967,21592034,3063.14,0.00799915,0
1505577944,21591997,3063.19,0.12563547,0
1505577848,21591947,3063.75,0.00132668,0
1505577848,21591946,3063.71,0.00799915,0
1505577823,21591928,3063.75,0.03759801,1
1505577822,21591926,3063.75,0.01099915,0
1505577812,21591921,3064.64,0.01182676,0
1505577811,21591920,3063.82,0.01599915,0
1505577809,21591918,3063.74,0.00813711,0
1505577794,21591909,3063.85,0.13639504,0
1505577792,21591905,3033.01,0.12004063,1
1505577792,21591902,3038.44,0.03899937,1
1505577783,21591896,3033.01,0.20034909,0
1505577783,21591894,3043.16,0.00579915,1
1505577783,21591893,3043.32,0.33061176,1
1505577768,21591871,3073.56,0.13624021,0
1505577765,21591864,3063.83,0.00482625,0
1505577765,21591863,3063.82,0.01012375,0
1505577752,21591829,3057.72,0.07022235,0
1505577752,21591826,3057.70,0.01999915,0
1505577742,21591810,3057.72,0.00499915,0
1505577741,21591808,3058.00,0.01999915,0
1505577740,21591803,3042.70,0.05044861,0
1505577734,21591790,3031.70,0.24268242,1
1505577734,21591789,3039.11,0.04321714,1
1505577734,21591788,3041.39,0.05012958,1
1505577734,21591787,3041.39,0.00009816,1
1505577733,21591786,3042.28,0.03980946,1
1505577733,21591785,3058.00,0.12406324,1
1505577733,21591784,3058.00,0.02567950,1
1505577732,21591781,3058.00,0.15046302,1
1505577732,21591779,3058.00,0.03439701,1
1505577731,21591777,3056.14,0.08087053,0
1505577731,21591776,3056.13,0.03439712,0
1505577731,21591775,3056.13,0.05012958,0
1505577730,21591774,3056.08,0.07004200,0
1505577730,21591773,3056.06,0.01799915,0
1505577726,21591767,3056.13,0.00009816,1
1505577725,21591763,3054.29,0.06997201,0
1505577724,21591762,3054.29,0.00500000,0
1505577724,21591760,3054.29,0.07000000,1
1505577649,21591622,3020.42,0.73659756,1
1505577649,21591620,3021.00,0.07070376,1
1505577648,21591619,3021.26,6.20000000,1
1505577648,21591618,3026.00,2.59000000,1
1505577648,21591617,3032.59,0.26111658,1
1505577648,21591616,3032.60,0.02199300,1
1505577648,21591615,3038.38,0.03039915,1
1505577648,21591614,3038.39,0.07125895,1
1505577648,21591613,3038.39,0.01603100,1
1505577645,21591611,3054.36,0.00917625,0
1505577645,21591610,3054.36,0.03980946,0
1505577603,21591568,3052.76,0.00164002,0
1505577603,21591567,3052.76,0.00799898,0
1505577599,21591562,3045.75,0.01000000,1
1505577594,21591550,3045.74,0.01302611,1
1505577594,21591549,3045.76,0.00939898,1
1505577587,21591543,3052.78,0.65197549,0
1505577585,21591538,3052.78,0.02655521,0
1505577585,21591537,3050.11,0.01099898,0
1505577579,21591518,3056.15,0.08090263,0
1505577578,21591516,3056.15,0.02486619,0
1505577576,21591513,3050.13,0.01408465,0
1505577574,21591499,3050.14,0.08125895,1
1505577573,21591497,3045.70,0.05053026,1
1505577573,21591493,3050.14,0.15141436,0
1505577571,21591488,3045.70,0.01499898,1
1505577567,21591474,3041.55,0.02199898,1
1505577566,21591467,3041.11,0.01603688,0
1505577538,21591344,3026.29,0.02583702,0
1505577537,21591342,3026.29,0.02039898,0
1505577533,21591327,3041.43,0.66941762,0
1505577533,21591326,3041.42,0.14320610,0
1505577530,21591317,3026.32,0.05072217,1
1505577526,21591305,3041.43,0.08902176,0
1505577525,21591304,3026.21,0.09247500,1
1505577524,21591303,3039.56,0.01199898,0
1505577524,21591302,3035.47,0.07298073,0
1505577522,21591292,3052.92,0.89880804,0
1505577522,21591291,3041.44,0.03064302,0
1505577522,21591290,3039.75,0.23802711,0
1505577522,21591289,3039.67,0.02500000,0
1505577516,21591278,3039.58,0.22162194,0
1505577516,21591275,3037.96,0.01599898,0
1505577513,21591268,3039.64,0.05149950,0
1505577511,21591267,3039.64,0.09729770,0
1505577510,21591264,3039.64,0.12616602,0
1505577510,21591263,3037.98,0.02299898,0
1505577508,21591254,3039.67,0.01617190,1
1505577507,21591246,3039.67,0.84155278,0
1505577506,21591244,3039.67,0.03095722,0
1505577506,21591242,3038.00,0.05793168,0
1505577506,21591234,3038.00,0.03089500,0
1505577468,21591189,3039.69,0.00839898,0
1505577467,21591188,3039.69,0.03359898,0
1505577463,21591179,3039.68,0.10025000,0
1505577458,21591170,3039.75,0.23811763,0
1505577448,21591158,3026.01,0.21182954,1
1505577448,21591157,3026.03,0.02759898,0
1505577447,21591155,3026.19,0.31848248,1
1505577428,21591150,3039.95,0.00619802,0
1505577428,21591149,3039.95,0.00699898,0
1505577425,21591148,3039.87,0.30517094,0
1505577386,21591135,3040.41,0.03209793,0
1505577384,21591134,3041.07,0.01331154,0
1505577384,21591133,3026.00,0.00899898,0
1505577377,21591129,3041.29,1.34485544,0
1505577376,21591128,3041.14,0.02105557,0
1505577376,21591127,3026.03,0.36882612,0
1505577376,21591126,3026.02,0.66971123,0
1505577375,21591125,3025.99,0.01299898,0
1505577374,21591124,3026.02,0.20279877,0
1505577369,21591122,3026.03,0.46968400,0
1505577368,21591121,3025.99,0.01799898,0
1505577364,21591116,3026.03,0.06201327,0
1505577363,21591115,3026.03,0.08138780,0
1505577363,21591114,3026.03,0.01808881,0
1505577363,21591113,3026.01,0.02499898,0
1505577355,21591110,3026.00,0.44630518,1
1505577353,21591108,3026.03,0.03599898,0
1505577352,21591106,3026.11,0.32652562,0
1505577349,21591105,3026.11,0.00429796,0
1505577348,21591104,3026.10,0.00010102,0
1505577348,21591103,3026.10,0.01759898,0
1505577346,21591101,3026.00,0.05369482,1
1505577342,21591095,3026.07,0.00417073,1
1505577342,21591090,3026.11,0.02639898,0
1505577340,21591088,3026.12,0.43828100,1
1505577338,21591084,3026.07,0.02082927,0
1505577335,21591082,3026.07,0.01319898,0
1505577335,21591081,3026.07,0.78568277,0
1505577335,21591080,3026.10,0.05279898,1
1505577323,21591074,3041.43,0.03094357,0
1505577315,21591070,3051.39,0.03254051,1
1505577290,21591052,3030.01,0.01734945,0
1505577289,21591051,3026.01,0.00002828,1
1505577289,21591050,3030.00,0.03619482,1
1505577287,21591048,3030.00,0.28101000,1
1505577286,21591042,3030.01,0.00035055,1
1505577285,21591040,3053.43,0.03560550,0
1505577284,21591037,3030.01,0.01734945,1
1505577276,21591032,3030.13,0.09114945,1
1505577246,21590967,3054.00,0.06343525,0
1505577243,21590966,3030.03,0.03070000,1
1505577228,21590964,3030.08,0.07753051,1
1505577228,21590963,3054.11,0.03094619,0
1505577226,21590962,3054.11,0.01099756,0
1505577206,21590946,3054.19,0.00950881,0
1505577203,21590945,3030.00,0.01775976,1
1505577203,21590944,3030.17,0.00959898,1
1505577202,21590943,3030.15,0.03428004,1
1505577185,21590922,3054.34,0.02025000,0
1505577128,21590772,3060.03,0.03129381,0
1505577124,21590762,3060.03,0.01067520,0
1505577103,21590709,3056.42,0.02357382,0
1505577103,21590708,3043.69,0.00736830,0
1505577095,21590700,3043.69,0.03979310,0
1505577093,21590698,3042.73,0.02491228,0
1505577093,21590695,3042.73,0.00008772,1
1505577089,21590690,3042.73,0.06404306,0
1505577087,21590687,3025.47,0.15618792,1
1505577067,21590671,3041.89,0.03072939,0
1505577066,21590670,3041.89,0.18736991,0
1505577065,21590669,3041.86,0.13117249,0
1505577044,21590652,3021.19,0.03410325,1
1505577027,21590640,3041.95,0.16136585,0
1505577008,21590635,3041.97,0.03173044,0
