date,tid,price,amount,type
1505606459,21611609,3666.01,1.00000000,1
1505606452,21611608,3676.27,3.34100000,0
1505606452,21611607,3673.67,7.40000000,0
1505606452,21611606,3673.59,7.56000000,0
1505606452,21611605,3673.58,2.70300000,0
1505606452,21611604,3669.00,0.53100000,0
1505606451,21611603,3669.00,0.53100000,0
1505606451,21611602,3669.00,0.48800000,0
1505606451,21611601,3669.00,0.04600000,0
1505606451,21611600,3669.00,7.40000000,0
1505606451,21611599,3666.00,0.03620636,1
1505606450,21611598,3668.00,0.01379364,0
1505606446,21611596,3666.01,0.21317274,1
1505606446,21611595,3668.93,0.58232714,1
1505606446,21611594,3668.93,0.03000000,1
1505606446,21611593,3668.93,0.12715324,1
1505606439,21611592,3669.00,0.60000000,0
1505606439,21611591,3669.00,5.00000000,0
1505606439,21611590,3669.00,7.00000000,0
1505606435,21611589,3669.00,3.00000000,0
1505606432,21611588,3669.00,5.00000000,0
1505606432,21611587,3669.00,5.00000000,0
1505606431,21611586,3669.00,7.00000000,0
1505606415,21611584,3669.06,0.01823082,0
1505606412,21611579,3669.06,0.50790366,0
1505606409,21611572,3669.06,0.00000423,1
1505606408,21611570,3669.06,0.03612577,0
1505606406,21611560,3669.06,0.39975407,0
1505606405,21611558,3668.95,0.11164600,1
1505606404,21611557,3669.06,0.52800000,1
1505606404,21611556,3669.07,0.03612016,1
1505606350,21611520,3678.93,0.04122509,0
1505606347,21611514,3678.93,0.04120800,0
1505606346,21611510,3678.93,0.04121800,0
1505606344,21611506,3678.93,0.04120700,0
1505606342,21611501,3678.94,0.04112431,0
1505606310,21611490,3675.04,0.08700000,1
1505606310,21611489,3675.06,0.91300000,1
1505606303,21611485,3678.98,0.58515103,0
1505606294,21611479,3678.99,0.41426435,1
1505606285,21611478,3685.00,3.00000000,1
1505606285,21611477,3685.59,0.53000000,1
1505606282,21611476,3685.60,0.54300000,1
1505606282,21611475,3685.60,0.07700000,1
1505606279,21611474,3685.60,0.46300000,1
1505606279,21611473,3685.60,0.53700000,1
1505606277,21611472,3685.60,0.08700000,1
1505606277,21611471,3685.60,0.52900000,1
1505606277,21611470,3685.60,0.38400000,1
1505606275,21611469,3685.60,0.14500000,1
1505606275,21611468,3685.60,0.54200000,1
1505606275,21611467,3685.60,0.31300000,1
1505606273,21611466,3685.60,0.22900000,1
1505606273,21611465,3685.60,0.53100000,1
1505606241,21611462,3685.58,0.04169493,1
1505606231,21611459,3695.95,0.05397771,0
1505606192,21611455,3685.47,0.15454363,1
1505606173,21611444,3697.35,0.05422532,0
1505606110,21611412,3695.93,0.10928590,0
1505606108,21611410,3685.51,0.05780000,1
1505606075,21611408,3685.39,0.08107251,1
1505606002,21611393,3697.30,0.00221890,1
1505606001,21611392,3697.33,0.19642043,0
1505605983,21611391,3697.65,0.10978400,0
1505605931,21611387,3697.08,0.00000359,1
1505605925,21611386,3697.08,0.01048666,1
1505605923,21611384,3697.08,0.02500000,1
1505605890,21611375,3697.08,0.96450975,0
1505605882,21611372,3697.06,0.91300000,0
1505605867,21611366,3696.77,0.21430308,0
1505605866,21611365,3696.76,0.01574623,1
1505605865,21611364,3696.76,0.00270374,1
1505605865,21611363,3696.76,0.01818571,0
1505605859,21611361,3689.50,0.44394000,0
1505605845,21611360,3685.00,0.10000000,0
1505605845,21611359,3684.99,4.85127672,0
1505605823,21611356,3680.08,0.41699100,0
1505605803,21611355,3684.99,0.00750000,0
1505605793,21611331,3684.99,1.00000000,0
1505605678,21611324,3680.08,0.21712817,1
1505605631,21611322,3684.08,0.00291014,0
1505605629,21611321,3679.50,0.05300000,0
1505605629,21611320,3679.50,0.79410861,0
1505605611,21611319,3679.50,0.00589139,0
1505605573,21611311,3679.50,0.20000000,1
1505605555,21611304,3679.71,0.05306182,1
1505605511,21611301,3692.49,0.06934459,1
1505605511,21611300,3690.00,0.09749978,0
1505605511,21611299,3690.00,1.61539470,1
1505605510,21611298,3689.95,0.42000000,1
1505605509,21611297,3689.92,0.99776093,0
1505605334,21611278,3690.00,0.00352303,0
1505605332,21611277,3689.99,0.01400000,0
1505605263,21611272,3690.00,0.03052400,0
1505605262,21611271,3681.51,0.02000000,1
1505605250,21611267,3681.51,0.40000000,0
1505605250,21611266,3681.51,0.15000000,1
1505605234,21611263,3690.00,0.11069648,0
1505605221,21611261,3690.00,0.00775671,0
1505605194,21611257,3687.19,0.16399367,1
1505605183,21611253,3687.13,0.01983800,1
1505605176,21611243,3695.76,0.00427657,1
1505605176,21611242,3695.76,0.01572343,1
1505605175,21611240,3684.42,0.04497400,1
1505605162,21611229,3695.91,0.34000000,0
1505605154,21611228,3681.54,0.17982838,1
1505605154,21611227,3681.54,0.24358676,1
1505605152,21611224,3681.51,0.01399698,1
1505605151,21611222,3692.67,0.06889385,1
1505605151,21611219,3692.67,0.01810615,1
1505605150,21611218,3692.67,0.91300000,1
1505605149,21611215,3681.48,0.02775243,1
1505605144,21611212,3680.00,0.50000000,0
1505605143,21611211,3679.36,0.25660000,1
1505605143,21611210,3679.85,0.02300000,1
1505605142,21611209,3679.85,0.07700000,0
1505605132,21611208,3674.19,0.36537812,1
1505605123,21611203,3679.84,0.01400333,1
1505605086,21611201,3679.92,6.02860000,0
1505605086,21611200,3677.64,8.02540000,0
1505605086,21611199,3675.40,0.53100000,0
1505605086,21611198,3675.40,0.33800000,0
1505605086,21611197,3675.40,0.07700000,0
1505605071,21611173,3679.95,3.98525561,0
1505605071,21611172,3679.68,0.13400000,0
1505605071,21611171,3677.56,6.97951231,0
1505605071,21611170,3677.50,0.02100000,0
1505605071,21611169,3677.50,0.28100000,0
1505605071,21611168,3677.47,0.99607917,0
1505605071,21611167,3675.40,7.60315291,0
1505605056,21611165,3669.06,0.33740295,1
1505605056,21611164,3669.06,0.53100000,1
1505605056,21611163,3669.06,0.45429200,1
1505605053,21611162,3669.06,0.07670800,1
1505605045,21611152,3679.69,0.06587240,0
1505605042,21611148,3679.69,0.00392083,0
1505605023,21611147,3680.28,0.03206788,1
1505605022,21611145,3680.28,0.01468095,1
1505605011,21611141,3669.06,0.02000000,1
1505605008,21611140,3669.02,0.08700000,1
1505605008,21611139,3669.06,0.91300000,1
1505605006,21611138,3669.05,1.00000000,1
1505605001,21611137,3672.93,0.03772297,1
1505605000,21611136,3672.93,0.96227703,0
1505604999,21611135,3672.93,0.03772297,0
1505604999,21611134,3671.69,0.07000000,0
1505604987,21611129,3678.00,0.47759760,1
1505604963,21611128,3689.00,0.01560000,0
1505604943,21611126,3680.28,0.14410682,1
1505604913,21611117,3680.28,0.13702254,1
1505604907,21611116,3680.28,0.46240000,1
1505604878,21611114,3680.28,0.43114200,1
1505604868,21611111,3680.29,0.09690779,1
1505604856,21611105,3680.27,0.05589328,1
1505604843,21611095,3688.38,0.02000000,0
1505604838,21611094,3688.43,0.10805174,0
1505604830,21611092,3688.40,0.47000000,0
1505604819,21611091,3678.04,0.51739470,0
1505604819,21611090,3678.04,0.01360530,0
1505604819,21611089,3678.04,0.53300000,0
1505604818,21611088,3678.04,0.53100000,0
1505604818,21611087,3678.04,0.52700000,0
1505604818,21611086,3678.04,0.04000000,0
1505604748,21611069,3683.42,0.02710747,0
1505604746,21611068,3679.39,0.00717792,0
1505604728,21611066,3679.48,0.07392866,0
1505604728,21611065,3675.83,0.03000000,0
1505604669,21611052,3668.98,0.53530648,1
1505604665,21611045,3679.73,0.37463523,1
1505604664,21611044,3679.71,0.91300000,0
1505604652,21611038,3668.96,0.24108856,1
1505604646,21611033,3681.54,0.00356401,1
1505604646,21611032,3681.54,0.31365295,0
1505604617,21611000,3682.19,0.06481883,0
1505604582,21610988,3668.97,0.07204763,1
1505604577,21610986,3682.62,0.00747938,0
1505604572,21610983,3681.95,0.20000000,1
1505604557,21610975,3669.48,1.73447643,1
1505604556,21610974,3669.50,0.91300000,1
1505604556,21610973,3672.00,5.50160288,1
1505604552,21610971,3673.60,0.51300000,0
1505604549,21610969,3672.00,0.98839712,1
1505604549,21610968,3672.14,0.91300000,1
1505604549,21610967,3672.14,0.54200000,0
1505604549,21610966,3673.51,0.53000000,1
1505604548,21610965,3673.60,0.53100000,0
1505604548,21610964,3673.60,0.67048961,0
1505604547,21610963,3673.60,0.82511327,1
1505604531,21610953,3673.48,0.17488673,1
1505604519,21610949,3683.08,0.00977015,0
1505604509,21610947,3683.52,0.07000000,0
1505604498,21610939,3682.00,0.01892213,0
1505604494,21610938,3682.00,0.53100000,0
1505604494,21610937,3682.00,0.15200000,0
1505604494,21610936,3681.98,0.38100000,0
1505604493,21610935,3681.98,0.53200000,0
1505604492,21610934,3682.00,7.00293132,1
1505604491,21610933,3682.00,8.00000000,1
1505604490,21610932,3681.23,6.91522322,0
1505604490,21610931,3681.20,0.84939388,0
1505604490,21610930,3678.95,7.23245158,0
1505604485,21610929,3678.95,0.02494461,0
1505604467,21610923,3678.95,0.00794183,0
1505604463,21610922,3678.95,0.01076198,0
1505604426,21610916,3683.39,0.11765520,0
1505604426,21610915,3682.64,0.00691978,0
1505604390,21610911,3672.19,0.24117362,1
1505604389,21610910,3681.08,0.00774483,0
1505604357,21610870,3681.08,0.00629729,0
1505604310,21610867,3681.00,0.66815666,1
1505604310,21610866,3681.00,5.42060000,1
1505604309,21610865,3680.96,7.85124334,0
1505604309,21610864,3675.00,0.53500000,0
1505604309,21610863,3675.00,0.52500000,0
1505604309,21610862,3669.72,0.02000000,1
1505604304,21610859,3680.99,0.00314714,0
1505604304,21610858,3668.93,0.87284676,1
1505604303,21610856,3668.93,0.01078178,1
1505604303,21610855,3668.93,0.00243661,1
1505604303,21610854,3668.93,0.25031908,1
1505604303,21610853,3669.69,0.53500000,1
1505604303,21610852,3669.69,0.12861577,1
1505604301,21610851,3681.00,0.52500000,1
1505604297,21610849,3681.00,12.79500000,1
1505604295,21610848,3679.29,7.00000000,0
1505604295,21610847,3676.40,7.50000000,0
1505604295,21610846,3676.39,2.70500000,0
1505604294,21610845,3669.72,0.57000000,1
1505604280,21610835,3676.66,5.85877672,1
1505604279,21610834,3678.00,2.00000000,1
1505604243,21610807,3682.64,0.01150000,0
1505604203,21610803,3691.29,0.02000000,0
1505604190,21610802,3690.66,0.45000000,0
1505604143,21610790,3688.97,0.00385000,0
1505604120,21610787,3688.36,0.04133555,1
1505604118,21610786,3688.73,0.03000000,1
1505604118,21610785,3689.00,1.99730424,1
1505604115,21610784,3690.74,0.06966561,0
1505604068,21610776,3693.20,0.21312953,1
1505604067,21610775,3690.34,0.03000000,0
1505604066,21610774,3689.00,0.00269576,1
1505603955,21610763,3690.97,0.02000000,0
1505603940,21610756,3675.85,0.01822026,1
1505603935,21610755,3691.14,0.08107251,0
1505603933,21610754,3691.14,0.00998508,1
1505603932,21610753,3691.25,0.10998349,1
1505603931,21610749,3691.25,0.41001651,1
1505603930,21610748,3691.25,0.27000000,0
1505603850,21610740,3689.85,0.01366038,0
1505603837,21610737,3678.28,0.03001651,1
1505603834,21610736,3690.12,0.30000000,0
1505603783,21610730,3677.84,0.00500000,1
1505603782,21610729,3693.16,0.02000000,0
1505603772,21610728,3677.84,0.79336161,1
1505603770,21610727,3690.63,0.32000000,0
1505603737,21610720,3674.84,3.16681741,1
1505603737,21610719,3674.85,0.34308259,1
1505603686,21610710,3669.09,0.48140000,0
1505603686,21610709,3669.10,0.91300000,0
1505603686,21610708,3675.17,0.50560000,1
1505603686,21610707,3675.17,0.03640000,1
1505603686,21610706,3675.17,0.01360000,1
1505603677,21610701,3675.19,0.98179265,1
1505603677,21610700,3675.20,0.01820735,1
1505603673,21610699,3681.00,0.41347231,0
1505603673,21610698,3680.97,0.00420055,0
1505603671,21610697,3680.97,7.19579945,1
1505603667,21610695,3680.97,4.46120843,1
1505603667,21610694,3680.97,8.34299212,1
1505603667,21610693,3680.98,0.19000000,1
1505603667,21610692,3681.00,2.95837888,1
1505603666,21610691,3681.00,0.23186576,1
1505603665,21610690,3681.00,1.00000000,1
1505603663,21610689,3681.00,1.00000000,1
1505603660,21610686,3681.00,12.93670000,1
1505603657,21610680,3681.00,0.23000000,1
1505603655,21610679,3682.91,0.80360000,1
1505603655,21610678,3682.88,0.07400000,0
1505603654,21610677,3681.00,6.64305536,1
1505603654,21610676,3681.04,0.90000000,1
1505603654,21610675,3681.04,0.01819358,1
1505603649,21610672,3682.88,0.87760000,0
1505603644,21610671,3682.84,0.76000000,1
1505603644,21610670,3682.84,0.24000000,1
1505603641,21610666,3687.49,0.01579157,0
1505603638,21610665,3689.01,0.52300000,1
1505603637,21610664,3689.01,5.00000000,1
1505603636,21610663,3689.01,13.00000000,1
1505603636,21610662,3690.00,0.01353700,0
1505603635,21610661,3689.01,1.47000000,1
1505603633,21610660,3689.04,0.54000000,1
1505603633,21610659,3689.01,10.00700000,1
1505603632,21610658,3689.02,0.24000000,1
1505603632,21610657,3689.04,0.91300000,1
1505603630,21610656,3690.00,0.12990000,1
1505603517,21610607,3699.92,1.00000000,1
1505603515,21610606,3699.92,1.00000000,1
1505603506,21610605,3705.00,0.64270561,1
1505603506,21610603,3705.00,0.07697153,1
1505603505,21610602,3705.00,0.28032286,1
1505603505,21610601,3705.00,0.10173036,1
1505603500,21610600,3705.00,0.93511891,1
1505603487,21610589,3705.00,0.98595787,1
1505603487,21610588,3705.99,0.01404213,1
1505603485,21610587,3705.00,1.00000000,1
1505603483,21610586,3705.00,1.00000000,1
1505603464,21610584,3708.00,0.20617923,0
1505603455,21610581,3699.95,0.08700000,1
1505603454,21610580,3700.00,0.91300000,1
1505603445,21610576,3703.60,0.58232714,1
1505603445,21610575,3705.99,0.41767286,1
1505603445,21610573,3708.00,0.07769490,0
1505603438,21610572,3705.99,0.58232714,0
1505603371,21610553,3705.99,0.03000000,0
1505603352,21610549,3703.60,0.02901498,1
1505603325,21610548,3705.99,1.00000000,0
1505603295,21610546,3705.99,0.01078178,0
1505603214,21610529,3705.99,0.00243661,0
1505603195,21610527,3703.60,0.25387882,1
1505603106,21610518,3705.99,0.25031908,0
1505603012,21610511,3708.28,0.24209337,0
1505602982,21610496,3703.60,0.79200000,1
1505602934,21610486,3708.30,0.15634800,0
1505602924,21610483,3708.30,0.02474718,0
1505602909,21610480,3708.30,0.43873203,0
1505602907,21610479,3705.00,0.01000000,0
1505602896,21610474,3703.60,1.27486950,1
1505602883,21610473,3703.60,3.62742956,1
1505602805,21610466,3700.94,0.06199506,0
1505602731,21610458,3700.79,3.34854720,1
1505602706,21610445,3691.94,0.05000000,1
1505602698,21610444,3690.73,0.02000000,1
1505602686,21610443,3690.69,0.08000000,1
1505602674,21610441,3690.64,0.11000000,1
1505602664,21610440,3700.00,2.98382882,1
1505602662,21610439,3700.00,0.01617118,0
1505602662,21610438,3700.00,0.01248508,0
1505602658,21610436,3700.00,0.07134374,0
1505602635,21610422,3690.22,0.80111660,0
1505602635,21610421,3690.40,0.19888340,1
1505602627,21610420,3700.00,0.35100000,1
1505602626,21610419,3703.56,0.02888340,0
1505602625,21610418,3700.00,1.00000000,1
1505602623,21610417,3703.59,0.00468400,0
1505602622,21610416,3700.00,1.00000000,1
1505602619,21610415,3702.57,1.78355029,1
1505602618,21610414,3702.57,7.00000000,1
1505602616,21610413,3702.57,0.53100000,0
1505602616,21610412,3702.57,0.53200000,0
1505602616,21610411,3702.57,0.15344971,0
1505602611,21610410,3700.00,0.07800000,1
1505602610,21610409,3700.00,0.05100000,1
1505602536,21610400,3702.57,0.01500000,0
1505602507,21610397,3702.57,0.25055029,0
1505602505,21610396,3700.00,0.02000000,1
1505602493,21610394,3700.03,0.83000000,1
1505602492,21610393,3702.57,0.05000000,0
1505602480,21610391,3702.22,0.51618023,1
1505602473,21610390,3702.22,0.20016017,1
1505602466,21610385,3702.72,0.53100000,1
1505602464,21610383,3702.73,0.46800000,1
1505602464,21610382,3702.79,0.53200000,1
1505602462,21610381,3702.73,0.08700000,1
1505602462,21610380,3702.79,0.91300000,1
1505602459,21610379,3715.53,1.00000000,0
1505602457,21610378,3715.53,1.00000000,0
1505602455,21610377,3715.53,0.44000000,0
1505602454,21610376,3715.53,1.00000000,0
1505602453,21610375,3715.26,1.00000000,1
1505602450,21610374,3715.26,0.10000000,1
1505602447,21610373,3715.25,0.99816145,0
1505602444,21610372,3715.28,0.08700000,1
1505602443,21610371,3715.28,0.91300000,1
1505602439,21610370,3714.00,1.00000000,0
1505602431,21610369,3711.91,0.03000000,0
1505602429,21610367,3699.68,0.00368126,1
1505602424,21610365,3710.99,0.02000000,0
1505602422,21610362,3708.99,0.01936669,1
1505602422,21610361,3709.00,0.05000000,1
1505602418,21610351,3709.00,0.96481094,0
1505602414,21610342,3708.99,0.23000000,0
1505602405,21610337,3702.22,0.25629559,0
1505602391,21610334,3702.22,0.00291599,0
1505602383,21610332,3702.22,0.00937400,0
1505602339,21610331,3702.22,0.03594252,0
1505602339,21610330,3698.52,0.00183975,0
1505602265,21610281,3689.77,0.00268757,1
1505602235,21610268,3702.22,0.05455377,0
1505602217,21610262,3702.22,0.07828755,0
1505602210,21610255,3696.33,0.55000000,1
1505602205,21610247,3702.22,0.06263058,0
1505602084,21610222,3696.16,0.00294637,1
1505602070,21610214,3706.38,0.01317578,0
1505602022,21610213,3699.47,0.06450000,1
1505601949,21610207,3709.00,0.00388228,0
1505601916,21610200,3709.00,0.03130678,0
1505601914,21610197,3695.52,0.08519434,1
1505601906,21610188,3708.82,0.36453571,1
1505601905,21610187,3708.82,0.91300000,1
1505601883,21610177,3708.66,0.04500000,0
1505601882,21610176,3708.68,0.11547655,0
1505601843,21610156,3708.15,2.69697262,1
1505601843,21610155,3708.15,0.91300000,1
1505601842,21610154,3701.78,0.14500000,0
1505601842,21610153,3701.78,0.18500000,0
1505601842,21610152,3701.78,0.10025133,0
1505601828,21610150,3701.78,0.01371164,0
1505601764,21610141,3701.78,0.00313244,0
1505601759,21610140,3701.78,0.02000000,0
1505601746,21610133,3701.78,0.00790459,0
1505601746,21610132,3701.78,0.54209541,0
1505601740,21610131,3701.78,0.00790459,0
1505601733,21610126,3701.79,0.01919196,0
1505601724,21610121,3701.79,0.26200000,0
1505601724,21610120,3701.79,0.14500000,0
1505601709,21610114,3701.79,0.10000000,0
1505601700,21610112,3701.79,0.19500000,0
1505601679,21610106,3701.79,0.09300000,0
1505601679,21610105,3701.79,0.35200000,0
1505601666,21610104,3701.82,0.15723716,1
1505601664,21610103,3701.82,0.47600000,0
1505601616,21610097,3701.93,0.04928411,0
1505601552,21610088,3706.21,0.15500000,0
1505601545,21610085,3706.27,0.02476061,0
1505601526,21610082,3695.88,0.04835300,1
1505601511,21610078,3695.88,0.09701848,1
1505601483,21610074,3695.88,0.02000000,1
1505601480,21610073,3708.47,0.00496700,1
1505601472,21610072,3708.80,0.01533828,0
1505601470,21610070,3696.07,0.51000000,1
1505601458,21610068,3696.07,0.52500000,1
1505601458,21610067,3696.07,0.47500000,1
1505601447,21610064,3696.07,0.46700000,0
1505601446,21610063,3696.07,0.53300000,0
1505601434,21610059,3710.89,0.10000000,0
1505601433,21610058,3696.03,0.08700000,0
1505601433,21610057,3696.05,0.91300000,1
1505601388,21610052,3710.99,0.01110215,0
1505601386,21610051,3710.69,0.01577874,0
1505601382,21610049,3710.69,0.02000000,1
1505601381,21610048,3710.67,0.91300000,0
1505601374,21610047,3698.54,0.02000000,1
1505601370,21610042,3698.00,3.27544939,0
1505601368,21610039,3697.07,0.50000000,0
1505601368,21610038,3697.07,1.00000000,0
1505601365,21610036,3698.00,1.00000000,0
1505601363,21610031,3698.00,17.00000000,0
1505601355,21610030,3698.00,0.72000000,0
1505601353,21610029,3698.00,15.69550000,0
1505601345,21610027,3689.80,4.15876974,1
1505601345,21610026,3689.82,0.91300000,1
1505601341,21610023,3698.00,0.12500000,0
1505601306,21609997,3698.00,0.07126094,0
1505601279,21609990,3698.00,0.00962892,0
1505601270,21609987,3698.66,16.38000000,1
1505601270,21609986,3698.75,4.05000000,1
1505601270,21609985,3698.77,0.91300000,1
1505601270,21609984,3703.00,0.50000000,1
1505601270,21609983,3703.03,0.91280074,1
1505601210,21609968,3704.20,0.54377170,1
1505601160,21609929,3710.99,0.43521795,0
1505601148,21609899,3704.22,1.01150192,1
1505601147,21609898,3710.99,0.08700000,0
1505601147,21609897,3710.63,0.91300000,0
1505601143,21609895,3710.65,0.26000000,0
1505601127,21609891,3710.74,0.01000000,1
1505601109,21609883,3710.74,0.02850635,0
1505601106,21609880,3704.22,0.01921177,1
1505601106,21609879,3704.22,0.02835549,1
1505601103,21609877,3704.25,0.02570561,1
1505601067,21609850,3711.00,0.19981945,0
1505601067,21609849,3710.99,0.16000000,0
1505601066,21609848,3710.88,0.10000000,1
1505601065,21609847,3710.88,0.81699506,1
1505601034,21609828,3713.56,0.03834505,0
1505601017,21609811,3704.20,0.01405956,1
1505601016,21609810,3704.20,0.01350409,1
1505601016,21609809,3704.20,1.00000000,1
1505601004,21609788,3706.96,0.00653546,1
1505601004,21609787,3706.96,0.10399141,1
1505600985,21609781,3714.75,0.05436774,0
1505600972,21609777,3714.95,0.02000000,0
1505600960,21609774,3714.59,0.55000000,1
1505600948,21609772,3714.53,0.05000000,1
1505600944,21609758,3714.53,0.10000000,0
1505600928,21609749,3714.69,0.07113595,0
1505600927,21609748,3704.46,0.20361175,0
1505600927,21609747,3704.46,0.30000000,0
1505600926,21609746,3704.46,0.02438825,0
1505600926,21609745,3704.46,0.21970311,0
1505600914,21609742,3704.46,0.03812475,0
1505600913,21609741,3704.46,0.02781000,0
1505600904,21609737,3704.46,0.04075936,0
1505600904,21609734,3704.46,0.02778002,0
1505600887,21609728,3704.46,0.03563016,0
1505600883,21609727,3704.46,0.13919260,0
1505600883,21609725,3704.46,0.18580212,0
1505600883,21609723,3704.46,0.34719788,0
1505600870,21609715,3704.44,1.00000000,1
1505600868,21609707,3704.44,1.00000000,1
1505600866,21609702,3704.44,0.41985658,1
1505600865,21609698,3704.44,1.00000000,1
1505600861,21609683,3704.46,0.20751832,0
1505600860,21609678,3704.44,7.00000000,1
1505600859,21609677,3704.46,1.00000000,0
1505600856,21609676,3704.46,0.52900000,1
1505600856,21609675,3704.46,0.44600000,1
1505600856,21609674,3705.00,0.02500000,1
1505600855,21609673,3707.09,0.52800000,0
1505600854,21609672,3710.01,4.42500000,1
1505600853,21609670,3705.00,0.00500000,0
1505600853,21609668,3704.46,0.08700000,1
1505600852,21609667,3704.46,0.91300000,1
1505600849,21609663,3704.46,0.08700000,1
1505600849,21609662,3704.46,0.91300000,1
1505600845,21609661,3710.00,3.92452983,1
1505600844,21609659,3710.00,0.02000000,1
1505600842,21609658,3710.01,0.70000000,1
1505600840,21609657,3710.01,1.00000000,1
1505600838,21609654,3710.01,1.00000000,1
1505600835,21609653,3710.01,1.00000000,1
1505600832,21609650,3710.01,0.73000000,1
1505600831,21609649,3710.03,0.91300000,1
1505600820,21609641,3712.56,0.88240894,1
1505600818,21609640,3712.56,1.00000000,1
1505600816,21609639,3712.56,1.00000000,1
1505600813,21609633,3712.56,1.00000000,1
1505600809,21609630,3712.59,0.04413511,0
1505600806,21609627,3712.64,0.33314278,1
1505600805,21609622,3712.56,0.08700000,1
1505600805,21609620,3712.61,0.91300000,1
1505600792,21609606,3719.53,0.57000000,0
1505600791,21609605,3712.56,0.04059106,1
1505600779,21609604,3720.00,1.00000000,0
1505600777,21609602,3720.00,0.04112710,0
1505600776,21609600,3712.58,0.01649187,1
1505600772,21609598,3720.00,0.24000000,0
1505600762,21609573,3712.53,0.06707286,1
1505600761,21609571,3712.59,0.00965000,1
1505600755,21609559,3716.00,0.28000000,0
1505600755,21609558,3715.99,4.83434246,0
1505600755,21609557,3715.99,5.00000000,0
1505600754,21609556,3715.99,0.16565754,0
1505600752,21609553,3715.98,0.05000000,0
1505600738,21609528,3710.05,0.35500000,0
1505600738,21609527,3710.05,0.53300000,0
1505600721,21609518,3710.02,1.00000000,1
1505600719,21609517,3710.01,1.00000000,1
1505600708,21609513,3710.05,0.54000000,1
1505600686,21609498,3710.10,0.05413465,1
1505600680,21609495,3716.00,0.02000000,0
1505600668,21609491,3717.29,0.24072676,1
1505600668,21609490,3719.98,0.08000000,1
1505600667,21609489,3717.29,0.11387585,1
1505600667,21609488,3717.29,0.03375000,1
1505600664,21609486,3717.29,0.49925000,1
1505600661,21609478,3717.00,0.53553438,0
1505600661,21609477,3717.00,7.00000000,0
1505600660,21609473,3717.00,2.91000000,0
1505600658,21609472,3716.99,0.09000000,0
1505600652,21609460,3710.00,1.00000000,1
1505600650,21609459,3710.00,1.00000000,1
1505600648,21609453,3710.00,1.00000000,1
1505600645,21609450,3710.00,1.00000000,1
1505600644,21609449,3710.00,1.00000000,1
1505600643,21609447,3710.00,1.00000000,1
1505600611,21609434,3720.00,0.05907304,0
1505600595,21609426,3719.72,0.01344100,1
1505600585,21609425,3725.68,0.00669140,0
1505600582,21609424,3725.72,0.06775947,0
1505600574,21609420,3702.76,0.04658070,1
1505600564,21609401,3702.34,0.81719862,1
1505600564,21609400,3702.38,0.15997784,1
1505600564,21609399,3702.38,1.66602216,1
1505600564,21609398,3702.38,0.91300000,1
1505600559,21609397,3727.00,5.05714247,0
1505600559,21609395,3727.00,0.03000000,1
1505600559,21609393,3726.98,0.91300000,0
1505600558,21609391,3725.55,0.01462599,0
1505600558,21609390,3725.55,2.17038173,1
1505600558,21609387,3725.00,0.15000000,0
1505600558,21609386,3725.00,1.00000000,0
1505600557,21609384,3723.12,0.04648002,0
1505600557,21609383,3723.07,0.01000000,0
1505600557,21609382,3721.80,0.01444600,0
1505600556,21609381,3720.00,2.65963610,0
1505600556,21609380,3719.97,1.00000000,0
1505600556,21609379,3712.28,0.35900000,0
1505600553,21609376,3702.13,0.98369525,1
1505600552,21609375,3702.10,0.10991995,1
1505600551,21609374,3720.00,3.34036390,0
1505600551,21609373,3720.00,0.50000000,0
1505600551,21609372,3720.00,0.15550300,0
1505600551,21609370,3720.00,0.00490000,0
1505600550,21609369,3720.00,0.03100284,0
1505600550,21609368,3720.00,1.00000000,0
1505600550,21609367,3719.80,0.01000000,0
1505600550,21609366,3715.99,0.03000000,0
1505600547,21609362,3712.28,0.80251059,1
1505600547,21609360,3712.28,1.19748941,1
1505600547,21609359,3712.28,0.00000166,1
1505600546,21609354,3712.28,1.30592251,1
1505600543,21609351,3712.25,0.35900000,0
1505600543,21609350,3712.25,0.33507583,0
1505600524,21609329,3712.28,0.01537800,0
1505600517,21609327,3712.28,0.03500000,0
1505600517,21609325,3712.28,0.13362213,0
1505600491,21609299,3700.07,0.01363000,1
1505600482,21609291,3712.28,0.04000000,0
1505600482,21609290,3712.28,0.00637787,0
1505600482,21609289,3712.28,0.03672000,0
1505600472,21609285,3718.95,0.01000000,0
1505600467,21609278,3699.40,0.02000000,1
1505600462,21609263,3701.82,0.00267475,1
1505600459,21609255,3718.99,0.01000000,0
1505600455,21609246,3701.71,0.18020406,0
1505600454,21609245,3718.99,0.07979594,1
1505600453,21609243,3718.99,0.03000000,0
1505600447,21609235,3701.60,0.11913518,1
1505600447,21609233,3719.80,0.18595699,1
1505600447,21609232,3719.80,0.00980580,1
1505600446,21609229,3719.80,0.01992855,1
1505600445,21609227,3719.95,0.00356966,0
1505600443,21609223,3719.96,0.02012805,0
1505600443,21609222,3719.95,0.04487463,0
1505600443,21609221,3719.95,0.67499732,0
1505600440,21609216,3719.95,0.00000268,1
1505600439,21609210,3719.95,0.99999732,0
1505600439,21609207,3719.95,0.24509335,1
1505600438,21609205,3719.95,0.07566864,1
1505600436,21609195,3712.00,0.09435328,1
1505600436,21609192,3712.00,0.10402226,0
1505600435,21609187,3712.00,0.13415493,0
1505600434,21609180,3719.93,0.59700000,0
1505600434,21609177,3719.58,0.40300000,0
1505600433,21609173,3704.31,0.32898105,1
1505600433,21609172,3704.31,0.08409251,1
1505600432,21609171,3719.95,0.07000000,0
1505600432,21609168,3719.95,0.26422639,1
1505600432,21609167,3719.58,0.73577361,0
1505600430,21609163,3719.95,0.07763224,1
1505600430,21609161,3719.60,0.03000000,0
1505600429,21609160,3704.31,0.14246654,1
1505600428,21609157,3704.31,0.26000000,1
1505600427,21609156,3713.91,0.15095358,1
1505600425,21609147,3713.91,0.08782266,1
1505600424,21609141,3713.91,0.73076893,0
1505600423,21609136,3719.93,0.07844909,0
1505600422,21609135,3714.00,0.01000000,1
1505600420,21609134,3716.75,0.04839765,1
1505600420,21609133,3716.75,0.08500000,1
1505600419,21609129,3716.75,0.32511554,1
1505600418,21609127,3716.75,0.00651681,1
1505600418,21609126,3716.75,0.00697000,1
1505600418,21609124,3716.75,0.52800000,0
1505600416,21609120,3704.31,0.15753345,1
1505600415,21609119,3716.75,0.74000000,0
1505600414,21609117,3704.30,0.08537228,1
1505600413,21609116,3704.33,0.32511554,1
1505600413,21609115,3714.00,0.21100403,1
1505600412,21609103,3714.00,0.52800000,0
1505600411,21609102,3714.00,0.26099597,0
1505600411,21609101,3714.00,0.24028301,1
1505600410,21609099,3714.00,0.26100000,1
1505600409,21609095,3714.00,0.30800000,0
1505600409,21609094,3714.00,0.19071699,0
1505600407,21609092,3704.30,0.34837437,1
1505600407,21609090,3704.30,0.09139115,1
1505600407,21609089,3704.30,0.34479495,1
1505600407,21609088,3704.31,0.71642493,1
1505600407,21609087,3704.31,0.09960567,1
1505600406,21609086,3708.34,0.26141937,1
1505600406,21609083,3714.00,0.00376633,0
1505600406,21609081,3714.00,1.00000000,0
1505600405,21609078,3708.34,0.30861155,1
1505600405,21609077,3708.34,0.32907845,1
1505600403,21609073,3714.00,1.00000000,0
1505600402,21609070,3708.34,0.19892155,1
1505600402,21609069,3708.34,0.00000366,1
1505600400,21609062,3714.00,0.81000000,0
1505600399,21609058,3716.75,0.99551668,1
1505600398,21609055,3716.75,0.00448332,0
1505600397,21609051,3716.00,0.06538752,1
1505600396,21609046,3716.75,0.05756187,0
1505600395,21609045,3716.08,0.01385573,0
1505600395,21609043,3716.00,0.63605759,0
1505600395,21609041,3716.00,0.29855206,0
1505600393,21609037,3716.00,0.05531778,1
1505600392,21609035,3716.00,0.01389653,0
1505600392,21609033,3716.00,0.29472493,0
1505600390,21609029,3708.34,0.03999634,1
1505600389,21609023,3716.00,0.53027507,0
1505600389,21609022,3716.00,0.46972493,0
1505600388,21609021,3716.00,0.35014590,1
1505600387,21609017,3716.00,0.46972736,1
1505600386,21609016,3716.00,0.18012674,0
1505600386,21609015,3716.00,0.35000000,0
1505600385,21609013,3698.59,0.44025150,1
1505600384,21609012,3716.00,0.89477229,0
1505600384,21609011,3715.47,0.05719490,0
1505600384,21609010,3708.34,0.04803281,0
1505600382,21609001,3716.00,0.50100101,0
1505600381,21608999,3708.34,0.49899899,0
1505600380,21608990,3715.98,0.10212917,0
1505600380,21608988,3715.53,0.02986309,0
1505600379,21608987,3708.35,0.04801011,0
1505600379,21608985,3708.34,0.81999763,0
1505600377,21608981,3715.53,0.03000000,0
1505600377,21608980,3715.53,0.00875871,0
1505600377,21608979,3708.35,0.53300000,0
1505600377,21608978,3708.35,0.03996000,0
1505600376,21608977,3708.35,0.40967182,0
1505600376,21608976,3708.35,0.00860947,0
1505600376,21608973,3708.34,0.19717341,1
1505600376,21608971,3708.34,0.22299396,1
1505600374,21608968,3708.35,0.03138785,0
1505600374,21608967,3708.34,0.04749527,1
1505600372,21608963,3708.35,0.00000268,0
1505600372,21608961,3708.35,0.99999732,0
1505600371,21608960,3698.55,0.02483562,1
1505600370,21608958,3698.55,0.13774597,1
1505600369,21608953,3698.55,0.08929327,1
1505600369,21608950,3716.00,0.64757889,0
1505600369,21608948,3715.99,0.33800000,0
1505600368,21608946,3715.99,0.01442111,0
1505600364,21608936,3716.00,8.16032795,0
1505600364,21608935,3715.99,0.03145730,0
1505600364,21608933,3715.99,0.59967228,0
1505600364,21608930,3715.99,0.03145730,0
1505600364,21608928,3715.98,0.08126117,0
1505600363,21608924,3708.36,0.09488335,0
1505600363,21608923,3708.35,0.53300000,0
1505600363,21608921,3708.35,0.46794065,0
1505600363,21608920,3708.35,0.06405935,0
1505600363,21608919,3708.35,0.52900000,0
1505600363,21608918,3708.35,0.40694065,0
1505600362,21608916,3708.35,0.04000000,0
1505600360,21608915,3698.55,0.03637731,1
1505600360,21608914,3708.35,0.08205935,0
1505600360,21608913,3708.35,0.53500000,0
1505600360,21608912,3708.35,0.38294065,0
1505600359,21608909,3698.55,0.41000000,0
1505600354,21608904,3698.61,0.02947586,1
1505600353,21608903,3698.58,0.01369318,1
1505600349,21608898,3704.09,0.04000000,0
1505600347,21608893,3698.53,0.53491819,1
1505600347,21608892,3698.53,0.69423131,1
1505600347,21608891,3704.09,0.33568294,1
1505600347,21608890,3704.09,0.08725771,1
1505600344,21608882,3704.09,1.46819867,1
1505600344,21608881,3704.09,0.07296799,1
1505600341,21608867,3704.09,0.25034248,1
1505600341,21608863,3704.09,0.83204783,1
1505600341,21608861,3704.09,0.39588061,1
1505600339,21608850,3704.09,0.24999865,1
1505600338,21608847,3691.98,1.04762312,0
1505600338,21608843,3691.98,4.28182672,1
1505600338,21608842,3691.98,0.56317328,1
1505600337,21608840,3697.86,0.03000000,1
1505600337,21608839,3699.90,0.07259936,1
1505600337,21608836,3699.90,0.17740064,1
1505600337,21608835,3701.00,0.53500000,1
1505600337,21608834,3701.00,0.14683000,1
1505600336,21608831,3708.36,0.05435182,0
1505600336,21608828,3701.00,0.38217000,1
1505600336,21608827,3701.00,0.53300000,1
1505600336,21608824,3701.00,0.52900000,1
1505600335,21608822,3701.00,0.53200000,1
1505600334,21608816,3715.98,0.95221611,1
1505600333,21608806,3715.98,0.04778389,1
1505600332,21608797,3716.00,2.70548384,0
1505600332,21608796,3716.00,0.41841627,0
1505600331,21608791,3715.99,0.91300000,1
1505600331,21608790,3714.99,1.43100000,1
1505600331,21608788,3708.68,0.40695246,1
1505600330,21608783,3708.35,0.00943307,0
1505600330,21608780,3701.31,2.26028940,1
1505600329,21608775,3701.00,0.02999844,1
1505600328,21608767,3713.82,0.01426287,1
1505600327,21608766,3708.68,0.04772543,0
1505600327,21608765,3699.90,0.24918325,0
1505600325,21608751,3716.00,9.79383776,0
1505600324,21608749,3716.00,1.25637800,1
1505600324,21608745,3715.00,0.02553422,0
1505600324,21608741,3714.32,0.03000000,0
1505600323,21608739,3714.32,0.01000000,1
1505600323,21608734,3714.31,0.87760000,0
1505600323,21608732,3713.84,8.94837300,0
1505600322,21608730,3713.84,8.42897673,1
1505600322,21608728,3713.82,1.82600000,0
1505600322,21608727,3713.82,0.91300000,0
1505600321,21608723,3710.00,0.02649036,0
1505600321,21608721,3710.00,0.12900000,0
1505600321,21608719,3710.00,0.04000000,1
1505600321,21608716,3708.68,0.01000000,0
1505600320,21608715,3704.08,0.04144087,0
1505600320,21608714,3704.08,1.25546434,1
1505600320,21608713,3701.31,0.01025968,0
1505600320,21608710,3701.04,0.01000000,0
1505600319,21608708,3700.96,0.07270961,0
1505600319,21608707,3700.00,0.00500000,0
1505600318,21608706,3699.99,3.00000000,0
1505600318,21608705,3699.90,0.24999810,0
1505600318,21608704,3699.00,4.44527499,0
1505600317,21608703,3698.99,0.04000000,0
1505600317,21608702,3698.19,5.80715591,0
1505600317,21608701,3698.19,0.85327809,1
1505600317,21608700,3698.19,0.37600000,1
1505600316,21608699,3697.86,0.07999763,0
1505600316,21608698,3697.75,0.30486498,0
1505600315,21608696,3686.47,0.53600000,0
1505600315,21608695,3686.47,0.03900000,0
1505600314,21608694,3686.47,0.53100000,0
1505600314,21608693,3686.47,0.02736573,0
1505600310,21608690,3697.82,0.08000000,0
1505600297,21608684,3698.05,0.08000000,1
1505600294,21608681,3698.04,0.50000000,0
1505600292,21608678,3684.00,0.03910269,1
1505600292,21608677,3684.00,0.40000000,1
1505600290,21608676,3698.12,0.01547156,0
1505600288,21608675,3684.01,0.51644538,0
1505600288,21608674,3684.01,0.01955462,1
1505600287,21608673,3684.00,0.41097985,0
1505600287,21608672,3684.00,4.93000000,1
1505600284,21608671,3698.18,0.01750400,0
1505600284,21608670,3684.01,0.06249600,0
1505600284,21608669,3684.01,0.15650400,0
1505600284,21608668,3684.01,0.53100000,1
1505600284,21608667,3684.50,0.10000000,1
1505600282,21608665,3684.01,0.53600000,1
1505600282,21608664,3684.01,0.58197394,1
1505600282,21608663,3684.01,0.23703533,1
1505600276,21608659,3682.37,0.85327809,1
1505600274,21608658,3682.33,0.91300000,1
1505600272,21608654,3682.21,0.37900000,0
1505600271,21608653,3682.21,0.53100000,0
1505600271,21608652,3687.63,0.09000000,1
1505600270,21608650,3698.19,49.42100000,0
1505600270,21608649,3698.18,0.04000000,1
1505600268,21608648,3687.63,0.53200000,0
1505600268,21608647,3687.63,0.00700000,0
1505600266,21608644,3687.63,0.52500000,0
1505600263,21608643,3684.05,0.91300000,1
1505600262,21608642,3698.19,13.89428330,0
1505600262,21608641,3698.18,0.53500000,0
1505600262,21608640,3698.16,0.01625108,0
1505600260,21608634,3687.63,0.53200000,1
1505600257,21608633,3698.18,0.31770478,1
1505600257,21608630,3698.18,0.26881101,1
1505600256,21608628,3698.18,0.05000000,0
1505600256,21608626,3698.18,0.36348421,0
1505600255,21608624,3687.63,0.61730679,1
1505600255,21608623,3687.64,4.01000000,1
1505600254,21608622,3698.18,0.36348687,1
1505600253,21608618,3698.18,0.60061996,1
1505600252,21608614,3698.18,0.03589317,0
1505600252,21608611,3698.18,0.00000270,0
1505600252,21608609,3698.18,0.99999730,0
1505600250,21608607,3698.18,1.00000000,1
1505600249,21608603,3698.19,24.46843581,0
1505600249,21608601,3698.18,0.53156419,1
1505600247,21608597,3698.18,0.04000000,0
1505600247,21608596,3698.18,0.42415861,0
1505600247,21608595,3698.18,0.00427556,0
1505600244,21608592,3698.18,0.03000394,0
1505600244,21608591,3697.41,0.05999606,0
1505600244,21608590,3690.16,0.28470640,1
1505600244,21608589,3697.41,0.06000000,1
1505600242,21608588,3690.16,0.24729360,1
1505600242,21608587,3690.16,0.53500000,1
1505600242,21608585,3690.16,0.53600000,1
1505600242,21608584,3690.16,0.11987606,1
1505600242,21608583,3690.16,0.41612394,1
1505600242,21608581,3690.16,0.02279451,1
1505600241,21608580,3690.16,0.13629856,1
1505600237,21608538,3698.19,1.00000000,0
1505600236,21608535,3690.16,0.02953801,1
1505600235,21608534,3690.16,0.18400000,1
1505600233,21608532,3698.19,5.40912498,0
1505600233,21608531,3698.18,0.05000000,0
1505600233,21608529,3698.18,4.65278884,1
1505600233,21608528,3698.18,4.72493424,1
1505600232,21608526,3698.13,1.29450000,0
1505600232,21608523,3698.10,0.03195000,0
1505600232,21608522,3698.10,7.00000000,1
1505600231,21608521,3697.95,0.10000000,0
1505600231,21608520,3697.45,0.16111098,0
1505600230,21608519,3697.36,0.91300000,1
1505600230,21608518,3697.33,0.66259096,0
1505600225,21608516,3697.41,0.02838473,0
1505600222,21608515,3690.16,0.21365266,1
1505600206,21608513,3697.38,0.24316171,0
1505600193,21608511,3690.16,0.94710208,1
1505600193,21608509,3690.16,0.86546144,1
1505600175,21608504,3697.42,0.09424733,0
1505600172,21608502,3690.16,0.37148480,1
1505600155,21608496,3690.16,0.06139441,1
1505600155,21608495,3695.00,0.54261588,1
1505600155,21608494,3695.00,0.06000000,1
1505600148,21608491,3693.16,0.00334157,0
1505600147,21608490,3690.17,0.53700000,0
1505600147,21608489,3690.17,0.39900000,0
1505600147,21608488,3690.17,0.45804255,0
1505600122,21608485,3690.16,0.14027353,1
1505600116,21608484,3690.16,0.09800000,1
1505600111,21608482,3690.17,0.06020389,0
1505600106,21608480,3690.17,0.01775356,0
1505600106,21608479,3690.17,0.00711250,0
1505600085,21608475,3690.17,0.20688750,0
1505600071,21608473,3690.16,0.02000000,1
1505600065,21608472,3690.17,0.04768266,0
1505600059,21608470,3690.17,0.00903780,1
1505600046,21608469,3690.16,0.57000000,1
1505600033,21608467,3690.16,1.00000000,1
1505600026,21608465,3690.17,0.58907098,1
1505600026,21608464,3690.17,0.03200151,1
1505600025,21608463,3690.17,0.13305387,1
1505600024,21608462,3690.17,0.09776343,1
1505600023,21608461,3690.17,0.63794830,1
1505600023,21608460,3690.17,1.64696954,1
1505600015,21608454,3693.16,0.06006174,1
1505599999,21608441,3693.16,0.78432781,1
1505599998,21608439,3693.16,0.04799772,1
1505599997,21608437,3696.97,0.00314498,0
1505599993,21608436,3693.16,0.54854538,1
1505599992,21608435,3693.16,0.32806053,1
1505599988,21608427,3693.16,0.04587876,1
1505599983,21608425,3693.16,0.15143823,1
1505599983,21608424,3693.16,0.81216011,1
1505599982,21608421,3693.16,0.15850894,1
1505599981,21608418,3693.16,0.13710100,1
1505599980,21608415,3693.16,0.13629400,1
1505599976,21608406,3696.98,0.31965820,0
1505599976,21608405,3696.98,0.68034180,0
1505599975,21608401,3696.97,0.04766522,1
1505599968,21608389,3696.98,0.84017000,1
1505599967,21608388,3696.97,0.15982800,0
1505599966,21608387,3690.15,0.60650818,1
1505599964,21608386,3696.98,0.08700000,0
1505599964,21608385,3696.96,0.91300000,0
1505599960,21608380,3696.86,0.99999731,1
1505599956,21608377,3686.95,0.53600000,1
1505599956,21608376,3686.95,0.50537617,1
1505599956,21608375,3696.97,0.01110636,0
1505599955,21608374,3686.95,0.03062383,1
1505599955,21608373,3686.95,0.53700000,1
1505599955,21608372,3686.95,0.53300000,1
1505599928,21608366,3684.43,0.00309451,1
1505599928,21608365,3690.99,0.03000000,1
1505599928,21608364,3690.99,0.58923485,1
1505599921,21608351,3690.99,0.06861032,1
1505599920,21608350,3691.00,3.54945511,0
1505599918,21608342,3690.99,0.34215483,0
1505599917,21608337,3690.99,0.12136582,1
1505599905,21608330,3684.42,5.44205890,1
1505599905,21608329,3684.42,1.01000000,1
1505599905,21608328,3684.44,0.91300000,1
1505599886,21608324,3691.00,0.00054489,0
1505599886,21608323,3690.99,0.03088600,0
1505599847,21608316,3684.41,0.31815635,1
1505599846,21608315,3688.79,0.00000357,1
1505599841,21608311,3689.01,0.80000000,0
1505599841,21608309,3689.00,0.73156266,0
1505599840,21608307,3688.80,1.08516216,0
1505599840,21608304,3688.79,0.03125687,1
1505599838,21608302,3688.79,0.04873956,0
1505599835,21608297,3684.41,0.81453124,1
1505599830,21608294,3683.92,4.09106123,1
1505599830,21608293,3683.98,0.95000000,1
1505599806,21608280,3688.80,0.10000000,0
1505599803,21608278,3688.80,0.03136400,0
1505599796,21608275,3688.80,0.01499000,0
1505599781,21608272,3688.80,0.07870506,0
1505599736,21608269,3688.80,0.01500000,0
1505599708,21608267,3688.80,0.03297375,0
1505599692,21608264,3688.80,0.00314521,0
1505599658,21608246,3681.60,0.03482572,1
1505599649,21608245,3678.49,0.03000000,1
1505599644,21608244,3688.80,0.02000000,0
1505599641,21608241,3688.77,0.07861327,0
1505599632,21608240,3686.53,0.13000000,0
1505599620,21608233,3686.54,0.08700000,0
1505599620,21608232,3686.53,0.91300000,0
1505599592,21608226,3684.05,0.03218906,0
1505599592,21608225,3670.87,0.03219221,1
1505599592,21608224,3670.87,0.06796011,1
1505599570,21608210,3684.05,0.02000000,0
1505599565,21608209,3684.05,5.95000000,0
1505599565,21608208,3684.04,0.05000000,0
1505599552,21608205,3671.28,0.02000000,1
1505599551,21608204,3681.18,5.97145432,0
1505599550,21608203,3678.71,0.01223526,0
1505599550,21608202,3678.71,0.01631042,0
1505599545,21608201,3684.05,0.00714872,0
1505599542,21608200,3684.05,1.96669154,0
1505599541,21608199,3682.32,0.04100000,0
1505599541,21608198,3682.32,0.44400000,0
1505599541,21608197,3682.32,0.08367936,0
1505599540,21608196,3672.10,0.68000000,1
1505599539,21608195,3682.32,0.27332064,0
1505599539,21608194,3682.29,0.72667936,0
1505599531,21608193,3671.80,0.04180647,1
1505599528,21608192,3682.39,0.01490629,1
1505599528,21608191,3682.39,0.02660914,1
1505599519,21608185,3688.37,0.20000000,0
1505599504,21608177,3688.49,0.02000000,0
1505599491,21608171,3688.79,0.02000000,0
1505599483,21608166,3686.00,0.00000001,1
1505599482,21608163,3686.00,0.05994716,1
1505599478,21608155,3688.22,0.09000000,0
1505599474,21608138,3688.25,0.50000000,0
1505599448,21608117,3688.79,0.08205474,1
1505599448,21608115,3688.79,0.01794526,1
1505599445,21608113,3688.55,0.12439848,0
1505599422,21608109,3688.77,0.07148620,0
1505599400,21608107,3688.80,0.09416543,0
1505599396,21608106,3686.00,0.01073074,1
1505599389,21608104,3688.80,0.03570527,0
1505599367,21608098,3686.00,0.03401337,1
1505599366,21608097,3686.00,0.03319705,1
1505599366,21608096,3686.00,0.02741167,1
1505599357,21608094,3689.00,0.06843734,0
1505599305,21608069,3685.06,0.01743291,1
1505599296,21608068,3690.00,0.01569092,0
1505599263,21608059,3690.00,0.09173600,0
1505599240,21608044,3682.58,0.25000000,1
1505599231,21608031,3682.56,0.01357626,1
1505599208,21608025,3682.46,0.22743000,1
1505599206,21608024,3682.44,0.67798000,1
1505599204,21608023,3692.30,0.00155032,1
1505599203,21608021,3683.58,0.00315268,0
1505599203,21608020,3683.58,0.00324675,0
1505599197,21608019,3692.19,0.05743595,0
1505599190,21608016,3692.31,0.01000000,1
1505599174,21607999,3696.00,0.02413942,0
1505599174,21607998,3692.31,0.03000000,0
1505599164,21607996,3687.25,0.46455000,1
1505599164,21607995,3687.25,0.53400000,1
1505599111,21607992,3686.77,0.01848439,1
1505599099,21607979,3695.99,0.02467539,0
1505599058,21607973,3695.00,0.00000034,0
1505599058,21607972,3695.00,0.86500000,0
1505599053,21607971,3686.63,0.06681461,1
1505599051,21607970,3686.63,0.14269186,1
1505599006,21607959,3686.62,0.02018332,1
1505598992,21607958,3695.00,0.12499966,0
1505598992,21607957,3690.28,0.06000000,0
1505598991,21607956,3690.28,0.08512000,0
1505598983,21607951,3694.98,0.02478315,0
1505598983,21607950,3694.97,0.01094946,0
1505598977,21607949,3686.62,0.05108679,1
1505598977,21607948,3686.62,0.00816026,1
1505598954,21607918,3694.98,0.07497105,0
1505598935,21607915,3690.28,0.33130938,1
1505598935,21607914,3690.31,0.16869062,1
1505598923,21607910,3691.00,1.50000000,0
1505598902,21607909,3683.79,0.17034721,1
1505598901,21607908,3683.80,0.01614000,1
1505598894,21607907,3690.99,0.05405054,0
1505598890,21607906,3683.80,0.00164250,1
1505598886,21607884,3683.74,0.00543119,1
1505598871,21607883,3683.77,0.06533814,1
1505598843,21607872,3695.00,0.03500000,0
1505598812,21607871,3683.95,0.03076000,0
1505598804,21607870,3697.34,0.00116248,0
1505598802,21607869,3697.33,0.08288753,0
1505598796,21607868,3697.36,0.27021995,0
1505598790,21607866,3696.66,0.13203554,0
1505598790,21607865,3689.80,0.00498700,0
1505598783,21607862,3696.91,0.02680400,0
1505598763,21607857,3697.00,0.01135786,1
1505598753,21607856,3683.72,0.02000000,1
1505598741,21607855,3689.81,0.47000000,1
1505598722,21607854,3697.45,0.00583571,0
1505598719,21607853,3693.78,1.44414592,1
1505598718,21607852,3693.78,7.00000000,1
1505598716,21607851,3693.81,0.99730271,1
1505598707,21607850,3689.80,0.02799329,1
1505598707,21607849,3697.42,0.00509371,1
1505598706,21607848,3697.42,0.01490629,0
1505598706,21607847,3689.80,1.07854000,1
1505598704,21607846,3689.80,0.03076000,1
1505598703,21607844,3689.80,0.54068435,1
1505598703,21607843,3689.80,0.07720724,1
1505598702,21607839,3689.80,0.60119798,1
1505598697,21607833,3697.42,0.02660914,0
1505598697,21607832,3689.83,0.16670732,0
1505598697,21607831,3690.00,0.15000000,1
1505598695,21607826,3690.00,0.15835504,0
1505598694,21607821,3697.42,0.00000061,0
1505598693,21607819,3697.42,0.64000000,1
1505598693,21607818,3697.43,0.16976959,0
1505598692,21607817,3697.43,0.50106451,0
1505598691,21607816,3689.80,0.00699000,1
1505598688,21607814,3690.00,10.51391980,0
1505598688,21607813,3689.99,0.10000000,0
1505598688,21607812,3689.97,0.91300000,0
1505598679,21607803,3689.62,0.45000000,0
1505598678,21607802,3689.62,0.01293882,0
1505598676,21607801,3689.62,0.05291949,0
1505598668,21607798,3689.64,0.00534461,0
1505598666,21607796,3689.64,0.02487234,0
1505598663,21607793,3689.64,0.09402800,0
1505598662,21607792,3680.16,0.00269668,1
1505598637,21607788,3689.72,0.01780970,0
1505598576,21607764,3680.18,0.13748785,1
1505598574,21607762,3689.21,0.04000000,0
1505598571,21607761,3673.80,0.00993633,1
1505598561,21607757,3679.34,0.06000000,0
1505598549,21607756,3672.06,0.02800000,0
1505598549,21607755,3672.06,0.06000000,0
1505598547,21607754,3672.05,0.71720669,1
1505598535,21607751,3672.07,0.55000000,0
1505598527,21607750,3672.22,0.08161656,0
1505598467,21607740,3660.48,0.05920355,1
1505598440,21607730,3656.93,8.82001910,1
1505598440,21607729,3656.94,4.94110000,1
1505598436,21607728,3672.83,0.34199686,0
1505598435,21607727,3672.86,0.05922322,0
1505598431,21607724,3667.90,0.30934601,0
1505598431,21607723,3664.73,0.00679365,0
1505598430,21607722,3653.94,0.01304381,1
1505598430,21607721,3654.06,0.98695619,1
1505598429,21607720,3657.20,0.07009278,0
1505598429,21607719,3657.20,0.29430936,0
1505598429,21607718,3657.20,0.24177000,0
1505598428,21607716,3657.20,0.08100500,0
1505598428,21607712,3657.20,0.08699500,0
1505598426,21607707,3657.20,0.63964603,0
1505598423,21607701,3657.20,0.91300000,0
1505598421,21607695,3659.01,0.36933970,0
1505598421,21607694,3659.01,0.02300000,0
1505598421,21607693,3659.01,0.06300000,0
1505598417,21607680,3659.01,0.10420312,0
1505598413,21607669,3663.54,0.73532609,1
1505598387,21607667,3667.80,0.05128958,1
1505598378,21607666,3668.70,0.02000000,1
1505598377,21607665,3668.70,0.02799698,1
1505598377,21607664,3679.99,0.00670303,0
1505598377,21607663,3668.76,0.01304381,1
1505598365,21607660,3668.69,0.06300000,0
1505598365,21607659,3668.69,0.53700000,0
1505598352,21607658,3679.97,0.01539314,1
1505598346,21607657,3679.97,0.07317686,0
1505598340,21607652,3668.60,0.91300000,1
1505598309,21607651,3687.28,0.53888090,1
1505598271,21607647,3687.28,0.03813018,1
1505598255,21607642,3689.97,0.02123082,0
1505598231,21607641,3687.28,0.02718600,1
1505598227,21607639,3689.92,0.20000000,0
1505598226,21607638,3687.28,0.00905436,1
1505598226,21607637,3687.28,0.03437765,1
1505598224,21607635,3687.28,0.02718600,1
1505598221,21607632,3687.28,0.02718700,1
1505598221,21607631,3687.28,0.16311000,1
1505598217,21607627,3687.28,0.13488791,1
1505598211,21607619,3687.28,0.83514679,1
1505598210,21607616,3687.28,0.13508992,1
1505598209,21607613,3689.33,0.01376330,0
1505598205,21607611,3687.28,0.00449275,0
1505598203,21607605,3681.76,0.33977774,1
1505598202,21607603,3676.35,0.07266470,1
1505598201,21607602,3681.78,0.12240000,0
1505598201,21607601,3681.77,0.87760000,0
1505598185,21607587,3681.80,1.19700000,0
1505598185,21607586,3681.79,0.89000000,0
1505598185,21607585,3681.77,0.91300000,0
1505598175,21607583,3675.75,0.00275886,0
1505598166,21607556,3675.75,0.29724114,1
1505598163,21607551,3675.75,0.08000000,0
1505598163,21607550,3670.00,0.00000538,0
1505598156,21607543,3670.00,0.99999462,1
1505598154,21607540,3665.37,0.00000538,0
1505598154,21607539,3665.37,0.01889462,0
1505598151,21607533,3672.84,0.08000000,0
1505598151,21607532,3665.37,0.00000536,0
1505598150,21607528,3665.37,0.16499464,0
1505598145,21607525,3668.95,0.14598705,0
1505598145,21607524,3668.95,0.43834176,0
1505598145,21607521,3668.92,0.98538999,0
1505598145,21607520,3665.37,0.02690000,0
1505598142,21607508,3656.22,0.02730997,0
1505598141,21607506,3664.76,0.04973727,1
1505598141,21607504,3664.76,0.20200000,1
1505598141,21607502,3664.76,0.53800000,1
1505598140,21607499,3656.22,0.05970394,0
1505598140,21607498,3656.22,0.02729606,0
1505598138,21607497,3656.25,0.91300000,1
1505598135,21607495,3664.78,0.25048705,0
1505598135,21607494,3664.78,0.16856395,0
1505598134,21607490,3664.77,0.01385573,0
1505598132,21607486,3669.00,0.45854272,0
1505598127,21607481,3669.00,0.07522141,0
1505598127,21607479,3669.00,0.33400000,0
1505598123,21607470,3669.01,0.33862670,0
1505598123,21607469,3665.37,0.05187000,0
1505598123,21607468,3669.00,0.01000000,1
1505598122,21607466,3669.01,0.45900000,1
1505598119,21607462,3669.01,0.03425165,0
1505598118,21607461,3669.01,0.54100000,1
1505598112,21607457,3669.01,0.02000000,1
1505598104,21607441,3684.11,0.37452193,1
1505598104,21607440,3683.00,0.69000000,0
1505598104,21607439,3683.00,0.11000000,1
1505598104,21607438,3683.00,0.54000000,1
1505598103,21607435,3681.47,7.57685047,0
1505598103,21607434,3681.40,0.11000000,0
1505598103,21607433,3681.20,0.33400000,1
1505598102,21607432,3681.20,7.91000000,0
1505598102,21607431,3681.18,2.70300000,1
1505598102,21607429,3681.18,0.27753175,0
1505598100,21607428,3669.03,0.78206093,0
1505598099,21607426,3669.04,0.03793907,1
1505598093,21607424,3681.22,0.13769800,0
1505598092,21607421,3681.20,0.01000000,0
1505598090,21607418,3674.00,0.07501088,1
1505598087,21607417,3674.00,0.01000000,1
1505598081,21607410,3681.43,0.01000000,0
1505598073,21607400,3674.06,0.02000000,1
1505598070,21607399,3674.04,0.10096063,1
1505598064,21607397,3683.00,0.01000000,1
1505598059,21607392,3687.80,0.19722935,1
1505598054,21607387,3687.80,0.01094290,1
1505598049,21607383,3687.80,0.01094290,1
1505598048,21607382,3687.80,1.00000000,1
1505598048,21607380,3687.80,0.01361792,1
1505598038,21607374,3687.80,0.01094290,1
1505598031,21607370,3687.80,0.02252985,1
1505598031,21607369,3687.80,0.05361829,1
1505598022,21607366,3687.80,0.15993590,1
1505598017,21607360,3687.80,0.01223396,1
1505598013,21607358,3687.80,0.50849000,1
1505598012,21607357,3687.80,0.01378411,1
1505598009,21607351,3687.80,0.34890710,1
1505598007,21607347,3687.80,0.14750150,1
1505597986,21607335,3695.14,0.03089022,0
1505597986,21607334,3684.02,0.00654179,1
1505597980,21607329,3684.02,3.68630182,1
1505597980,21607328,3684.03,0.31369818,1
1505597979,21607327,3695.29,0.47580725,0
1505597979,21607326,3695.27,0.50533504,0
1505597974,21607317,3683.12,0.17072274,0
1505597974,21607316,3683.12,0.26956558,1
1505597974,21607315,3684.01,0.54000000,1
1505597974,21607314,3684.09,0.72032710,1
1505597973,21607305,3695.39,0.00461001,0
1505597969,21607302,3684.01,2.75244284,1
1505597968,21607300,3684.02,0.48875529,1
1505597968,21607299,3684.02,0.01658657,1
1505597965,21607296,3686.37,0.32784036,1
1505597965,21607295,3686.37,0.53900000,1
1505597965,21607294,3686.37,0.54000000,1
1505597965,21607293,3686.37,0.53800000,1
1505597965,21607292,3686.37,0.05515964,1
1505597958,21607278,3686.37,0.01376697,1
1505597958,21607277,3686.37,0.22870864,1
1505597957,21607276,3686.37,0.02171767,1
1505597957,21607275,3686.37,0.01658469,1
1505597952,21607273,3686.37,0.13591617,1
1505597951,21607272,3695.73,0.00246284,0
1505597950,21607270,3686.37,0.01820821,1
1505597946,21607267,3686.37,0.17743173,1
1505597940,21607254,3686.40,0.01365823,1
1505597940,21607253,3690.04,0.00000353,1
1505597938,21607246,3690.04,0.20727419,1
1505597927,21607239,3684.00,0.01994581,1
1505597927,21607238,3684.00,0.01165203,1
1505597926,21607237,3683.24,0.10046106,0
1505597924,21607236,3683.27,0.22279167,1
1505597913,21607229,3683.12,0.73043442,0
1505597903,21607226,3680.00,0.65009155,0
1505597903,21607225,3680.00,1.00000000,0
1505597901,21607224,3680.00,0.10000000,0
1505597901,21607223,3680.00,0.80909603,0
1505597900,21607222,3680.00,7.00000000,0
1505597900,21607221,3680.00,3.20008713,0
1505597899,21607220,3680.00,5.00000000,0
1505597899,21607219,3680.00,7.00000000,0
1505597885,21607215,3678.94,0.04322300,1
1505597879,21607213,3679.00,0.54300000,0
1505597866,21607209,3676.07,0.01368670,1
1505597853,21607207,3679.00,0.26000000,0
1505597806,21607195,3679.47,0.27243422,0
1505597801,21607193,3677.93,0.19000000,1
1505597792,21607192,3679.99,0.49738613,1
1505597791,21607191,3679.99,0.50261387,0
1505597785,21607190,3680.00,0.00634390,0
1505597785,21607189,3679.99,0.01799759,0
1505597784,21607188,3679.78,0.12000000,0
1505597775,21607187,3679.76,1.00000000,1
1505597763,21607186,3669.48,0.00700000,1
1505597763,21607185,3669.48,0.54300000,1
1505597746,21607183,3680.00,0.98447294,0
1505597739,21607182,3677.93,0.01091662,1
1505597739,21607181,3677.93,0.04335912,1
1505597738,21607180,3680.00,1.00000000,0
1505597736,21607179,3680.00,1.00000000,0
1505597734,21607176,3672.54,0.08204426,1
1505597734,21607175,3672.54,0.27210888,1
1505597733,21607174,3672.54,0.20228691,1
1505597733,21607173,3672.54,0.30132239,1
1505597731,21607169,3682.00,0.39240000,0
1505597729,21607168,3680.00,1.00000000,1
1505597723,21607152,3680.00,0.54874725,1
1505597723,21607151,3680.00,0.45125275,1
1505597723,21607150,3680.00,0.01548914,1
1505597722,21607149,3682.00,0.00200000,0
1505597721,21607141,3680.00,0.01548914,1
1505597719,21607139,3680.00,0.01776897,0
1505597717,21607137,3680.00,0.18223103,0
1505597717,21607136,3680.00,0.01776897,0
1505597717,21607135,3680.00,0.80000000,0
1505597715,21607134,3680.00,0.02000000,0
1505597711,21607129,3679.54,0.21052780,1
1505597704,21607125,3675.00,1.79991287,0
1505597703,21607124,3675.00,0.36000000,0
1505597703,21607123,3675.00,7.00000000,0
1505597703,21607122,3675.00,5.00000000,0
1505597702,21607121,3675.00,1.00000000,0
1505597701,21607118,3675.00,0.94552669,0
1505597701,21607117,3675.14,8.00000000,1
1505597701,21607116,3679.54,0.89456044,1
1505597700,21607115,3679.54,0.10543956,0
1505597693,21607109,3678.04,1.00000000,1
1505597690,21607106,3678.04,0.10000000,0
1505597687,21607104,3677.93,0.20000000,0
1505597687,21607102,3677.93,0.01359400,0
1505597672,21607098,3678.04,0.10000000,0
1505597672,21607097,3678.04,0.10000000,0
1505597671,21607096,3678.04,0.10000000,0
1505597671,21607095,3678.04,0.10000000,0
1505597671,21607094,3677.00,1.00000000,0
1505597666,21607091,3677.93,0.03999462,0
1505597666,21607090,3677.93,0.02000000,0
1505597665,21607089,3678.03,0.02000000,1
1505597659,21607083,3677.93,0.01547424,1
1505597659,21607082,3677.93,0.01692942,1
1505597656,21607081,3678.04,0.01339000,0
1505597656,21607080,3678.04,0.01739918,0
1505597656,21607079,3677.95,0.10000000,0
1505597656,21607078,3677.95,0.10000000,0
1505597655,21607077,3677.93,0.12106000,1
1505597654,21607076,3677.93,0.10000000,0
1505597654,21607075,3677.93,0.10000000,0
1505597653,21607074,3677.92,1.00000000,1
1505597643,21607067,3677.92,0.01550000,0
1505597641,21607065,3677.91,0.01607978,0
1505597640,21607064,3677.92,0.57000000,1
1505597628,21607054,3677.92,0.22406688,1
1505597614,21607041,3677.83,0.69983200,1
1505597611,21607038,3677.83,0.10000000,1
1505597610,21607037,3677.83,0.10000000,0
1505597610,21607036,3677.83,0.10000000,0
1505597605,21607032,3677.82,0.01974000,0
1505597603,21607031,3677.82,0.94583600,1
1505597602,21607028,3677.82,0.03442257,1
1505597602,21607024,3677.82,0.07731755,1
1505597600,21607022,3677.82,0.05416400,0
1505597593,21607019,3677.85,0.00923946,0
1505597593,21607018,3671.72,0.03000000,0
1505597593,21607017,3668.00,0.01582334,0
1505597592,21607013,3665.00,0.00211000,1
1505597589,21607009,3668.03,0.01579881,1
1505597588,21607007,3668.00,0.50000000,0
1505597585,21607004,3665.00,0.33300000,1
1505597582,21607003,3665.00,5.34560700,0
1505597581,21607002,3664.99,0.22200000,1
1505597581,21607000,3665.00,14.65439300,0
1505597580,21606999,3664.99,0.20000000,0
1505597580,21606998,3664.99,0.20000000,0
1505597580,21606997,3664.99,0.32193329,0
1505597576,21606994,3664.99,0.00306671,0
1505597525,21606989,3667.96,0.12509678,0
1505597515,21606985,3667.96,0.07500000,0
1505597499,21606968,3655.61,0.10364177,1
1505597498,21606967,3668.86,0.02000000,0
1505597493,21606966,3660.50,0.52553998,1
1505597493,21606965,3660.50,0.07919900,1
1505597492,21606964,3668.88,0.03315284,0
1505597490,21606962,3660.80,0.03867450,1
1505597488,21606961,3660.76,0.03602690,0
1505597485,21606960,3668.88,0.50000000,0
1505597473,21606949,3668.90,0.01578675,1
1505597472,21606948,3666.00,0.20000000,1
1505597464,21606947,3665.74,0.02438480,0
1505597460,21606923,3655.71,0.11223344,0
1505597460,21606922,3655.71,0.12323252,0
1505597460,21606921,3655.71,0.12222220,0
1505597448,21606916,3655.71,0.11111100,0
1505597448,21606915,3655.71,0.10000000,0
1505597448,21606914,3655.71,0.10000000,0
1505597448,21606913,3655.71,0.10000000,0
1505597448,21606912,3655.71,0.10000000,0
1505597437,21606910,3645.57,0.02400001,1
1505597434,21606908,3655.69,0.20000000,0
1505597420,21606906,3655.71,0.03890965,1
1505597417,21606905,3653.06,6.76700000,0
1505597417,21606904,3653.04,6.50000000,0
1505597417,21606903,3652.37,0.20000000,0
1505597417,21606902,3652.24,0.33300000,0
1505597417,21606901,3652.24,0.20000000,0
1505597417,21606900,3652.04,1.00000000,0
1505597360,21606890,3643.21,0.91000000,1
1505597360,21606889,3643.53,1.00000000,1
1505597358,21606887,3648.62,0.54500000,1
1505597358,21606886,3648.62,0.54500000,1
1505597350,21606885,3648.62,0.54500000,1
1505597350,21606884,3648.66,4.68013741,1
1505597350,21606883,3648.66,0.09986259,1
1505597347,21606882,3651.00,0.54500000,1
1505597347,21606881,3651.00,0.11475383,1
1505597336,21606878,3652.88,0.54400000,0
1505597335,21606877,3652.88,0.54400000,0
1505597329,21606876,3652.88,0.10818459,1
1505597281,21606870,3662.00,1.16440000,0
1505597281,21606869,3661.78,0.54500000,0
1505597281,21606868,3661.78,0.29060000,0
1505597258,21606866,3661.79,0.25440000,1
1505597257,21606865,3661.78,2.72060000,0
1505597257,21606864,3661.78,0.02500000,0
1505597253,21606863,3661.78,0.02000000,1
1505597247,21606862,3661.89,2.06200000,1
1505597246,21606861,3661.89,0.91300000,1
1505597246,21606860,3661.89,0.02500000,0
1505597240,21606859,3661.82,0.13000000,0
1505597236,21606858,3661.89,0.01498133,1
1505597232,21606843,3661.99,2.17724547,0
1505597232,21606842,3661.93,0.82275453,0
1505597230,21606841,3649.75,0.27300000,1
1505597227,21606840,3649.67,0.09419893,0
1505597224,21606839,3662.00,0.01314300,0
1505597224,21606838,3649.54,0.27344025,1
1505597224,21606837,3649.59,0.54500000,0
1505597224,21606836,3649.59,0.54500000,0
1505597224,21606835,3649.59,0.82355975,0
1505597223,21606834,3649.67,0.91300000,0
1505597213,21606827,3662.69,1.06687650,0
1505597212,21606826,3662.66,0.93312350,0
1505597107,21606814,3665.78,0.03319471,0
1505597092,21606809,3664.36,0.02500000,0
1505597001,21606798,3665.00,0.04773538,0
1505596978,21606795,3665.74,0.43378778,0
1505596978,21606794,3665.74,0.50147222,0
1505596967,21606792,3668.10,0.02175513,0
1505596960,21606786,3652.99,0.02000000,1
1505596957,21606775,3668.41,0.00085579,1
1505596956,21606774,3668.41,0.02672236,1
1505596955,21606771,3668.24,0.01398219,0
1505596948,21606770,3653.16,0.38000000,1
1505596939,21606756,3668.24,0.02012137,0
1505596935,21606750,3653.11,0.25000000,1
1505596930,21606740,3668.55,0.07146675,0
1505596922,21606734,3653.12,0.74702003,1
1505596886,21606723,3653.26,0.07237865,1
1505596880,21606721,3655.83,0.09338931,1
1505596869,21606706,3655.83,0.07231966,1
1505596867,21606705,3655.86,0.00271849,1
1505596863,21606704,3668.57,0.02000000,0
1505596851,21606698,3652.93,0.06384439,1
1505596851,21606697,3660.11,0.02349221,1
1505596850,21606696,3671.98,0.67000000,0
1505596843,21606694,3660.11,0.00150779,0
1505596842,21606692,3655.83,0.13995718,1
1505596839,21606688,3660.11,0.02500000,0
1505596839,21606687,3655.83,0.23423038,1
1505596839,21606686,3659.06,0.18588283,1
1505596837,21606684,3659.03,0.02657604,0
1505596836,21606683,3655.83,0.07232717,1
1505596835,21606682,3655.83,0.05610636,1
1505596823,21606669,3659.00,0.04307138,0
1505596813,21606668,3650.00,0.71210174,0
1505596802,21606665,3650.00,0.00951900,0
1505596798,21606664,3650.00,0.05346219,0
1505596742,21606631,3650.00,0.02786650,0
1505596704,21606625,3639.29,0.01200000,1
1505596687,21606621,3650.00,0.00318057,0
1505596683,21606620,3650.00,0.02387000,0
1505596637,21606605,3650.38,0.01000000,0
1505596632,21606604,3650.38,0.48200000,0
1505596611,21606602,3650.48,0.02000000,0
1505596599,21606601,3647.86,0.17000000,0
1505596598,21606600,3630.94,0.09046341,1
1505596598,21606599,3630.94,0.02812830,1
1505596596,21606598,3630.93,0.07832189,1
1505596590,21606593,3647.86,0.01815273,0
1505596587,21606586,3647.86,0.08231951,1
1505596575,21606582,3630.28,0.04232568,1
1505596574,21606581,3644.28,0.02000000,0
1505596565,21606580,3630.02,0.01048626,0
1505596564,21606577,3630.02,0.03180000,0
1505596563,21606572,3630.02,0.01367500,1
1505596562,21606570,3644.28,0.10000000,0
1505596551,21606553,3644.28,0.60299978,1
1505596550,21606552,3644.26,0.28000000,0
1505596513,21606543,3626.20,0.02000000,1
1505596500,21606524,3625.78,0.42000000,1
1505596488,21606514,3625.46,0.08700000,1
1505596488,21606513,3625.46,0.91300000,1
1505596476,21606511,3629.82,0.03036831,0
1505596475,21606510,3629.82,0.28000000,1
1505596465,21606506,3647.89,5.29532548,0
1505596465,21606505,3647.79,0.32819871,0
1505596465,21606504,3647.79,1.82600000,0
1505596465,21606503,3647.79,0.58480129,0
1505596462,21606500,3647.79,0.32819871,1
1505596462,21606499,3644.22,0.19000000,0
1505596460,21606497,3644.17,0.91300000,0
1505596450,21606495,3640.20,0.05025949,0
1505596447,21606494,3640.23,0.02000000,0
1505596444,21606493,3640.25,1.00000000,0
1505596441,21606490,3640.28,0.65939214,0
1505596440,21606489,3640.27,0.34060786,0
1505596435,21606488,3634.94,0.26552000,0
1505596433,21606487,3634.93,0.02000000,0
1505596432,21606486,3634.94,1.00000000,0
1505596421,21606483,3634.90,0.21422166,0
1505596393,21606476,3634.93,0.01382927,0
1505596384,21606474,3634.93,0.03739050,0
1505596383,21606473,3634.93,0.02368200,0
1505596371,21606469,3634.93,0.02677008,0
1505596324,21606378,3634.84,0.14725470,0
1505596323,21606377,3634.85,0.78577834,0
1505596291,21606365,3644.35,0.36500000,0
1505596291,21606364,3644.35,0.00725700,0
1505596278,21606363,3635.00,2.73028200,1
1505596278,21606362,3639.29,0.05000000,1
1505596278,21606361,3640.00,0.21971800,1
1505596270,21606359,3640.00,2.48028200,0
1505596265,21606358,3640.00,0.16200000,0
1505596263,21606356,3640.00,0.11107700,0
1505596202,21606337,3641.13,0.02566247,0
1505596199,21606335,3635.00,1.44550000,1
1505596199,21606334,3635.01,4.47000000,1
1505596191,21606330,3635.00,0.15909247,1
1505596191,21606329,3635.03,0.19090753,1
1505596143,21606315,3650.61,0.15842900,0
1505596135,21606312,3634.17,1.23000000,1
1505596132,21606309,3651.05,0.02000000,0
1505596122,21606308,3634.18,0.11646890,1
1505596122,21606307,3634.18,0.05227805,1
1505596122,21606306,3634.18,0.17064188,1
1505596119,21606302,3634.20,0.06752147,1
1505596118,21606301,3643.23,0.80000000,0
1505596109,21606291,3643.16,0.05673645,1
1505596108,21606290,3640.48,0.48950746,1
1505596108,21606289,3644.26,0.10000000,0
1505596107,21606288,3640.48,0.00177695,0
1505596102,21606287,3635.88,0.01291100,0
1505596085,21606276,3636.07,0.82700168,1
1505596084,21606274,3625.32,7.06901851,1
1505596084,21606273,3625.33,0.82701267,1
1505596084,21606272,3630.56,0.32139991,1
1505596080,21606271,3625.32,5.13265040,1
1505596080,21606270,3625.33,0.15000000,1
1505596079,21606269,3626.00,8.68175912,1
1505596079,21606267,3626.00,4.72863143,1
1505596079,21606266,3626.03,0.99994413,1
1505596060,21606258,3625.32,0.15000000,1
1505596059,21606256,3629.67,0.13966892,0
1505596059,21606255,3625.32,24.50748802,1
1505596059,21606254,3625.33,0.17000000,1
1505596043,21606209,3632.39,0.77000000,1
1505596033,21606159,3625.33,0.11978266,1
1505596033,21606157,3625.34,0.14303367,1
1505596025,21606116,3630.54,0.01026717,0
1505596002,21606093,3625.66,0.04233746,1
1505595995,21606092,3627.71,1.69663072,1
1505595995,21606091,3628.00,1.51121088,1
1505595993,21606090,3629.65,0.04215840,1
1505595987,21606085,3635.99,0.10046630,0
1505595983,21606078,3633.21,0.06933620,0
1505595963,21606047,3645.88,0.06324900,0
1505595962,21606046,3645.72,0.03187920,0
1505595961,21606045,3645.88,1.00000000,0
1505595959,21606044,3648.50,0.01587820,0
1505595959,21606043,3648.50,1.00000000,0
1505595956,21606042,3638.30,0.14419464,1
1505595956,21606041,3645.75,0.02088262,1
1505595954,21606040,3653.93,0.08700000,0
1505595954,21606039,3653.93,0.91300000,0
1505595951,21606038,3655.63,0.12738341,1
1505595950,21606037,3655.62,0.82261659,0
1505595943,21606034,3651.29,0.03621187,0
1505595940,21606027,3651.29,0.04015294,0
1505595938,21606026,3651.29,0.76000000,1
1505595937,21606025,3651.29,0.24000000,0
1505595930,21606024,3645.75,0.00911738,1
1505595918,21606022,3635.27,0.54360718,0
1505595917,21606020,3633.12,0.19357718,1
1505595913,21606016,3635.27,0.04737853,0
1505595913,21606015,3635.00,0.02901894,0
1505595883,21605999,3630.37,0.04228219,1
1505595880,21605997,3635.27,0.00316471,0
1505595879,21605994,3635.27,0.00718637,0
1505595876,21605991,3635.27,0.00419275,0
1505595873,21605987,3630.31,0.36208399,1
1505595873,21605986,3631.88,0.04211398,1
1505595851,21605970,3635.27,0.03000000,0
1505595851,21605968,3635.27,0.36447046,1
1505595847,21605964,3635.27,0.02141138,0
1505595846,21605963,3635.27,0.01375400,0
1505595842,21605954,3635.27,0.01588449,1
1505595841,21605952,3635.27,0.04998000,0
1505595840,21605948,3635.27,0.10633665,0
1505595838,21605944,3635.27,0.04998000,0
1505595838,21605943,3635.27,0.01588449,0
1505595837,21605938,3633.17,0.30620055,0
1505595836,21605937,3633.17,0.22000000,1
1505595836,21605936,3633.28,0.91300000,1
1505595835,21605935,3638.48,0.07109670,1
1505595833,21605932,3638.48,0.01588449,0
1505595830,21605930,3638.48,0.04998000,0
1505595829,21605929,3640.01,0.17313000,1
1505595824,21605923,3640.01,0.68671919,1
1505595821,21605915,3640.02,0.15663760,1
1505595815,21605914,3650.00,3.04578659,1
1505595815,21605913,3650.00,4.88018196,1
1505595814,21605912,3650.00,12.07403145,1
1505595813,21605911,3650.00,0.72596855,1
1505595813,21605910,3650.02,0.10000000,1
1505595809,21605907,3650.34,1.00000000,1
1505595806,21605904,3650.34,1.00000000,1
1505595795,21605903,3659.40,0.10963100,1
1505595781,21605900,3650.35,1.00000000,1
1505595778,21605899,3650.34,1.00000000,1
1505595769,21605898,3650.73,0.08700000,0
1505595768,21605897,3650.75,0.91300000,1
1505595765,21605896,3663.72,0.30294749,0
1505595764,21605895,3652.63,0.03133000,0
1505595761,21605893,3666.77,0.01570800,0
1505595760,21605890,3652.63,0.01834327,0
1505595758,21605886,3652.68,0.01748327,1
1505595755,21605885,3652.67,1.00000000,1
1505595746,21605883,3652.66,2.86924794,0
1505595746,21605882,3655.54,0.79075206,1
1505595746,21605881,3656.01,0.10000000,1
1505595745,21605880,3656.02,0.24000000,1
1505595739,21605879,3657.29,1.00000000,1
1505595737,21605877,3657.29,1.00000000,1
1505595735,21605874,3658.00,0.05425908,1
1505595733,21605873,3658.00,0.10000000,1
1505595733,21605872,3658.01,0.05425911,1
1505595681,21605866,3659.55,0.36722383,0
1505595679,21605865,3659.55,0.49870396,0
1505595678,21605864,3659.55,0.13407221,1
1505595648,21605861,3660.12,2.00000000,1
1505595639,21605855,3661.71,0.00000047,0
1505595637,21605854,3661.71,0.42488600,0
1505595632,21605852,3661.71,0.02768011,0
1505595631,21605850,3661.71,0.00254865,0
1505595621,21605847,3659.55,4.21592779,1
1505595613,21605846,3659.55,0.02000000,1
1505595601,21605842,3659.57,0.88000000,1
1505595597,21605841,3661.71,0.54488477,0
1505595594,21605840,3661.71,0.50100000,1
1505595592,21605836,3661.71,1.00000000,1
1505595590,21605835,3661.71,0.09000000,1
1505595589,21605834,3661.71,0.91000000,1
1505595589,21605833,3661.71,1.00000000,1
1505595587,21605831,3661.71,1.00000000,1
1505595585,21605829,3661.71,1.00000000,1
1505595582,21605825,3661.71,1.00000000,1
1505595577,21605822,3661.72,0.91300000,1
1505595572,21605820,3667.48,1.00000000,1
1505595570,21605818,3667.21,1.00000000,0
1505595568,21605817,3667.21,0.97650000,1
1505595567,21605816,3667.21,1.00000000,0
1505595567,21605814,3667.19,2.71350000,0
1505595564,21605811,3667.21,0.25000000,1
1505595551,21605809,3667.21,0.75637843,1
1505595539,21605804,3667.19,1.00169043,1
1505595539,21605803,3667.25,0.99830957,1
1505595536,21605800,3677.17,0.04143095,0
1505595503,21605795,3659.50,0.02000000,1
1505595502,21605794,3669.85,0.65500000,0
1505595490,21605791,3657.33,0.71000000,1
1505595485,21605790,3669.97,0.02500565,1
1505595483,21605788,3669.98,0.01934348,0
1505595478,21605786,3660.00,0.10000000,1
1505595474,21605785,3667.93,0.22500000,0
1505595464,21605784,3660.02,0.00000004,1
1505595452,21605783,3669.99,0.03750000,0
1505595452,21605782,3669.00,0.06250000,0
1505595444,21605781,3668.97,0.41699100,0
1505595419,21605778,3668.94,0.00395921,0
1505595390,21605774,3670.00,0.02000000,0
1505595390,21605773,3670.00,0.19674927,0
1505595379,21605764,3675.13,0.26535936,1
1505595378,21605762,3675.13,0.27464064,1
1505595368,21605761,3672.88,0.00360543,0
1505595366,21605760,3672.59,0.08700000,1
1505595366,21605759,3672.54,0.91300000,0
1505595361,21605757,3662.28,5.75303902,1
1505595360,21605756,3662.31,0.14342761,1
1505595356,21605755,3660.02,0.94749696,0
1505595341,21605749,3660.02,0.00574883,0
1505595335,21605745,3660.02,0.13396383,0
1505595334,21605744,3660.02,0.37088556,0
1505595334,21605743,3660.02,0.01644456,0
1505595334,21605742,3660.00,0.15335894,0
1505595329,21605741,3660.00,0.01661529,0
1505595314,21605710,3660.00,0.83002577,1
1505595312,21605709,3660.02,0.01384506,0
1505595303,21605705,3660.02,0.01661520,0
1505595284,21605700,3660.02,1.49500000,0
1505595227,21605689,3666.04,0.09454037,0
1505595219,21605683,3660.00,4.82252941,1
1505595219,21605682,3660.01,0.10000000,1
1505595218,21605681,3660.02,0.07747059,1
1505595195,21605675,3666.14,0.13926813,0
1505595195,21605674,3666.11,0.03585137,0
1505595157,21605648,3669.10,0.02500000,0
1505595155,21605647,3669.12,0.05401553,0
1505595152,21605646,3668.78,0.02023730,0
1505595149,21605645,3668.79,0.08493524,0
1505595144,21605644,3668.82,0.00358487,0
1505595134,21605643,3669.07,0.03276672,0
1505595123,21605641,3666.49,0.00945100,0
1505595112,21605636,3660.00,0.91756017,1
1505595112,21605635,3660.01,0.07728698,1
1505595107,21605634,3660.00,0.02000000,1
1505595105,21605633,3660.00,2.56150472,1
1505595105,21605632,3660.91,5.12410000,1
1505595105,21605631,3660.96,0.31439528,1
1505595098,21605629,3670.66,0.29865200,0
1505595093,21605625,3660.86,0.56000000,1
1505595080,21605624,3660.68,0.02000000,1
1505595068,21605619,3668.34,0.25000000,1
1505595068,21605618,3679.83,0.00779431,0
1505595063,21605614,3668.32,0.00270380,0
1505595004,21605566,3680.00,0.11012600,0
1505594993,21605558,3685.16,0.03300595,0
1505594990,21605555,3680.00,2.00000000,1
1505594969,21605547,3685.44,0.01574328,0
1505594966,21605546,3685.57,0.01575077,0
1505594953,21605544,3673.59,0.05187665,0
1505594944,21605542,3673.59,0.01148105,0
1505594937,21605539,3670.82,0.13000000,1
1505594928,21605538,3676.20,0.08811494,1
1505594928,21605537,3676.23,0.91297226,1
1505594884,21605533,3685.97,0.10966600,0
1505594787,21605523,3686.70,0.07874699,0
1505594772,21605519,3686.66,0.00606470,0
1505594765,21605518,3686.70,0.12446089,0
1505594758,21605498,3686.70,0.03299259,0
1505594744,21605493,3686.71,0.07162023,0
1505594704,21605474,3688.73,0.00324500,0
1505594684,21605468,3689.27,0.01573882,0
1505594642,21605466,3689.12,0.19064934,0
1505594630,21605462,3689.29,0.03153880,0
1505594617,21605461,3689.33,0.00000521,0
1505594617,21605460,3689.33,0.07843725,0
1505594567,21605422,3689.73,0.06140000,0
1505594533,21605393,3691.92,0.01828251,0
1505594525,21605391,3692.87,0.02485059,1
1505594520,21605389,3676.19,5.60990833,1
1505594520,21605388,3676.23,0.17000000,1
1505594520,21605387,3676.33,1.82600000,1
1505594520,21605386,3676.33,0.91300000,1
1505594478,21605381,3681.08,0.15239619,1
1505594467,21605377,3681.04,0.11771460,1
1505594467,21605376,3681.04,0.04899565,1
1505594463,21605373,3693.12,0.48558477,0
1505594463,21605372,3690.00,0.51441523,0
1505594457,21605368,3690.00,0.08460922,1
1505594456,21605367,3690.00,0.47499411,0
1505594454,21605366,3690.00,0.08841141,0
1505594453,21605365,3689.97,0.91158859,0
1505594447,21605363,3690.00,0.00322842,0
1505594438,21605359,3690.00,0.01577595,0
1505594399,21605340,3689.94,0.01577595,0
1505594357,21605323,3690.00,0.01794094,0
1505594356,21605322,3680.90,0.00835000,1
1505594356,21605321,3689.96,0.02000000,1
1505594352,21605318,3693.68,0.08700000,0
1505594352,21605316,3693.64,0.91300000,0
1505594351,21605312,3690.00,0.48369649,1
1505594350,21605309,3694.70,0.01060806,0
1505594350,21605308,3690.00,0.01999751,1
1505594348,21605304,3690.00,0.01999751,1
1505594348,21605303,3694.77,0.08477688,0
1505594347,21605302,3690.00,0.07129000,0
1505594345,21605301,3690.00,0.92871000,0
1505594345,21605300,3689.98,0.07129000,0
1505594343,21605295,3689.98,0.01571000,0
1505594338,21605292,3689.98,0.03999798,0
1505594337,21605291,3689.98,0.08700000,1
1505594336,21605289,3689.98,0.04000000,1
1505594336,21605288,3689.98,0.87300000,0
1505594335,21605287,3689.98,0.04000000,0
1505594333,21605282,3684.94,0.13674036,1
1505594332,21605281,3684.94,0.10057000,1
1505594330,21605276,3684.94,0.03383346,1
1505594328,21605274,3684.93,0.02453800,0
1505594326,21605268,3684.74,0.61089794,1
1505594323,21605259,3684.92,0.05795798,1
1505594320,21605258,3684.62,0.91300000,0
1505594318,21605254,3684.74,0.08700000,1
1505594318,21605253,3684.74,0.91300000,1
1505594310,21605244,3682.16,0.13759588,1
1505594300,21605243,3682.18,0.01328721,0
1505594300,21605242,3675.17,0.00185613,0
1505594251,21605239,3663.57,0.69014001,0
1505594251,21605238,3663.59,0.90490000,0
1505594251,21605237,3663.59,0.00810000,1
1505594249,21605236,3665.50,0.40495999,1
1505594176,21605224,3663.53,0.03439204,1
1505594116,21605202,3660.98,0.17321880,1
1505594105,21605201,3678.42,0.05934825,0
1505594099,21605200,3667.31,0.00315371,0
1505594099,21605199,3667.31,0.05154630,0
1505594099,21605198,3667.31,0.06710028,0
1505594098,21605197,3667.31,0.09517321,0
1505594093,21605195,3667.31,0.01857647,0
1505594077,21605190,3675.75,0.03478361,0
1505594076,21605186,3659.37,0.02000000,1
1505594064,21605180,3659.22,0.25000000,1
1505594053,21605179,3675.74,0.17183377,0
1505594051,21605178,3659.07,0.16885738,0
1505594050,21605177,3675.74,0.12138644,1
1505594050,21605176,3675.74,0.08513932,1
1505594043,21605175,3675.68,0.00750000,0
1505594022,21605166,3670.98,0.01000000,1
1505594007,21605164,3686.33,0.01927302,0
1505593955,21605163,3688.04,0.01102084,0
1505593927,21605162,3689.41,0.27174806,0
1505593924,21605159,3674.46,0.00408772,1
1505593911,21605155,3689.62,0.15052181,0
1505593891,21605150,3690.72,0.07174480,0
1505593887,21605149,3690.79,0.01372850,0
1505593883,21605147,3690.87,0.03159781,0
1505593877,21605120,3679.50,0.68238182,1
1505593877,21605119,3690.97,0.02716645,0
1505593876,21605118,3679.50,0.13317574,1
1505593875,21605117,3679.50,0.01782032,1
1505593866,21605116,3691.22,0.00390245,0
1505593865,21605115,3691.28,0.12430580,0
1505593834,21605111,3679.50,0.19109000,1
1505593833,21605110,3679.50,0.19121000,1
1505593831,21605109,3679.50,0.00972000,1
1505593812,21605106,3692.92,0.02000000,0
1505593812,21605103,3692.92,0.02156767,0
1505593808,21605102,3681.67,0.16434899,1
1505593801,21605099,3681.67,0.00170690,1
1505593799,21605098,3686.00,0.47000000,1
1505593798,21605097,3686.00,0.05000000,0
1505593790,21605094,3682.00,1.00000000,0
1505593789,21605092,3682.00,1.00000000,0
1505593787,21605091,3681.88,0.27484500,1
1505593786,21605090,3679.50,0.00908455,1
1505593784,21605089,3681.89,0.00718424,0
1505593768,21605083,3681.39,0.01576968,0
1505593756,21605078,3674.42,0.15457673,1
1505593756,21605076,3674.45,0.37532327,1
1505593745,21605072,3681.54,0.01376394,0
1505593727,21605065,3681.68,0.27166457,0
1505593711,21605056,3671.01,0.01767148,1
1505593698,21605053,3682.71,0.27166457,1
1505593697,21605052,3682.71,0.03259974,1
1505593667,21605038,3670.98,0.01425000,1
1505593667,21605037,3670.98,0.02383066,1
1505593667,21605036,3670.98,0.00670000,1
1505593664,21605035,3680.23,0.02000000,0
1505593651,21605034,3679.00,0.35000000,0
1505593649,21605033,3670.99,0.01596345,1
1505593649,21605032,3674.67,0.27003655,1
1505593639,21605030,3676.00,0.05000000,0
1505593636,21605029,3671.74,0.00162802,0
1505593612,21605026,3671.00,1.61912120,0
1505593611,21605025,3671.00,7.00000000,0
1505593610,21605024,3670.00,0.72833543,0
1505593605,21605023,3670.00,0.27166457,0
1505593576,21605002,3671.00,0.27166457,0
1505593573,21604999,3671.00,0.06602143,0
1505593562,21604994,3671.00,0.19478349,0
1505593546,21604989,3670.98,0.23091488,0
1505593523,21604980,3670.98,0.09700000,0
1505593517,21604979,3670.98,0.28064988,0
1505593516,21604978,3661.52,0.01912722,1
1505593505,21604977,3670.98,0.02499877,0
1505593502,21604975,3670.98,0.01462206,0
1505593502,21604974,3670.00,0.00637794,0
1505593483,21604972,3670.00,0.04600000,0
1505593454,21604962,3661.51,0.28311746,1
1505593449,21604959,3661.51,0.00597687,1
1505593441,21604957,3670.59,0.02687629,1
1505593440,21604956,3670.59,0.03587900,1
1505593437,21604946,3670.59,0.03724471,1
1505593427,21604939,3671.00,0.00400000,0
1505593424,21604938,3671.02,0.00277558,0
1505593413,21604937,3656.35,0.00710951,0
1505593375,21604928,3673.51,0.02299475,0
1505593366,21604927,3660.03,1.00000000,0
1505593361,21604926,3660.04,1.00000000,1
1505593359,21604925,3665.00,1.00000000,1
1505593356,21604924,3660.03,1.00000000,1
1505593265,21604882,3667.04,0.00271955,1
1505593232,21604874,3658.69,0.01424351,1
1505593189,21604863,3655.97,0.38883218,0
1505593189,21604862,3655.97,0.01616782,0
1505593188,21604861,3655.97,0.07500000,1
1505593188,21604860,3656.16,0.52000000,1
1505593187,21604859,3672.98,0.02000000,0
1505593186,21604858,3655.97,0.08700000,0
1505593185,21604857,3656.12,0.91300000,1
1505593174,21604856,3673.06,0.01606410,0
1505593172,21604855,3657.36,1.00000000,0
1505593168,21604854,3671.17,4.08546840,1
1505593166,21604853,3671.17,3.56211957,1
1505593165,21604851,3671.17,5.00000000,1
1505593164,21604850,3671.17,7.35241203,1
1505593161,21604791,3673.23,0.52000000,0
1505593157,21604790,3657.36,0.08700000,0
1505593154,21604788,3657.36,0.91300000,0
1505593150,21604787,3657.36,0.05000000,1
1505593149,21604786,3659.52,0.13800000,0
1505593148,21604785,3659.52,0.01444502,0
1505593147,21604784,3659.52,0.20126517,1
1505593145,21604783,3659.52,1.00000000,1
1505593145,21604782,3659.52,0.51000000,1
1505593143,21604780,3659.52,0.79873483,1
1505593143,21604779,3659.53,0.20126517,1
1505593140,21604778,3659.52,1.00000000,1
1505593138,21604777,3659.52,1.00000000,1
1505593136,21604774,3659.51,1.00000000,1
1505593133,21604773,3659.51,0.79832874,1
1505593133,21604772,3659.52,0.20167126,1
1505593124,21604771,3659.58,1.00000000,1
1505593121,21604769,3659.51,0.68580703,1
1505593121,21604768,3665.01,0.07628269,1
1505593121,21604767,3665.35,0.23791028,1
1505593119,21604766,3665.01,1.00000000,1
1505593118,21604765,3670.51,0.11100000,0
1505593116,21604764,3665.01,1.00000000,1
1505593115,21604763,3665.01,0.99371731,1
1505593114,21604762,3665.00,1.00000000,0
1505593114,21604761,3658.13,0.60000000,0
1505593110,21604760,3665.02,0.26117122,0
1505593106,21604758,3665.00,1.21743109,1
1505593106,21604757,3665.00,7.00000000,1
1505593100,21604756,3665.01,0.05667363,1
1505593091,21604755,3668.13,0.26647546,1
1505593091,21604754,3668.13,0.17801089,1
1505593090,21604753,3668.13,0.07667927,0
1505593089,21604752,3667.00,0.01972000,0
1505593088,21604750,3667.00,0.50000000,1
1505593088,21604749,3668.13,0.06055517,1
1505593086,21604748,3668.13,0.06055519,0
1505593086,21604747,3668.13,0.13683648,0
1505593083,21604736,3671.17,0.15333700,0
1505593077,21604725,3669.34,0.01458313,0
1505593075,21604724,3669.35,0.19000000,1
1505593075,21604723,3671.17,0.00999847,1
1505593071,21604719,3674.81,0.28876067,0
1505593069,21604717,3674.81,0.21000000,1
1505593069,21604716,3674.82,0.01456194,1
1505593009,21604701,3685.00,6.21722914,1
1505593009,21604700,3685.00,0.96056602,1
1505593009,21604699,3685.02,0.91300000,1
1505593009,21604698,3686.51,0.10000000,1
1505593006,21604697,3686.51,0.01440758,0
1505593005,21604696,3687.12,0.00999847,1
1505593005,21604695,3686.70,0.32347657,1
1505592992,21604691,3687.08,0.91300000,1
1505592973,21604688,3697.00,0.06000000,0
1505592955,21604687,3697.00,0.06922500,0
1505592955,21604686,3696.99,0.02497451,0
1505592938,21604685,3690.22,4.01700000,0
1505592936,21604684,3690.22,0.91300000,1
1505592915,21604681,3692.77,5.33399381,1
1505592915,21604680,3692.77,0.89945645,1
1505592903,21604675,3691.63,0.01113919,0
1505592901,21604674,3692.76,0.01737149,1
1505592881,21604673,3692.76,0.86696916,1
1505592877,21604672,3692.76,6.59755935,1
1505592877,21604671,3692.78,0.02399847,1
1505592877,21604670,3692.80,0.00599847,1
1505592876,21604669,3696.99,0.06098682,0
1505592865,21604663,3695.00,0.05156428,1
1505592864,21604660,3695.00,0.11960217,1
1505592862,21604656,3695.00,0.11960217,1
1505592855,21604650,3690.23,0.00216427,1
1505592855,21604649,3692.77,1.28176017,1
1505592854,21604648,3696.90,0.00000191,1
1505592843,21604639,3696.90,0.03129109,1
1505592840,21604638,3697.00,0.13111431,0
1505592836,21604634,3695.33,0.18311746,0
1505592836,21604633,3695.00,0.10000000,0
1505592832,21604632,3692.77,5.34396963,1
1505592832,21604631,3692.77,0.11327020,1
1505592825,21604629,3696.99,0.04031735,0
1505592820,21604622,3693.00,1.78119347,0
1505592812,21604621,3692.00,1.86771966,0
1505592795,21604620,3692.00,0.04710627,0
1505592778,21604617,3692.00,0.01921738,0
1505592771,21604614,3692.00,0.01070926,0
1505592754,21604613,3690.21,1.64870945,1
1505592754,21604612,3690.21,0.13532622,1
1505592751,21604611,3690.21,0.00831000,1
1505592740,21604608,3692.00,0.05524743,0
1505592733,21604607,3690.21,0.28529428,1
1505592713,21604605,3693.00,0.21880653,0
1505592705,21604603,3690.19,0.05774577,1
1505592703,21604602,3692.00,0.07925423,1
1505592681,21604598,3695.20,0.07142355,0
1505592667,21604596,3690.19,0.01982986,1
1505592662,21604595,3697.44,0.00702383,0
1505592656,21604593,3690.19,0.13500000,1
1505592650,21604592,3690.19,2.97594836,1
1505592648,21604591,3693.66,0.01599847,0
1505592648,21604590,3693.66,0.06399847,0
1505592647,21604589,3690.21,5.45038373,1
1505592644,21604584,3693.66,0.88604799,1
1505592643,21604579,3693.66,1.47682300,1
1505592642,21604576,3693.66,2.53672197,1
1505592642,21604574,3696.40,0.00000203,1
1505592619,21604563,3697.45,0.04708849,0
1505592617,21604559,3696.40,0.04124013,1
1505592609,21604554,3690.19,0.12992544,1
1505592608,21604553,3692.36,0.00007456,1
1505592607,21604552,3692.36,1.55212544,0
1505592603,21604551,3692.36,0.03015456,0
1505592603,21604548,3690.19,0.04905088,1
1505592591,21604545,3697.45,0.00315074,0
1505592588,21604541,3697.44,0.01576767,1
1505592587,21604539,3697.45,0.01370493,0
1505592576,21604536,3697.04,0.00628269,0
1505592575,21604535,3697.07,0.79000000,0
1505592571,21604534,3685.00,0.03943398,1
1505592564,21604533,3685.03,4.39519552,0
1505592562,21604532,3685.03,0.60480448,1
1505592501,21604522,3695.95,0.03061337,0
1505592474,21604514,3696.50,0.26984986,0
1505592470,21604512,3696.55,0.05307861,0
1505592469,21604511,3696.63,0.01404111,0
1505592465,21604509,3696.73,0.00630148,0
1505592436,21604505,3684.95,0.08069603,1
1505592406,21604504,3681.17,0.01804176,1
1505592381,21604497,3697.39,0.08321173,0
1505592374,21604495,3697.69,0.02994572,0
1505592305,21604484,3697.15,0.25091556,0
1505592302,21604482,3680.93,0.05849366,1
1505592289,21604472,3696.44,0.02000000,1
1505592286,21604466,3689.27,0.27093166,1
1505592279,21604465,3696.45,0.00571900,0
1505592273,21604463,3696.47,0.44000000,0
1505592270,21604458,3681.46,0.25210271,1
1505592267,21604453,3685.79,0.02119481,0
1505592260,21604452,3685.23,0.91300000,1
1505592247,21604444,3685.63,0.47678117,1
1505592246,21604443,3680.10,0.01000000,1
1505592246,21604442,3680.10,0.80000000,0
1505592226,21604436,3667.93,0.02742904,1
1505592226,21604435,3679.91,0.02640534,0
1505592225,21604434,3675.00,0.06814377,0
1505592219,21604432,3675.00,0.00609533,0
1505592213,21604429,3667.87,0.00582344,1
1505592213,21604428,3668.43,0.14000000,1
1505592213,21604427,3668.44,0.05417656,1
1505592196,21604424,3671.27,0.00665471,1
1505592192,21604423,3675.00,0.00574060,0
1505592187,21604422,3679.73,0.01410615,0
1505592186,21604420,3679.77,0.25210271,0
1505592185,21604419,3679.77,0.05800000,0
1505592183,21604417,3679.82,0.15730600,0
1505592167,21604416,3665.18,0.02323991,1
1505592150,21604411,3680.61,0.03165527,0
1505592136,21604408,3662.52,0.01201721,1
1505592089,21604399,3661.90,0.02000000,0
1505592085,21604397,3664.95,0.05942515,0
1505592084,21604396,3665.02,0.94057485,1
1505592082,21604395,3664.95,1.00000000,1
1505592079,21604394,3664.82,0.08700000,0
1505592079,21604393,3664.82,0.91300000,0
1505592077,21604392,3664.85,0.28000000,1
1505592076,21604391,3681.21,0.06287868,0
1505592063,21604388,3673.07,0.91300000,1
1505592051,21604379,3674.86,0.06924747,1
1505592041,21604377,3687.70,0.13174101,0
1505592040,21604373,3675.00,0.07500000,0
1505592038,21604372,3675.00,0.00149199,1
1505592038,21604371,3675.03,0.91300000,1
1505592026,21604370,3680.25,0.07500000,0
1505592024,21604369,3680.25,0.91300000,1
1505592020,21604368,3680.20,0.16201425,1
1505592013,21604365,3690.00,0.01874321,1
1505592009,21604364,3697.24,0.18303114,1
1505592009,21604363,3697.24,0.04420426,0
1505592008,21604362,3697.24,0.77276460,0
1505592007,21604358,3697.24,0.03405000,1
1505592003,21604357,3697.24,0.08736103,1
1505592000,21604350,3697.26,0.00206910,0
1505591990,21604344,3692.97,0.91300000,0
1505591982,21604340,3681.32,0.76515965,1
1505591981,21604339,3692.33,0.08700000,1
1505591981,21604338,3692.18,0.91300000,0
1505591978,21604337,3692.23,1.00000000,0
1505591970,21604334,3690.70,0.05000000,0
1505591970,21604333,3681.35,0.02174768,1
1505591958,21604331,3690.00,0.04533878,0
1505591957,21604330,3690.00,0.00466122,0
1505591950,21604329,3678.23,0.06041315,1
1505591945,21604326,3685.80,0.02914200,0
1505591936,21604324,3675.00,3.85393197,0
1505591931,21604322,3675.00,0.09463387,0
1505591889,21604318,3675.00,0.00149131,0
1505591877,21604313,3674.86,0.13872012,0
1505591841,21604309,3674.86,0.11127988,0
1505591826,21604304,3675.00,0.02497142,0
1505591825,21604302,3675.00,0.02497143,0
1505591824,21604300,3669.56,0.65333034,0
1505591822,21604298,3675.00,7.19079516,1
1505591816,21604292,3675.00,1.00000000,1
1505591806,21604286,3675.04,0.02314537,1
1505591806,21604285,3677.89,0.01345000,1
1505591786,21604252,3677.86,0.39800000,1
1505591786,21604251,3677.86,0.53400000,1
1505591786,21604250,3677.86,0.53400000,1
1505591786,21604249,3677.86,0.53400000,1
1505591754,21604232,3687.70,0.02710000,0
1505591731,21604225,3678.29,0.00833900,1
1505591706,21604223,3690.37,0.12433441,0
1505591705,21604221,3690.37,0.12433645,1
1505591662,21604217,3690.46,0.02152337,0
1505591657,21604216,3679.83,0.00630276,1
1505591656,21604215,3684.99,0.00733971,1
1505591627,21604209,3684.99,0.01306029,1
1505591607,21604207,3692.77,0.02000000,0
1505591587,21604205,3684.99,1.00000000,0
1505591570,21604198,3684.50,0.66000000,0
1505591511,21604179,3689.05,0.01020000,0
1505591496,21604177,3689.20,0.08651590,0
1505591485,21604166,3672.37,0.08700000,0
1505591484,21604163,3672.37,0.91300000,1
1505591469,21604157,3672.18,0.00270367,1
1505591467,21604154,3689.56,0.05162404,1
1505591465,21604152,3686.00,0.20000000,0
1505591415,21604131,3680.17,0.29914898,1
1505591415,21604130,3680.18,0.91300000,1
1505591408,21604128,3698.12,0.79742688,1
1505591408,21604127,3695.01,0.02400000,0
1505591407,21604126,3694.56,0.01837375,0
1505591407,21604125,3693.00,0.05000000,0
1505591407,21604124,3692.01,0.31789934,0
1505591405,21604121,3690.00,1.79230003,0
1505591401,21604120,3690.00,0.74166997,0
1505591396,21604118,3690.00,0.01000000,0
1505591386,21604114,3679.97,0.16320800,1
1505591383,21604111,3683.72,0.00183928,1
1505591382,21604110,3689.99,0.68000000,1
1505591364,21604099,3689.99,0.32000000,1
1505591359,21604094,3689.96,0.32000000,1
1505591357,21604090,3689.96,0.31990127,1
1505591355,21604089,3689.78,0.35648845,0
1505591350,21604087,3676.62,0.01894785,0
1505591346,21604086,3689.57,0.20062392,0
1505591339,21604084,3675.94,0.23342757,1
1505591333,21604082,3675.93,0.84509929,1
1505591333,21604081,3676.03,0.13000000,1
1505591330,21604080,3675.73,0.58120512,1
1505591330,21604079,3675.73,1.44199015,1
1505591329,21604078,3675.73,0.00153298,1
1505591329,21604077,3676.05,0.37190793,1
1505591329,21604076,3676.05,0.34842129,1
1505591329,21604075,3676.05,0.19267078,1
1505591328,21604074,3678.17,0.14000000,1
1505591327,21604073,3678.45,0.33003188,1
1505591322,21604070,3678.39,0.63931936,1
1505591321,21604067,3678.33,0.23829008,1
1505591317,21604059,3678.29,0.67470800,1
1505591310,21604047,3692.01,0.01794320,0
1505591310,21604046,3691.86,0.20000000,0
1505591297,21604044,3678.37,0.02645657,1
1505591282,21604042,3677.88,0.02731312,1
1505591225,21604022,3691.82,0.06214279,0
1505591209,21604012,3691.83,0.95855914,0
1505591209,21604011,3691.76,0.04144086,0
1505591208,21604010,3673.80,0.10800000,1
1505591208,21604009,3673.80,0.02295000,1
1505591205,21604005,3676.32,0.19000000,1
1505591205,21604004,3676.34,0.13800000,1
1505591204,21604002,3692.01,0.31520732,0
1505591204,21604001,3691.86,0.87155913,0
1505591203,21603997,3691.86,0.12844087,0
1505591203,21603996,3691.76,0.87155913,0
1505591202,21603994,3691.76,0.04144087,0
1505591201,21603988,3691.78,1.00000000,0
1505591199,21603985,3676.31,0.00527393,1
1505591199,21603984,3676.34,1.00000000,1
1505591198,21603982,3691.83,1.00000000,0
1505591196,21603981,3691.83,1.00000000,0
1505591195,21603980,3676.32,0.24007000,1
1505591194,21603979,3691.86,1.00000000,1
1505591187,21603968,3692.01,0.08700000,1
1505591186,21603967,3691.85,0.91300000,0
1505591183,21603965,3691.98,0.08700000,0
1505591183,21603964,3691.94,0.91300000,0
1505591180,21603963,3691.99,1.00000000,0
1505591178,21603962,3676.31,0.19818322,1
1505591178,21603961,3676.31,0.11310463,1
1505591177,21603960,3692.15,0.18013249,1
1505591177,21603959,3692.06,0.81986751,0
1505591176,21603958,3676.31,1.64094963,1
1505591176,21603957,3676.34,1.00000000,1
1505591174,21603956,3692.10,1.00000000,0
1505591161,21603950,3674.08,0.82388708,1
1505591159,21603949,3674.08,0.41194354,1
1505591159,21603948,3674.08,1.05876355,1
1505591157,21603947,3674.08,0.13855452,1
1505591156,21603945,3674.08,0.18033515,1
1505591155,21603944,3692.71,0.01751340,0
1505591154,21603943,3674.08,2.42821662,1
1505591154,21603942,3675.83,2.90646671,1
1505591154,21603941,3675.83,2.30683042,1
1505591153,21603940,3692.76,0.01155943,0
1505591152,21603936,3675.83,1.42847630,1
1505591151,21603935,3675.86,0.28490817,1
1505591150,21603932,3675.83,1.73986284,1
1505591148,21603925,3675.83,1.73918816,1
1505591146,21603919,3675.83,0.00945000,1
1505591144,21603912,3675.83,0.11272557,1
1505591143,21603911,3675.95,2.03025126,1
1505591140,21603910,3675.95,0.41211852,1
1505591139,21603908,3675.95,0.13718903,1
1505591138,21603905,3675.95,0.13718903,1
1505591138,21603902,3675.95,0.01037975,1
1505591137,21603900,3675.95,0.82423704,1
1505591136,21603893,3675.98,0.27360819,1
1505591135,21603890,3675.95,0.05279853,1
1505591135,21603889,3675.95,0.03693400,1
1505591133,21603884,3689.50,0.50000000,1
1505591131,21603879,3675.95,2.64709260,1
1505591129,21603868,3675.95,2.76041024,1
1505591113,21603863,3685.76,0.01651447,0
1505591112,21603862,3678.49,0.01111356,0
1505591108,21603860,3668.58,0.13702940,0
1505591107,21603859,3668.61,0.00000060,1
1505591105,21603858,3668.61,0.71358640,0
1505591103,21603857,3669.00,0.11262072,1
1505591101,21603856,3669.00,0.01367733,1
1505591099,21603855,3681.09,0.50000000,0
1505591085,21603854,3669.36,0.49973000,0
1505591082,21603805,3668.58,0.09578219,1
1505591073,21603800,3668.58,1.65024452,1
1505591073,21603799,3668.58,0.00045411,1
1505591072,21603798,3668.61,0.45000000,1
1505591065,21603792,3681.71,0.05851636,0
1505591024,21603773,3664.96,0.82000000,1
1505591022,21603769,3683.00,0.55430953,1
1505591022,21603768,3683.00,1.82600000,1
1505591021,21603767,3679.34,0.18643300,0
1505591020,21603766,3668.60,0.06490556,0
1505591014,21603765,3664.95,3.87423436,1
1505591012,21603764,3664.97,0.55000000,1
1505591010,21603763,3678.88,1.06409903,1
1505591010,21603762,3677.93,0.93590097,0
1505591007,21603760,3669.36,3.74158506,1
1505591006,21603759,3664.98,0.00000031,0
1505591006,21603758,3664.98,0.14829069,0
1505591005,21603757,3664.99,0.12339580,1
1505591004,21603756,3664.97,4.83610420,0
1505590999,21603755,3664.96,0.34140078,1
1505590996,21603753,3678.32,0.00600000,0
1505590993,21603752,3672.25,0.09491664,0
1505590992,21603748,3672.25,0.15000000,1
1505590992,21603747,3672.41,0.27382833,1
1505590992,21603746,3672.41,0.27382833,1
1505590985,21603744,3679.32,0.53682405,0
1505590984,21603743,3679.32,0.33660295,1
1505590983,21603742,3679.32,0.03957300,0
1505590983,21603740,3673.25,0.20601477,0
1505590979,21603737,3679.00,0.64145633,0
1505590979,21603736,3675.85,2.12668091,0
1505590976,21603726,3675.85,1.11872905,1
1505590975,21603723,3675.86,0.21913000,1
1505590975,21603718,3675.85,2.32835943,1
1505590970,21603717,3672.25,0.20607441,1
1505590970,21603716,3672.25,0.39019949,1
1505590970,21603715,3679.00,0.02000000,0
1505590966,21603714,3679.00,0.00900000,0
1505590960,21603704,3678.88,0.01379197,0
1505590959,21603699,3674.11,0.59537413,1
1505590957,21603698,3674.11,0.01462395,0
1505590945,21603688,3674.00,0.99999730,1
1505590938,21603687,3674.05,0.04749527,1
1505590933,21603686,3674.11,0.01462599,0
1505590927,21603682,3678.93,0.07349691,1
1505590925,21603681,3670.00,0.05135092,0
1505590917,21603674,3661.68,0.19219224,1
1505590917,21603673,3666.43,0.00000337,1
1505590907,21603658,3666.43,0.27382496,1
1505590897,21603657,3661.62,0.01765369,1
1505590896,21603656,3662.53,0.02000000,0
1505590894,21603655,3662.53,0.02300000,0
1505590885,21603653,3668.98,0.01660376,0
1505590884,21603651,3662.53,0.07000000,1
1505590871,21603648,3662.63,1.00000000,1
1505590844,21603642,3650.00,0.10000000,0
1505590814,21603631,3637.47,0.02000000,1
1505590811,21603629,3637.47,4.41673234,1
1505590810,21603627,3641.00,0.11722129,1
1505590810,21603626,3641.00,0.00908038,1
1505590810,21603625,3641.03,0.05000000,1
1505590808,21603624,3641.04,0.15360856,1
1505590806,21603623,3659.68,0.09454225,0
1505590805,21603622,3659.69,0.03900000,0
1505590803,21603619,3659.70,0.03371022,0
1505590801,21603618,3641.04,0.48000000,1
1505590801,21603613,3659.14,0.13180914,0
1505590799,21603610,3641.03,0.04215840,0
1505590793,21603595,3641.00,0.21591962,0
1505590793,21603594,3641.00,0.01239000,0
1505590791,21603593,3641.00,0.10000000,1
1505590788,21603586,3638.47,1.00000000,1
1505590783,21603581,3662.78,0.06100000,0
1505590782,21603578,3640.99,0.50369451,1
1505590781,21603577,3640.92,0.77459798,0
1505590781,21603576,3640.92,0.14540835,0
1505590781,21603574,3640.96,0.13000000,1
1505590780,21603573,3640.97,2.68150000,1
1505590780,21603571,3640.98,5.31850000,0
1505590779,21603570,3644.87,0.04210765,1
1505590779,21603569,3644.87,0.00788602,1
1505590778,21603568,3644.87,0.04211398,0
1505590770,21603563,3649.31,0.04648002,1
1505590770,21603562,3650.00,0.00510000,1
1505590770,21603561,3650.00,0.02698404,1
1505590770,21603560,3650.92,0.04190359,1
1505590759,21603547,3651.24,0.12000000,1
1505590758,21603546,3666.33,0.20306556,1
1505590758,21603545,3666.33,0.07193444,1
1505590750,21603542,3666.33,1.00000000,1
1505590747,21603541,3666.33,0.02500000,1
1505590737,21603534,3659.89,0.36604925,1
1505590729,21603526,3660.96,0.50756510,0
1505590728,21603524,3660.97,0.14000000,1
1505590728,21603523,3662.00,0.70662206,1
1505590725,21603522,3670.00,4.94864908,1
1505590723,21603519,3670.00,0.54000000,1
1505590721,21603516,3670.00,0.42604491,1
1505590721,21603515,3670.00,2.04383951,1
1505590721,21603514,3670.00,0.06942092,1
1505590721,21603513,3670.00,4.19776623,1
1505590720,21603512,3670.00,0.23082641,1
1505590710,21603497,3670.00,0.52859947,1
1505590710,21603496,3670.00,0.40671760,1
1505590704,21603488,3670.00,0.01956853,1
1505590703,21603487,3670.00,0.13673373,1
1505590703,21603486,3670.00,0.50000000,0
1505590703,21603484,3667.43,0.16369774,0
1505590702,21603480,3667.42,0.12155000,1
1505590701,21603479,3667.42,0.99511101,1
1505590700,21603475,3667.43,0.09899330,1
1505590700,21603471,3667.42,0.32808984,1
1505590699,21603470,3667.42,0.07532654,1
1505590697,21603463,3667.42,0.13761719,1
1505590694,21603457,3667.42,0.81999663,1
1505590693,21603452,3666.33,0.06868722,1
1505590691,21603451,3666.33,0.03130959,0
1505590688,21603447,3666.33,0.16417679,0
1505590688,21603445,3664.26,0.03582321,0
1505590687,21603443,3664.26,0.01851246,0
1505590683,21603432,3663.01,0.00388300,0
1505590683,21603431,3663.01,2.00000000,0
1505590682,21603430,3663.00,2.56144204,0
1505590682,21603429,3662.91,2.71710000,0
1505590681,21603428,3662.89,0.91300000,0
1505590680,21603426,3662.00,0.13153117,0
1505590678,21603424,3662.00,0.30000000,0
1505590678,21603423,3660.00,0.50000000,0
1505590672,21603418,3662.00,0.04373666,0
1505590672,21603417,3661.57,0.02799892,0
1505590667,21603413,3661.21,0.13795417,0
1505590667,21603411,3651.90,1.51758812,0
1505590664,21603408,3661.21,0.17512092,0
1505590664,21603406,3661.20,0.82487908,0
1505590662,21603403,3651.00,1.68368504,1
1505590659,21603401,3650.92,0.63006775,0
1505590659,21603400,3653.00,3.26993225,1
1505590651,21603383,3660.00,0.53734528,1
1505590647,21603378,3661.57,0.13912065,0
1505590646,21603376,3661.57,0.00717928,0
1505590644,21603373,3661.57,0.66689526,1
1505590643,21603371,3661.57,0.15000000,1
1505590642,21603370,3661.57,2.00000000,1
1505590642,21603369,3662.00,0.02473217,0
1505590641,21603368,3661.57,16.50000000,1
1505590623,21603357,3661.57,0.03987500,1
1505590604,21603350,3662.30,0.07173558,0
1505590600,21603349,3662.30,0.03965252,0
1505590600,21603348,3662.00,0.01150705,0
1505590596,21603342,3661.57,0.13000000,1
1505590589,21603340,3662.00,0.02000000,0
1505590587,21603339,3661.57,0.03000000,1
1505590586,21603338,3661.57,1.00000000,1
1505590584,21603335,3661.57,15.00000000,1
1505590583,21603333,3662.00,0.07881630,0
1505590578,21603324,3661.57,15.20000000,1
1505590576,21603322,3662.00,0.28000000,0
1505590574,21603318,3662.00,0.10577552,0
1505590569,21603307,3662.00,0.00390113,0
1505590567,21603303,3661.57,0.00182900,1
1505590563,21603291,3661.57,0.02000000,1
1505590556,21603280,3661.57,0.27585617,1
1505590556,21603279,3661.57,0.51600007,1
1505590554,21603278,3661.57,0.28993912,1
1505590553,21603276,3664.56,0.05511288,0
1505590552,21603274,3661.57,17.08430000,1
1505590550,21603270,3661.57,0.69000000,1
1505590541,21603257,3664.67,1.00000000,0
1505590539,21603256,3661.57,30.90530538,1
1505590539,21603255,3661.59,4.44920000,1
1505590539,21603254,3662.25,0.23089085,1
1505590539,21603253,3663.00,0.75875251,1
1505590538,21603252,3664.67,1.00000000,0
1505590537,21603250,3663.00,0.24124749,1
1505590536,21603249,3667.45,0.85875251,1
1505590536,21603246,3663.01,0.02875251,1
1505590534,21603243,3663.01,0.04194749,1
1505590533,21603242,3667.51,1.00000000,0
1505590531,21603241,3667.51,0.01571100,0
1505590531,21603240,3667.45,0.98428900,0
1505590528,21603238,3667.51,1.00000000,0
1505590528,21603237,3667.51,0.05983624,0
1505590520,21603234,3663.01,2.00000000,1
1505590509,21603221,3663.01,0.01069456,1
1505590506,21603203,3673.38,0.25254126,0
1505590505,21603202,3673.38,0.02498244,0
1505590503,21603199,3673.35,0.01571100,0
1505590468,21603176,3663.01,0.54126136,1
1505590468,21603175,3663.17,0.43617302,1
1505590467,21603174,3664.88,0.02256562,0
1505590466,21603173,3678.52,0.02193554,0
1505590462,21603169,3663.17,0.04190359,1
1505590461,21603167,3678.64,0.46874167,0
1505590460,21603166,3663.17,7.89383078,1
1505590460,21603165,3663.23,0.91300000,1
