date,tid,price,amount,type
1505606415,21611583,0.06879987,0.26495727,0
1505606414,21611582,0.06880987,0.32448000,1
1505606413,21611581,0.06880000,0.20000000,0
1505606412,21611580,0.06880987,7.38126172,0
1505606410,21611574,0.06880987,0.52484700,0
1505606407,21611562,0.06880987,5.80954551,0
1505606395,21611536,0.06871600,0.74932564,1
1505606372,21611534,0.06878000,1.98765000,0
1505606364,21611531,0.06873300,1.99948000,0
1505606352,21611525,0.06870700,1.98765000,0
1505606350,21611517,0.06867400,0.19942169,0
1505606347,21611513,0.06867400,0.60005242,0
1505606346,21611509,0.06867400,0.60019803,0
1505606344,21611505,0.06867400,0.60003786,0
1505606341,21611500,0.06867000,0.12626131,0
1505606057,21611406,0.06853363,6.06318000,1
1505606054,21611405,0.06853349,3.75783180,1
1505605921,21611383,0.06866600,1.48193162,0
1505605921,21611382,0.06866599,0.28806838,0
1505605867,21611367,0.06850028,0.22999500,1
1505605565,21611310,0.06850224,2.99991694,1
1505605186,21611255,0.06850086,0.29257000,1
1505605178,21611246,0.06850087,0.26548145,1
1505605177,21611245,0.06850087,0.22999500,0
1505605175,21611241,0.06850087,0.65654670,1
1505605151,21611223,0.06850043,0.26499500,1
1505604852,21611104,0.06853602,0.36000000,0
1505604848,21611099,0.06853603,4.90412000,0
1505604818,21611085,0.06855198,0.44155000,1
1505604807,21611080,0.06855196,0.36602814,1
1505604674,21611055,0.06871400,0.90179247,0
1505604674,21611054,0.06868493,0.54415794,0
1505604674,21611053,0.06868493,0.31014999,0
1505604604,21610998,0.06868672,0.07369600,0
1505604599,21610997,0.06868669,2.07594176,0
1505604572,21610982,0.06869536,14.95435000,0
1505604547,21610961,0.06853601,0.56506062,1
1505604480,21610926,0.06868199,3.98701000,0
1505604480,21610925,0.06864000,0.42550000,0
1505604390,21610912,0.06859000,0.20000000,1
1505604313,21610868,0.06862200,1.89545200,1
1505604306,21610861,0.06861102,1.00193700,1
1505604305,21610860,0.06862000,0.42550000,1
1505604304,21610857,0.06865000,1.98765000,1
1505604291,21610843,0.06866600,1.36060352,1
1505604286,21610840,0.06867800,1.99908000,1
1505604286,21610839,0.06868600,0.22097700,1
1505604279,21610830,0.06868600,1.76667300,1
1505604247,21610808,0.06873003,8.55000000,1
1505604157,21610798,0.06875700,1.54272100,0
1505604145,21610794,0.06876900,1.98765000,0
1505604145,21610793,0.06874285,2.29097902,0
1505604145,21610792,0.06873000,0.32465000,0
1505604015,21610771,0.06860911,0.23558623,1
1505603958,21610765,0.06874000,0.10045000,0
1505603957,21610764,0.06873994,0.57993800,0
1505603948,21610762,0.06866400,0.00000300,0
1505603932,21610751,0.06866400,1.99996000,1
1505603932,21610750,0.06866401,0.26491700,1
1505603882,21610746,0.06881895,0.52731800,0
1505603703,21610713,0.06874392,1.00000000,1
1505603693,21610712,0.06874400,1.42375500,0
1505603684,21610705,0.06870713,4.65007000,1
1505603684,21610704,0.06870713,11.21000000,1
1505603679,21610702,0.06870700,1.99976000,0
1505603641,21610668,0.06865900,0.23000000,0
1505603600,21610648,0.06850011,10.44169627,1
1505603589,21610643,0.06852011,5.04648341,1
1505603589,21610642,0.06860000,1.99908000,1
1505603565,21610617,0.06864300,1.56247339,1
1505603565,21610614,0.06865000,0.42510000,1
1505603461,21610583,0.06873297,0.09979078,0
1505603461,21610582,0.06873296,2.90000000,0
1505603215,21610530,0.06858600,1.99992000,1
1505602743,21610461,0.06869000,0.01138037,0
1505602743,21610460,0.06868900,1.98765000,0
1505602743,21610459,0.06861418,0.33323463,0
1505602721,21610457,0.06861466,0.23356662,0
1505602718,21610455,0.06861466,0.23370075,0
1505602714,21610453,0.06857528,1.00000000,0
1505602661,21610437,0.06861466,0.09974900,0
1505602651,21610433,0.06861466,0.09974900,0
1505602562,21610404,0.06866600,1.98765000,0
1505602562,21610403,0.06865600,1.99931000,0
1505602562,21610402,0.06860071,1.21327341,0
1505602562,21610401,0.06858393,1.09875852,0
1505602431,21610368,0.06859990,0.66999900,0
1505602421,21610358,0.06859990,0.70574712,0
1505602418,21610347,0.06859990,7.22185000,0
1505602417,21610345,0.06859990,0.43114100,0
1505602412,21610341,0.06866400,1.98765000,0
1505602412,21610340,0.06866220,0.87033400,0
1505602412,21610339,0.06866219,0.78213235,0
1505602404,21610336,0.06865280,1.71200000,0
1505602397,21610335,0.06850229,12.06224719,1
1505602284,21610289,0.06853592,0.45297538,1
1505602273,21610285,0.06855300,1.99965000,1
1505602266,21610284,0.06860971,1.13196000,0
1505602265,21610282,0.06860971,1.76588000,0
1505602264,21610280,0.06860972,4.89203822,1
1505602263,21610279,0.06860979,0.72165700,1
1505602261,21610278,0.06860972,1.22400000,1
1505602209,21610253,0.06865258,0.36740000,0
1505602189,21610243,0.06855301,2.94976055,0
1505602186,21610242,0.06855301,0.10060400,0
1505601968,21610210,0.06865796,1.00000000,0
1505601968,21610208,0.06865796,1.00000000,0
1505601923,21610203,0.06866220,1.12966600,0
1505601923,21610202,0.06863435,0.62852800,0
1505601919,21610201,0.06863435,0.09983800,0
1505601914,21610198,0.06863435,0.17326400,0
1505601914,21610196,0.06863435,0.99853300,0
1505601907,21610189,0.06863435,0.09983700,0
1505601905,21610186,0.06863434,0.00146700,0
1505601898,21610181,0.06863434,0.20649800,0
1505601845,21610157,0.06865000,0.42500000,0
1505601749,21610136,0.06859090,0.19685700,1
1505601713,21610117,0.06858900,1.09337793,1
1505601712,21610116,0.06868000,0.00011007,1
1505601696,21610108,0.06868000,0.99988993,1
1505601451,21610065,0.06858000,0.42500000,1
1505601390,21610054,0.06861900,0.22999500,1
1505601364,21610033,0.06874914,0.15371850,1
1505601363,21610032,0.06874914,4.84628150,0
1505601325,21610017,0.06859914,0.67970503,1
1505601322,21610016,0.06862505,0.35054255,1
1505601309,21610002,0.06862504,0.17502358,1
1505601298,21609996,0.06862441,0.36891142,1
1505601229,21609978,0.06875470,0.49788700,0
1505601227,21609976,0.06875470,0.49065558,0
1505601217,21609970,0.06875197,1.75054015,0
1505601217,21609969,0.06873000,0.11015568,0
1505601202,21609963,0.06873261,2.90000000,0
1505601187,21609954,0.06859019,3.88200800,0
1505601186,21609953,0.06859019,0.11645000,1
1505601154,21609922,0.06855363,0.28830000,1
1505601102,21609875,0.06859004,0.37477176,1
1505601081,21609866,0.06859400,1.46083000,1
1505601062,21609841,0.06873300,0.95570200,0
1505601062,21609839,0.06871900,1.98765000,0
1505601029,21609823,0.06862500,0.45850550,0
1505601029,21609822,0.06862499,0.48086850,0
1505601022,21609820,0.06875469,1.99920000,1
1505601020,21609819,0.06875469,1.44309500,0
1505601020,21609818,0.06862800,1.99920000,0
1505601020,21609817,0.06861300,0.98685000,0
1505601019,21609816,0.06861300,1.00080000,0
1505601019,21609814,0.06861099,1.12549900,0
1505601019,21609813,0.06861098,3.00000000,0
1505601009,21609798,0.06847161,2.63170000,1
1505601006,21609792,0.06847148,1.08746839,1
1505601005,21609789,0.06847145,2.63169000,1
1505600903,21609732,0.06843904,0.01942166,1
1505600902,21609731,0.06845001,4.19258800,0
1505600888,21609729,0.06860399,5.33446600,0
1505600880,21609721,0.06860396,2.66240806,0
1505600824,21609642,0.06845032,0.79454200,1
1505600770,21609597,0.06845001,7.67651397,1
1505600769,21609596,0.06845002,1.64906103,1
1505600759,21609568,0.06843016,0.11725936,1
1505600730,21609525,0.06858187,2.28851000,0
1505600730,21609524,0.06858187,22.15013700,0
1505600726,21609523,0.06858200,1.69865000,0
1505600726,21609522,0.06854999,0.43801300,0
1505600725,21609521,0.06854999,0.42420000,0
1505600725,21609520,0.06854000,0.28900000,0
1505600718,21609516,0.06854996,0.70740500,0
1505600697,21609504,0.06854994,0.58807100,1
1505600697,21609503,0.06854994,1.98765000,1
1505600694,21609502,0.06854994,1.99906000,1
1505600693,21609501,0.06849600,1.98765000,1
1505600693,21609500,0.06850600,8.27646900,1
1505600693,21609499,0.06849600,1.98765000,0
1505600681,21609497,0.06851299,0.00000038,0
1505600681,21609496,0.06850400,1.48397362,0
1505600679,21609494,0.06850400,0.50367638,0
1505600679,21609493,0.06850399,3.56561162,0
1505600678,21609492,0.06850399,1.98765000,0
1505600658,21609471,0.06830902,0.07985000,1
1505600658,21609470,0.06832000,1.99909000,1
1505600658,21609469,0.06836000,1.98765000,1
1505600658,21609468,0.06838000,0.28900000,1
1505600658,21609467,0.06839510,0.00050000,1
1505600624,21609441,0.06850992,1.62459596,1
1505600624,21609440,0.06850000,0.28900000,0
1505600611,21609435,0.06848989,0.48086900,1
1505600581,21609422,0.06845992,1.15782201,0
1505600581,21609421,0.06845000,0.42470000,0
1505600571,21609419,0.06832000,0.42470000,0
1505600571,21609418,0.06832000,0.28900000,0
1505600568,21609417,0.06831009,8.57008800,1
1505600568,21609416,0.06832000,0.28900000,1
1505600558,21609392,0.06831008,18.59074885,0
1505600558,21609389,0.06831008,1.74501815,1
1505600558,21609388,0.06832000,0.42470000,1
1505600547,21609361,0.06831008,23.03513098,1
1505600547,21609358,0.06831004,4.65979898,0
1505600546,21609357,0.06831007,14.46398602,1
1505600538,21609336,0.06845754,13.99086385,0
1505600484,21609292,0.06839300,0.49468200,0
1505600471,21609283,0.06838600,0.35242100,0
1505600464,21609276,0.06823001,1.17064000,1
1505600464,21609275,0.06823002,0.44823011,1
1505600459,21609257,0.06835299,0.22435838,0
1505600459,21609256,0.06835299,0.50557562,0
1505600453,21609239,0.06833103,0.16999500,1
1505600445,21609228,0.06835300,0.30000000,0
1505600442,21609220,0.06833103,1.88640400,0
1505600442,21609219,0.06833103,0.56049200,0
1505600441,21609218,0.06824903,12.19736682,0
1505600441,21609217,0.06824904,0.48906418,1
1505600440,21609215,0.06830600,1.98765000,1
1505600439,21609209,0.06833103,1.84781000,0
1505600439,21609208,0.06833103,0.63367400,0
1505600438,21609206,0.06833103,0.14651000,0
1505600438,21609204,0.06824903,4.90443700,1
1505600424,21609140,0.06821001,9.57140600,1
1505600419,21609130,0.06835400,1.98765000,1
1505600416,21609122,0.06841460,0.78105500,1
1505600413,21609114,0.06836400,0.71290938,1
1505600413,21609113,0.06836400,0.27523163,1
1505600413,21609112,0.06836400,1.01086899,1
1505600413,21609111,0.06839345,0.97678101,1
1505600413,21609110,0.06839345,0.18104100,1
1505600412,21609106,0.06839353,0.58506697,1
1505600412,21609105,0.06839353,1.15782201,1
1505600402,21609072,0.06850999,0.20574017,1
1505600402,21609071,0.06850999,0.42420000,1
1505600402,21609067,0.06850999,4.37005983,0
1505600401,21609066,0.06839356,6.26281928,0
1505600400,21609063,0.06839358,3.06098072,1
1505600398,21609053,0.06839358,0.95845500,1
1505600396,21609048,0.06839357,9.32366700,1
1505600392,21609032,0.06839345,0.58506900,1
1505600390,21609026,0.06839352,11.70726067,1
1505600390,21609024,0.06839352,0.31085833,1
1505600383,21609009,0.06839351,11.89213726,1
1505600382,21609007,0.06839352,0.10303974,1
1505600381,21608997,0.06852400,1.99940000,0
1505600369,21608952,0.06839346,1.00818262,1
1505600367,21608943,0.06839346,14.62124187,1
1505600364,21608932,0.06851000,1.99910000,0
1505600348,21608897,0.06839342,6.18393773,1
1505600345,21608884,0.06839342,21.11527423,1
1505600345,21608883,0.06842694,0.36033077,1
1505600342,21608873,0.06845903,3.43032517,1
1505600342,21608871,0.06845903,1.98765000,1
1505600342,21608870,0.06845903,2.38240983,1
1505600341,21608862,0.06850000,0.28800000,0
1505600341,21608860,0.06849998,1.06536000,0
1505600340,21608857,0.06849997,12.36541122,0
1505600339,21608852,0.06845903,3.65261500,1
1505600334,21608811,0.06845902,13.71564156,1
1505600334,21608809,0.06845903,0.29722337,1
1505600332,21608799,0.06851054,3.67679000,0
1505600330,21608786,0.06851055,1.12477449,1
1505600330,21608778,0.06843400,23.69981714,0
1505600329,21608776,0.06843400,1.99962000,1
1505600329,21608774,0.06845900,0.40383858,1
1505600329,21608773,0.06845901,2.74466428,1
1505600325,21608757,0.06845900,1.58381142,1
1505600325,21608755,0.06850000,0.10000000,1
1505600325,21608754,0.06850000,0.08136000,1
1505600325,21608752,0.06851000,29.30672427,1
1505600325,21608750,0.06851001,61.36400000,1
1505600324,21608748,0.06851028,25.00000000,1
1505600322,21608731,0.06851000,10.81673547,1
1505600322,21608729,0.06851015,22.17544568,1
1505600322,21608726,0.06851002,2.24172017,0
1505600322,21608724,0.06851001,0.58283415,0
1505600321,21608722,0.06851000,12.74493903,1
1505600321,21608720,0.06851001,0.52736780,1
1505600321,21608718,0.06851002,2.24172017,1
1505600311,21608692,0.06851002,0.31946334,1
1505600310,21608691,0.06852000,0.42420000,1
1505600261,21608638,0.06851320,4.63983300,1
1505600254,21608620,0.06851320,5.30531650,1
1505600253,21608617,0.06851318,5.09374398,1
1505600253,21608615,0.06851319,9.51005302,1
1505600252,21608612,0.06851319,0.52209620,0
1505600250,21608605,0.06851318,6.71862880,1
1505600249,21608604,0.06851319,0.52209620,1
1505600245,21608593,0.06851318,0.87595300,1
1505599989,21608432,0.06859999,4.78236151,0
1505599981,21608419,0.06857100,1.99932737,1
1505599981,21608417,0.06857300,0.00007471,1
1505599980,21608414,0.06857300,1.98757529,1
1505599972,21608395,0.06877575,0.70000000,0
1505599971,21608392,0.06860008,2.33326200,1
1505599961,21608383,0.06860007,11.93323000,1
1505599961,21608381,0.06864743,2.66528812,1
1505599958,21608379,0.06864743,0.16206900,1
1505599927,21608363,0.06863966,0.26500000,1
1505599924,21608358,0.06862829,1.76890900,1
1505599922,21608352,0.06862813,1.00000000,1
1505599919,21608349,0.06862800,0.98765000,1
1505599919,21608348,0.06863000,1.00000000,1
1505599919,21608345,0.06864800,1.99932000,1
1505599890,21608326,0.06868594,0.44989000,1
1505599841,21608312,0.06865705,0.70993200,1
1505599841,21608310,0.06865705,0.35833116,1
1505599840,21608306,0.06866353,0.09695584,1
1505599803,21608276,0.06877637,8.00000000,0
1505599791,21608274,0.06877643,0.25284000,0
1505599694,21608265,0.06880049,0.28800000,0
1505599687,21608263,0.06881600,1.99954000,0
1505599668,21608257,0.06880994,3.42320200,0
1505599668,21608256,0.06879691,3.00000000,0
1505599626,21608238,0.06865501,0.56994700,1
1505599598,21608231,0.06880200,1.98765000,0
1505599589,21608220,0.06878500,1.98765000,0
1505599589,21608216,0.06876700,1.99938000,0
1505599570,21608211,0.06873800,0.23001792,0
1505599465,21608129,0.06862001,9.79794600,0
1505599462,21608127,0.06862001,2.90000000,1
1505599462,21608126,0.06864000,0.28800000,1
1505599462,21608125,0.06872000,5.01405397,1
1505599455,21608122,0.06872000,3.39140000,1
1505599450,21608119,0.06872000,0.37437893,1
1505599448,21608118,0.06869217,0.39443089,0
1505599448,21608116,0.06867000,0.26360000,0
1505599314,21608081,0.06870000,0.10000000,1
1505598853,21607878,0.06884000,0.16000000,0
1505598849,21607877,0.06884993,0.15921000,0
1505598662,21607791,0.06886481,0.61820000,0
1505598635,21607787,0.06874300,1.99907000,1
1505598635,21607786,0.06874500,1.98765000,1
1505598625,21607784,0.06875000,1.98765000,1
1505598624,21607783,0.06877000,0.42360000,1
1505598605,21607781,0.06889507,0.89903371,0
1505598601,21607779,0.06876000,1.79909100,1
1505598578,21607767,0.06876900,1.99940000,0
1505598422,21607697,0.06890099,3.60861886,0
1505598422,21607696,0.06887327,2.99999000,0
1505598418,21607688,0.06890699,13.29804716,0
1505598418,21607684,0.06890700,1.51236000,1
1505598418,21607683,0.06890700,1.98765000,0
1505598417,21607682,0.06890100,1.51236000,0
1505598415,21607678,0.06890100,0.48751000,0
1505598415,21607677,0.06887403,1.00000000,0
1505598415,21607676,0.06887327,0.51235500,0
1505598415,21607675,0.06887327,1.48764500,0
1505598415,21607674,0.06887092,0.50000000,0
1505598414,21607673,0.06887089,2.61258789,0
1505598414,21607672,0.06886000,0.28740711,0
1505598281,21607650,0.06876099,3.15582168,0
1505598281,21607649,0.06876099,0.95757500,0
1505598275,21607648,0.06876099,1.98765000,0
1505598268,21607645,0.06876099,3.40971228,0
1505598261,21607643,0.06876099,2.00000000,0
1505598225,21607636,0.06877177,0.49988026,1
1505598219,21607629,0.06868102,0.50000000,0
1505598217,21607628,0.06868102,3.08116400,0
1505598215,21607625,0.06863101,2.12798000,1
1505598215,21607624,0.06864000,0.24600000,1
1505598212,21607620,0.06872400,0.02196232,1
1505598209,21607614,0.06872400,1.96568768,1
1505598205,21607610,0.06874000,0.01160000,1
1505598204,21607608,0.06874000,1.98765000,1
1505598154,21607541,0.06887326,0.27433900,0
1505598150,21607531,0.06887326,2.39544200,0
1505598150,21607530,0.06886500,0.00018500,0
1505598146,21607527,0.06886309,1.99999500,1
1505598145,21607526,0.06886330,0.99999500,1
1505598145,21607522,0.06886500,1.99908500,1
1505598145,21607519,0.06886700,1.00001000,0
1505598144,21607518,0.06886700,0.98764000,1
1505598144,21607517,0.06886330,1.00000000,0
1505598143,21607516,0.06886309,0.00000500,0
1505598143,21607515,0.06886309,1.99999500,0
1505598142,21607511,0.06886306,2.22517488,0
1505598142,21607510,0.06881732,0.16592312,0
1505598141,21607507,0.06881732,0.39501239,0
1505598141,21607501,0.06881732,0.39664520,0
1505598128,21607482,0.06881723,5.94649636,0
1505598125,21607473,0.06881717,6.66317000,0
1505598123,21607471,0.06881723,0.78825600,0
1505598122,21607464,0.06881727,5.66545639,0
1505598104,21607437,0.06881732,0.55122200,0
1505598093,21607425,0.06881732,2.00092069,0
1505598091,21607420,0.06881732,1.09000000,0
1505598064,21607396,0.06881732,0.40027660,0
1505598064,21607395,0.06881731,2.39412440,0
1505598058,21607390,0.06881713,0.15919000,0
1505598042,21607375,0.06881720,0.15919000,0
1505598034,21607373,0.06881722,0.15919000,0
1505598025,21607368,0.06881724,0.15919000,0
1505597973,21607308,0.06869057,0.10138796,1
1505597966,21607298,0.06884690,4.60809700,0
1505597938,21607248,0.06868111,3.02006300,1
1505597885,21607214,0.06870062,0.62927483,1
1505597728,21607165,0.06881200,0.15909057,1
1505597724,21607157,0.06879380,2.89274700,0
1505597724,21607156,0.06879380,0.04070728,0
1505597723,21607153,0.06866831,0.22558300,1
1505597721,21607142,0.06866828,0.22558300,1
1505597718,21607138,0.06879380,0.15922000,0
1505597699,21607110,0.06875500,0.19990314,1
1505597676,21607100,0.06875600,0.07610000,0
1505597676,21607099,0.06875599,0.42390000,0
1505597671,21607093,0.06870000,0.42390000,0
1505597662,21607085,0.06869000,0.14559289,0
1505597646,21607068,0.06870600,0.22558900,1
1505597642,21607066,0.06870999,0.42633600,0
1505597637,21607063,0.06871000,0.10000000,0
1505597629,21607058,0.06870600,1.27365400,1
1505597629,21607057,0.06870600,0.71399600,1
1505597629,21607056,0.06872000,0.42390000,1
1505597625,21607052,0.06886305,0.14461249,0
1505597620,21607051,0.06870500,0.28766000,1
1505597620,21607050,0.06886308,0.24938225,0
1505597615,21607045,0.06886308,0.50000000,0
1505597614,21607042,0.06870039,10.18672974,1
1505597610,21607035,0.06886308,0.50000000,0
1505597606,21607033,0.06886308,0.50000000,0
1505597602,21607027,0.06870022,1.12699500,1
1505597601,21607023,0.06886308,0.50000000,0
1505597596,21607020,0.06883000,0.31791501,0
1505597591,21607012,0.06882999,0.22998783,0
1505597590,21607011,0.06870015,0.22999500,1
1505597548,21606993,0.06883000,1.99921000,0
1505597527,21606991,0.06881800,0.91384398,0
1505597527,21606990,0.06881797,7.08615602,0
1505597476,21606953,0.06867500,0.78870041,1
1505597474,21606951,0.06867500,0.22999500,1
1505597282,21606871,0.06882989,7.37783000,0
1505597168,21606820,0.06882300,1.99913000,0
1505597010,21606803,0.06879000,1.99906000,1
1505597009,21606802,0.06879000,0.71000000,1
1505597009,21606801,0.06879003,6.62837106,1
1505597003,21606800,0.06882700,1.99980000,1
1505597003,21606799,0.06885000,0.28700000,1
1505596947,21606769,0.06894500,0.23776000,1
1505596945,21606766,0.06894500,1.46726100,1
1505596937,21606755,0.06890600,0.21939600,1
1505596925,21606738,0.06910986,4.40409900,1
1505596925,21606737,0.06891000,0.28700000,0
1505596923,21606735,0.06881000,0.30890100,0
1505596915,21606733,0.06881000,0.40109900,0
1505596878,21606718,0.06881200,1.99967997,0
1505596878,21606717,0.06881199,0.00000003,0
1505596877,21606716,0.06881199,1.08815500,0
1505596852,21606699,0.06875000,1.98765000,0
1505596842,21606693,0.06872000,0.94203600,0
1505596841,21606691,0.06871999,1.89139120,0
1505596831,21606680,0.06872192,2.61326630,0
1505596830,21606678,0.06872000,1.99956000,0
1505596773,21606660,0.06858812,0.08591000,0
1505596772,21606659,0.06858812,0.72304200,0
1505596751,21606655,0.06873999,0.09976700,0
1505596744,21606634,0.06872600,4.01323000,1
1505596743,21606633,0.06872600,1.98765000,0
1505596743,21606632,0.06870600,1.99912000,0
1505596741,21606629,0.06871399,0.10003700,0
1505596738,21606628,0.06871387,0.10003200,0
1505596678,21606619,0.06862500,0.15139600,1
1505596676,21606618,0.06862503,0.15139600,1
1505596675,21606616,0.06868000,0.00015394,1
1505596674,21606615,0.06868000,0.03300487,1
1505596674,21606614,0.06869000,0.71000000,1
1505596665,21606613,0.06868000,0.20000000,1
1505596614,21606603,0.06868000,0.10987000,1
1505596593,21606597,0.06868003,0.40799000,1
1505596590,21606592,0.06879195,0.29126400,0
1505596588,21606589,0.06868000,1.20013900,1
1505596578,21606585,0.06868001,0.29126400,0
1505596562,21606571,0.06868000,0.19916113,1
1505596561,21606569,0.06868016,0.21292100,0
1505596552,21606555,0.06868020,1.74232894,1
1505596512,21606541,0.06880397,0.43594868,0
1505596507,21606536,0.06880400,1.77408290,0
1505596506,21606533,0.06878000,0.71000000,0
1505596505,21606531,0.06877000,0.42310000,0
1505596406,21606477,0.06868014,0.76963073,1
1505596355,21606439,0.06868032,0.50918700,1
1505596352,21606433,0.06868032,1.41062683,1
1505596348,21606416,0.06868035,0.98647738,1
1505596313,21606374,0.06869000,0.42310000,1
1505596309,21606372,0.06874000,0.28700000,1
1505596309,21606371,0.06876600,1.98765000,1
1505596302,21606370,0.06878300,0.00000020,1
1505596301,21606369,0.06878300,1.98764980,1
1505596301,21606368,0.06879403,6.64374220,1
1505596263,21606357,0.06916993,7.58975000,0
1505596263,21606355,0.06890700,1.98765000,0
1505596262,21606354,0.06885000,0.42260000,0
1505596220,21606346,0.06877600,0.55843143,1
1505596208,21606342,0.06885517,0.42959635,1
1505596204,21606339,0.06885517,0.16813611,1
1505596195,21606332,0.06885517,0.16839600,1
1505596135,21606311,0.06885517,1.23387154,1
1505596135,21606310,0.06885839,0.00000046,1
1505596119,21606303,0.06885839,7.24530400,1
1505596112,21606300,0.06885842,14.46398602,1
1505596097,21606282,0.06882800,1.99925000,1
1505596068,21606262,0.06894100,1.98765000,1
1505596068,21606261,0.06894101,0.30627099,1
1505596052,21606245,0.06896900,0.13363200,1
1505596045,21606222,0.06900100,1.80053676,1
1505596043,21606216,0.06900100,0.18711324,1
1505596043,21606184,0.06901000,0.02678880,1
1505596042,21606177,0.06901500,1.99932000,1
1505596034,21606163,0.06901000,0.09660300,1
1505596033,21606155,0.06901001,0.00000035,1
1505596032,21606153,0.06901001,3.44270200,1
1505596031,21606148,0.06901032,2.43915055,1
1505596031,21606147,0.06901033,0.14498000,1
1505596030,21606141,0.06914880,3.83421600,0
1505596027,21606129,0.06914884,5.53765527,0
1505596027,21606128,0.06914883,7.54561848,0
1505596027,21606127,0.06914881,12.58344748,0
1505595987,21606082,0.06901002,0.75809000,1
1505595982,21606075,0.06901001,1.83466212,1
1505595982,21606074,0.06901001,0.31328788,1
1505595981,21606069,0.06901000,0.42260000,1
1505595977,21606065,0.06900007,1.24380200,1
1505595941,21606030,0.06899057,0.52488145,1
1505595941,21606029,0.06899057,0.58219500,1
1505595884,21606001,0.06911994,0.24003454,0
1505595884,21606000,0.06910000,0.14498546,0
1505595843,21605956,0.06906300,0.23000000,0
1505595840,21605949,0.06906300,1.53970500,0
1505595839,21605945,0.06906300,0.23000000,0
1505595834,21605933,0.06904497,2.50496000,1
1505595760,21605892,0.06895968,0.26600000,0
1505595736,21605876,0.06896988,0.36410678,0
1505595736,21605875,0.06896000,0.42260000,0
1505595577,21605823,0.06886308,0.14951470,1
1505595546,21605808,0.06886400,0.32823582,1
1505595546,21605807,0.06887000,0.42260000,1
1505595545,21605806,0.06887288,1.23681418,1
1505595538,21605801,0.06889003,0.45414400,1
1505595533,21605798,0.06887912,2.34787100,1
1505595525,21605796,0.06890012,2.46402611,1
1505595379,21605768,0.06893200,1.98765000,0
1505595379,21605765,0.06894000,1.99998000,1
1505595363,21605758,0.06909321,2.03721000,0
1505595239,21605696,0.06902400,1.98765000,0
1505595230,21605690,0.06883810,0.20000000,1
1505595223,21605687,0.06898283,0.33541100,0
1505595222,21605684,0.06898283,0.78754000,0
1505595116,21605638,0.06893800,1.12101600,0
1505595099,21605630,0.06888500,1.98764500,0
1505595066,21605617,0.06884065,0.13608600,0
1505595060,21605613,0.06878370,7.77892043,0
1505595034,21605592,0.06878370,0.08000000,0
1505595019,21605571,0.06878358,0.89870900,0
1505595003,21605565,0.06878370,0.46215000,0
1505594972,21605550,0.06878370,7.56519906,0
1505594972,21605549,0.06876000,0.00015394,0
1505594903,21605534,0.06876000,1.74217500,0
1505594777,21605522,0.06872800,1.99939000,0
1505594777,21605521,0.06872500,1.98765000,0
1505594765,21605517,0.06872997,0.13653100,0
1505594705,21605478,0.06862800,1.58379000,1
1505594573,21605424,0.06870600,1.99962000,0
1505594572,21605423,0.06870100,1.98765000,0
1505594559,21605413,0.06868900,1.24751000,0
1505594559,21605412,0.06868699,2.93000000,0
1505594510,21605385,0.06868500,1.00000000,0
1505594435,21605358,0.06861300,0.89843600,1
1505594424,21605357,0.06866000,1.10108443,1
1505594423,21605356,0.06866000,0.64124451,1
1505594423,21605355,0.06868368,3.08873449,1
1505594420,21605353,0.06868368,5.54297900,1
1505594419,21605352,0.06868368,4.25455600,1
1505594369,21605332,0.06867000,2.93000000,1
1505594366,21605331,0.06872005,1.99949000,1
1505594352,21605317,0.06871900,1.98765000,1
1505594352,21605313,0.06872003,2.70512325,1
1505594351,21605311,0.06881401,0.29106200,1
1505594349,21605305,0.06881401,0.29106200,1
1505594344,21605299,0.06884404,0.23403728,0
1505594333,21605285,0.06881400,1.98741846,1
1505594333,21605283,0.06882000,0.00023154,1
1505594327,21605273,0.06882000,1.95852718,1
1505594327,21605272,0.06882100,0.00011537,1
1505594326,21605269,0.06882100,1.98753463,1
1505594326,21605266,0.06882100,1.99961000,1
1505594326,21605265,0.06884401,2.92988280,1
1505594323,21605260,0.06884404,0.84246000,1
1505594311,21605247,0.06884400,1.90085305,1
1505594310,21605245,0.06885000,0.09873695,1
1505594280,21605240,0.06885003,0.20000000,0
1505594231,21605233,0.06885003,0.73032875,1
1505594167,21605222,0.06896999,0.79747600,0
1505594167,21605221,0.06894400,1.98765000,0
1505594158,21605219,0.06892000,1.95875872,0
1505594158,21605217,0.06890000,10.42528857,0
1505594158,21605216,0.06889000,2.00000000,0
1505594076,21605189,0.06890000,0.43149200,0
1505594076,21605188,0.06889300,1.98765000,0
1505594076,21605187,0.06889000,1.99925000,0
1505594040,21605174,0.06884397,4.12791200,0
1505594040,21605173,0.06882600,1.99979000,0
1505594008,21605165,0.06879879,0.56434625,0
1505593907,21605153,0.06871000,1.74232894,0
1505593861,21605113,0.06870977,2.00000000,0
1505593783,21605086,0.06875093,0.35000000,0
1505593757,21605082,0.06860400,0.48490962,1
1505593757,21605081,0.06864500,0.22861314,1
1505593757,21605080,0.06864500,0.16001231,1
1505593756,21605079,0.06864500,1.57000500,1
1505593756,21605077,0.06864500,0.00012827,1
1505593745,21605070,0.06870403,0.34803800,1
1505593737,21605069,0.06872600,1.99969000,1
1505593737,21605068,0.06872600,1.98765000,1
1505593705,21605055,0.06887500,0.94287300,0
1505593702,21605054,0.06870409,0.07943000,1
1505593684,21605046,0.06871605,1.06990823,0
1505593683,21605044,0.06871605,1.86001863,1
1505593683,21605043,0.06871605,1.06998137,1
1505593596,21605021,0.06878500,0.18468600,1
1505593594,21605019,0.06878500,0.24009600,1
1505593591,21605013,0.06878500,0.28989900,1
1505593590,21605011,0.06878500,0.19782400,1
1505593587,21605005,0.06878500,1.08664500,1
1505593574,21605001,0.06881000,0.34803800,1
1505593533,21604986,0.06886600,1.98765000,0
1505593529,21604985,0.06885800,1.06469500,0
1505593528,21604984,0.06885500,1.99947000,0
1505593528,21604983,0.06884920,0.52232462,0
1505593528,21604982,0.06884920,0.54237083,0
1505593323,21604917,0.06879699,0.07000000,1
1505593321,21604915,0.06874201,2.93000000,0
1505593311,21604907,0.06874201,1.10299600,1
1505593307,21604906,0.06879700,1.99911000,1
1505593307,21604904,0.06879701,0.15480507,1
1505593296,21604897,0.06878100,1.98765000,0
1505593295,21604896,0.06879701,0.30853013,1
1505593295,21604895,0.06879702,0.87977905,1
1505593261,21604879,0.06893848,0.47934800,0
1505593225,21604873,0.06893886,0.16094381,1
1505593154,21604789,0.06887400,1.98765000,0
1505593144,21604781,0.06886800,1.98765000,0
1505593137,21604776,0.06882990,0.31590000,0
1505593084,21604742,0.06883000,0.19998228,0
1505593084,21604740,0.06877200,1.78760666,0
1505593079,21604730,0.06881000,0.21193334,1
1505593078,21604726,0.06881000,0.28600000,0
1505593072,21604722,0.06876300,0.21657870,0
1505593072,21604721,0.06876300,1.77107130,0
1505593072,21604720,0.06871000,0.22861314,0
1505593046,21604708,0.06871000,0.16001231,0
1505593027,21604705,0.06871000,1.57000500,0
1505593027,21604704,0.06870000,0.22999500,0
1505592864,21604662,0.06864502,0.75117292,0
1505592863,21604658,0.06864501,1.74232894,1
1505592862,21604654,0.06864500,1.74232894,1
1505592861,21604653,0.06871000,1.74245721,0
1505592844,21604641,0.06860407,0.45630200,1
1505592839,21604636,0.06860407,1.38999500,1
1505592645,21604588,0.06863907,4.14798476,1
1505592645,21604587,0.06863908,0.00013380,1
1505592643,21604580,0.06863908,12.90879759,1
1505592642,21604577,0.06863908,58.18706861,1
1505592642,21604575,0.06864000,0.28600000,1
1505592642,21604573,0.06866000,0.00013646,1
1505592640,21604571,0.06866000,0.21186354,1
1505592588,21604543,0.06867000,0.22999500,1
1505592503,21604524,0.06876200,1.99974000,0
1505592503,21604523,0.06876195,1.93199629,0
1505592487,21604517,0.06876199,0.14761000,0
1505592299,21604481,0.06865028,0.19095895,1
1505592299,21604480,0.06865028,0.10101105,1
1505592293,21604476,0.06865025,2.07960629,1
1505592287,21604470,0.06865018,1.86718800,1
1505592218,21604431,0.06882896,0.78703200,0
1505592165,21604415,0.06872100,1.98765000,1
1505592161,21604413,0.06873400,1.99908000,1
1505592161,21604412,0.06878589,0.11264666,1
1505592120,21604402,0.06888565,1.00000000,0
1505592061,21604384,0.06888589,2.00000000,0
1505592055,21604381,0.06878589,1.55493900,1
1505592054,21604380,0.06878589,0.50000000,1
1505592043,21604378,0.06878589,1.32150200,1
1505592002,21604356,0.06865381,0.49600000,1
1505591467,21604156,0.06863037,2.47541000,1
1505591409,21604129,0.06875286,0.09017681,0
1505591322,21604072,0.06861012,8.54071900,1
1505591322,21604071,0.06861012,4.25624223,1
1505591317,21604057,0.06861010,9.83394574,1
1505591205,21604006,0.06872522,1.38811000,0
1505591203,21604000,0.06872522,0.00140000,0
1505591203,21603998,0.06870700,1.99911000,0
1505591189,21603971,0.06859009,17.93506642,1
1505591189,21603970,0.06860000,0.14424955,1
1505591189,21603969,0.06865126,0.00011403,1
1505591151,21603933,0.06865126,24.95780078,1
1505591149,21603927,0.06865126,25.34349465,1
1505591147,21603923,0.06865126,25.33366701,1
1505591147,21603920,0.06865126,0.19992353,1
1505591145,21603916,0.06865125,1.44261900,1
1505591145,21603915,0.06865126,0.20000000,1
1505591139,21603907,0.06862400,1.99914068,1
1505591138,21603903,0.06874540,0.19535991,1
1505591137,21603899,0.06874540,1.99914068,1
1505591137,21603898,0.06865127,0.53799442,0
1505591136,21603897,0.06865126,0.00000022,0
1505591136,21603896,0.06862400,1.99935477,0
1505591136,21603895,0.06862600,0.00010300,1
1505591136,21603892,0.06865126,4.72854200,0
1505591135,21603891,0.06862600,1.98754700,1
1505591133,21603887,0.06865127,0.53807100,1
1505591133,21603886,0.06865127,1.98765000,1
1505591133,21603885,0.06865127,1.99958000,1
1505591132,21603880,0.06865127,25.33362800,1
1505591130,21603876,0.06865127,14.89244300,1
1505591129,21603869,0.06865127,25.33362800,1
1505591063,21603789,0.06875000,0.11047301,0
1505591063,21603788,0.06875000,0.11085580,0
1505591062,21603787,0.06874999,0.40861124,0
1505591042,21603780,0.06876999,0.11038182,1
1505591038,21603778,0.06866000,0.11047301,1
1505591024,21603772,0.06865114,2.71566210,1
1505590997,21603754,0.06865104,5.86980100,0
1505590978,21603734,0.06865103,30.97813551,1
1505590977,21603732,0.06865103,1.65085300,1
1505590976,21603730,0.06865101,24.35095972,1
1505590976,21603729,0.06865102,4.73334028,1
1505590976,21603725,0.06867721,0.26396123,1
1505590975,21603722,0.06867721,2.93000000,1
1505590964,21603712,0.06869095,0.11736451,0
1505590962,21603711,0.06867719,7.48393925,0
1505590960,21603708,0.06867718,0.21297900,1
1505590960,21603703,0.06869095,0.52597575,1
1505590960,21603700,0.06873060,0.13577275,1
1505590950,21603697,0.06882200,0.89745895,0
1505590948,21603696,0.06873060,0.58100000,0
1505590946,21603695,0.06867717,6.84129818,1
1505590946,21603694,0.06867717,5.51332000,1
1505590946,21603693,0.06870671,0.58100000,1
1505590946,21603691,0.06870671,0.46704219,1
1505590946,21603690,0.06873060,0.58100000,1
1505590908,21603662,0.06868404,1.89987500,1
1505590907,21603659,0.06873064,2.08804623,1
1505590868,21603645,0.06873016,2.00000000,1
1505590816,21603632,0.06888097,1.70152275,0
1505590799,21603609,0.06871623,12.41603406,1
1505590798,21603604,0.06889198,0.17968000,0
1505590790,21603592,0.06889196,0.15403293,0
1505590768,21603559,0.06886496,0.12367340,0
1505590740,21603540,0.06882599,0.17774831,0
1505590740,21603539,0.06882599,0.84225169,0
1505590732,21603529,0.06889760,0.11186385,1
1505590731,21603528,0.06882600,1.87717615,0
1505590731,21603527,0.06882600,0.11047385,0
1505590711,21603501,0.06876000,0.14543339,1
1505590711,21603499,0.06876511,0.95411554,1
1505590709,21603493,0.06876511,0.28463700,1
1505590702,21603482,0.06879600,1.98727399,1
1505590702,21603481,0.06880000,0.00025044,1
1505590701,21603477,0.06880000,0.14473502,1
1505590701,21603476,0.06880003,14.46368850,0
1505590700,21603473,0.06881300,0.00012802,1
1505590696,21603460,0.06881300,1.99987198,1
1505590694,21603456,0.06881349,2.46712809,1
1505590655,21603391,0.06895997,2.79084182,1
1505590620,21603354,0.06883144,1.01645176,1
1505590584,21603334,0.06883116,0.20000000,1
1505590570,21603312,0.06883111,0.16209100,1
1505590567,21603302,0.06901000,0.14470000,0
1505590565,21603298,0.06900961,0.00004594,0
1505590564,21603296,0.06900961,0.65336406,0
1505590562,21603288,0.06901000,0.42276498,0
1505590560,21603285,0.06900997,0.63193549,0
1505590551,21603273,0.06888000,1.98765000,1
1505590545,21603267,0.06888600,1.99959000,1
1505590545,21603266,0.06888700,1.98765000,1
1505590545,21603265,0.06891483,2.10171576,1
1505590545,21603263,0.06892000,0.42280000,1
1505590512,21603224,0.06895600,0.79592600,1
1505590512,21603223,0.06897800,1.99914000,1
1505590511,21603222,0.06898116,1.19172400,1
1505590507,21603206,0.06898115,0.65341055,0
1505590506,21603205,0.06898116,1.06063716,1
1505590506,21603204,0.06898116,1.16965229,1
1505590503,21603198,0.06898103,0.11013684,0
1505590465,21603170,0.06910900,0.11013575,0
1505590459,21603155,0.06912597,0.00010198,0
1505590458,21603154,0.06909806,0.86502068,1
1505590457,21603153,0.06909806,0.46552299,0
1505590456,21603151,0.06896763,2.23226978,1
1505590447,21603128,0.06896761,0.11057294,0
1505590443,21603120,0.06905743,3.34402829,1
1505590235,21602978,0.06905300,1.99924000,0
1505590235,21602977,0.06905000,1.39948181,0
1505590231,21602959,0.06905000,0.32422019,0
1505590229,21602950,0.06905000,0.26394800,0
1505590226,21602939,0.06901897,1.50855991,1
1505590219,21602923,0.06901900,1.21770300,0
1505590202,21602903,0.06901697,0.98865600,0
1505590091,21602827,0.06896800,0.11787000,0
1505589887,21602698,0.06885119,0.42320000,1
1505589832,21602655,0.06891700,0.00233592,1
1505589832,21602653,0.06896000,1.95557357,1
1505589826,21602647,0.06896000,0.24442643,1
1505589765,21602610,0.06905396,0.11057223,1
1505589760,21602602,0.06889000,0.11085580,1
1505589759,21602599,0.06889007,3.45156100,1
1505589721,21602575,0.06891100,0.09168900,1
1505589718,21602572,0.06892600,1.98765000,1
1505589697,21602553,0.06896703,0.42320000,0
1505589662,21602495,0.06912484,1.00000000,0
1505589639,21602470,0.06897800,1.99912000,1
1505589516,21602382,0.06899190,0.22999500,1
1505589393,21602257,0.06899011,0.99991400,1
1505589385,21602254,0.06916765,0.11113364,0
1505589344,21602234,0.06908500,1.12752301,0
1505589344,21602233,0.06908499,0.12904299,0
1505589318,21602215,0.06901158,0.68160000,0
1505589313,21602209,0.06901158,1.33080000,0
1505589222,21602174,0.06898601,0.20000000,1
1505589208,21602167,0.06901158,0.29499000,0
1505589206,21602166,0.06901158,0.58998000,0
1505589179,21602139,0.06904800,1.98764800,1
1505589179,21602138,0.06905600,0.56867200,1
1505589176,21602126,0.06905600,1.43084800,1
1505589165,21602113,0.06907600,0.64489501,1
1505589165,21602112,0.06907601,0.12904299,1
1505589103,21602095,0.06919461,1.04190456,0
1505589023,21602076,0.06901027,0.20000000,1
1505588979,21602057,0.06899319,3.63164800,1
1505588943,21602034,0.06909500,1.98765000,0
1505588932,21602029,0.06904200,0.17936600,0
1505588924,21602023,0.06909000,0.28500000,0
1505588924,21602022,0.06904400,1.99977000,0
1505588923,21602021,0.06903500,0.49065000,0
1505588923,21602020,0.06903494,1.99977000,0
1505588919,21602019,0.06903500,1.49700000,0
1505588919,21602018,0.06903494,2.93000000,0
1505588904,21601979,0.06887203,1.42633000,1
1505588891,21601971,0.06903496,0.98636443,0
1505588891,21601970,0.06903495,1.01363558,0
1505588880,21601947,0.06903498,2.00000000,0
1505588825,21601909,0.06901099,0.58351242,0
1505588823,21601908,0.06901096,14.46398602,0
1505588784,21601865,0.06884202,0.44693600,1
1505588784,21601864,0.06884203,0.15618400,1
1505588777,21601857,0.06884202,0.60342500,1
1505588732,21601825,0.06888697,25.53601398,0
1505588730,21601813,0.06888700,14.46398602,1
1505588657,21601726,0.06891010,7.19341200,0
1505588657,21601725,0.06891007,6.22025100,0
1505588653,21601716,0.06891010,12.79131000,1
1505588653,21601715,0.06892000,0.28500000,1
1505588653,21601714,0.06892003,1.06658800,1
1505588647,21601689,0.06891010,0.19668500,1
1505588644,21601673,0.06891010,2.53454200,1
1505588644,21601670,0.06892012,0.26000000,1
1505588643,21601667,0.06892012,2.66669800,1
1505588641,21601660,0.06892012,0.26330200,1
1505588638,21601645,0.06892015,0.74451300,1
1505588484,21601534,0.06901003,4.40915000,1
1505588461,21601520,0.06911000,7.64015274,1
1505588461,21601518,0.06911000,1.98226326,1
1505588460,21601517,0.06911000,0.37758400,0
1505588348,21601476,0.06918994,3.30878095,0
1505588297,21601460,0.06917500,1.99982653,1
1505588289,21601453,0.06918501,0.36599500,1
1505588233,21601416,0.06921006,1.25000000,1
1505588233,21601415,0.06921006,1.67229800,1
1505588208,21601402,0.06921006,1.25770200,1
1505588186,21601386,0.06921001,0.52649000,1
1505588183,21601383,0.06921000,0.37758400,1
1505588171,21601369,0.06920107,1.99941996,1
1505588162,21601336,0.06932100,3.65652000,0
1505588134,21601324,0.06932046,1.01441573,0
1505588100,21601307,0.06918005,4.01073720,1
1505587968,21601234,0.06921191,1.15993500,0
1505587968,21601232,0.06917000,0.29530300,0
1505587936,21601184,0.06918597,1.98765000,0
1505587922,21601176,0.06917193,0.22105400,0
1505587910,21601168,0.06899201,1.38338197,1
1505587899,21601163,0.06900200,1.98765000,1
1505587897,21601162,0.06900412,1.42140000,1
1505587835,21601140,0.06905900,0.20000000,1
1505587820,21601119,0.06915000,0.69154100,1
1505587819,21601118,0.06915000,1.31427900,1
1505587813,21601110,0.06915000,0.19418000,1
1505587805,21601105,0.06904000,1.99927000,1
1505587800,21601098,0.06920000,0.14799187,0
1505587797,21601095,0.06919939,2.24254178,0
1505587796,21601090,0.06919940,1.25715000,0
1505587771,21601069,0.06905000,0.29530300,1
1505587753,21601050,0.06919991,0.88194486,0
1505587752,21601049,0.06919978,0.11164000,0
1505587752,21601048,0.06915100,1.98765000,0
1505587750,21601045,0.06919991,0.91218060,0
1505587750,21601044,0.06904900,0.62094893,0
1505587749,21601043,0.06904900,1.37860107,0
1505587744,21601040,0.06919993,0.00033000,1
1505587744,21601039,0.06919993,0.28400000,1
1505587744,21601038,0.06903600,1.99938000,0
1505587744,21601037,0.06902000,1.98765000,0
1505587732,21601026,0.06882329,0.11164052,1
1505587717,21600993,0.06899700,1.98765000,0
1505587695,21600983,0.06900200,1.99930000,0
1505587695,21600982,0.06900100,1.98765000,0
1505587694,21600981,0.06899000,0.42310000,0
1505587672,21600969,0.06889900,0.16667543,1
1505587669,21600967,0.06890100,1.95246100,0
1505587664,21600964,0.06890501,2.93000000,1
1505587654,21600961,0.06890500,1.98765000,1
1505587649,21600956,0.06892202,0.45882000,0
1505587648,21600955,0.06893000,0.28400000,1
1505587646,21600949,0.06896007,1.04784064,1
1505587626,21600928,0.06896006,7.11822744,1
1505587615,21600915,0.06896028,2.45218114,1
1505587584,21600886,0.06904880,0.39161380,0
1505587581,21600874,0.06904880,0.13377440,0
1505587580,21600869,0.06914599,1.18419313,1
1505587579,21600868,0.06914599,1.50127000,1
1505587576,21600864,0.06914599,0.00000398,0
1505587576,21600861,0.06913200,1.99928000,0
1505587576,21600859,0.06913197,14.46398602,0
1505587572,21600845,0.06893200,0.77547701,1
1505587572,21600844,0.06894600,1.98765000,1
1505587562,21600841,0.06898200,1.18053046,1
1505587561,21600840,0.06899900,1.98765000,1
1505587555,21600831,0.06900200,0.90366389,1
1505587555,21600830,0.06901002,0.58603922,1
1505587552,21600829,0.06901005,10.22132491,0
1505587552,21600828,0.06903000,0.42310000,1
1505587466,21600705,0.06911885,0.11164052,0
1505587423,21600647,0.06900500,1.79377280,1
1505587423,21600646,0.06903001,0.20913667,1
1505587403,21600640,0.06902300,1.99971000,1
1505587403,21600639,0.06902900,1.98765000,1
1505587360,21600632,0.06915072,13.42065000,0
1505587342,21600621,0.06899301,0.16423134,1
1505587223,21600512,0.06910748,0.20291000,0
1505587158,21600443,0.06911111,2.02564100,0
1505587138,21600434,0.06911241,1.95333100,0
1505587127,21600429,0.06896596,5.28629993,1
1505587119,21600419,0.06911333,2.02558100,0
1505587088,21600401,0.06897400,0.80799240,1
1505587088,21600400,0.06897400,1.08045140,1
1505587081,21600397,0.06897403,0.91866246,1
1505587081,21600396,0.06901000,0.10708593,1
1505587045,21600371,0.06901499,0.15000000,0
1505587045,21600370,0.06901499,2.70204639,0
1505587038,21600367,0.06901499,0.07527000,0
1505587024,21600352,0.06901499,0.15268361,1
1505587023,21600351,0.06901499,2.84731639,0
1505587022,21600348,0.06901499,0.08268361,0
1505586952,21600287,0.06889211,0.10728000,1
1505586946,21600281,0.06889200,0.20325203,1
1505586939,21600261,0.06901499,2.93000000,0
1505586918,21600234,0.06901200,1.82885400,0
1505586909,21600223,0.06899093,2.69357553,0
1505586909,21600222,0.06898000,0.27061047,0
1505586896,21600214,0.06890000,1.20000000,0
1505586862,21600180,0.06880000,0.27061047,1
1505586859,21600171,0.06885010,1.39144158,1
1505586854,21600163,0.06887001,0.29482933,1
1505586853,21600158,0.06890899,5.77220185,0
1505586853,21600157,0.06890899,6.93760900,0
1505586852,21600156,0.06890899,1.98765000,0
1505586847,21600144,0.06886997,0.36776676,1
1505586844,21600129,0.06887000,0.01993264,0
1505586843,21600128,0.06887000,0.23231436,1
1505586843,21600126,0.06887001,0.17115300,1
1505586843,21600123,0.06895000,0.28300000,0
1505586843,21600122,0.06888200,1.19928148,0
1505586839,21600116,0.06888200,0.80047852,0
1505586839,21600115,0.06887333,0.17122148,0
1505586837,21600104,0.06887333,0.80058544,0
1505586836,21600103,0.06876007,1.38913164,1
1505586836,21600101,0.06877000,0.28300000,1
1505586836,21600100,0.06885201,0.63443302,1
1505586834,21600093,0.06886000,1.98765000,0
1505586832,21600067,0.06889500,1.02805226,0
1505586831,21600064,0.06889003,0.17115800,0
1505586829,21600052,0.06885200,0.20379500,0
1505586829,21600051,0.06885200,1.79576500,0
1505586826,21600037,0.06876004,0.28257348,1
1505586824,21600030,0.06876012,1.50395600,0
1505586818,21599999,0.06889003,0.14987600,0
1505586817,21599991,0.06887200,1.98765000,0
1505586817,21599988,0.06883300,0.01167000,0
1505586814,21599964,0.06883300,1.98765000,0
1505586813,21599961,0.06883299,0.41175700,0
1505586812,21599959,0.06883299,0.20019146,0
1505586809,21599954,0.06883299,0.89366000,0
1505586800,21599941,0.06873300,0.00169230,1
1505586800,21599940,0.06875000,1.24029368,1
1505586800,21599939,0.06875000,1.75970632,1
1505586799,21599938,0.06873300,0.57923556,1
1505586799,21599937,0.06873301,0.17882836,1
1505586789,21599917,0.06878001,1.40696000,1
1505586785,21599901,0.06886899,0.35733045,0
1505586783,21599892,0.06876018,0.60363700,1
1505586776,21599857,0.06876013,10.60028609,1
1505586776,21599852,0.06876014,0.24822440,1
1505586775,21599848,0.06876016,0.97653577,1
1505586774,21599840,0.06891800,1.98765000,0
1505586774,21599838,0.06891787,25.00000000,0
1505586765,21599803,0.06873253,39.79489000,1
1505586765,21599802,0.06875000,3.00000000,1
1505586765,21599801,0.06875800,1.99930000,1
1505586765,21599800,0.06876000,0.42340000,1
1505586763,21599794,0.06889000,1.98765000,0
1505586762,21599788,0.06888999,10.01652600,0
1505586762,21599786,0.06888999,1.98765000,0
1505586749,21599716,0.06882000,0.24222441,1
1505586749,21599712,0.06879400,0.70001600,0
1505586748,21599708,0.06824372,3.16952316,1
1505586748,21599705,0.06847373,0.24222441,1
1505586748,21599703,0.06850000,2.00000000,1
1505586748,21599701,0.06850000,1.20000000,1
1505586748,21599699,0.06857284,0.20000000,1
1505586748,21599697,0.06873252,2.55565031,1
1505586747,21599696,0.06879400,2.93000000,0
1505586745,21599691,0.06879400,1.99924000,0
1505586744,21599688,0.06879400,6.97395700,0
1505586742,21599682,0.06879397,1.86069584,0
1505586742,21599681,0.06879397,12.60321300,0
1505586741,21599679,0.06882600,1.98765000,1
1505586740,21599678,0.06885000,0.28100000,1
1505586740,21599677,0.06889000,2.24170000,1
1505586740,21599676,0.06889005,27.98990700,1
1505586735,21599665,0.06889005,14.52528000,1
1505586733,21599657,0.06889005,0.14515900,1
1505586725,21599641,0.06889005,0.26934100,1
1505586725,21599640,0.06889005,14.25593900,1
1505586720,21599632,0.06892014,4.84628150,0
1505586720,21599631,0.06891000,0.34153005,0
1505586717,21599630,0.06889005,14.52528000,1
1505586712,21599621,0.06889005,0.39509400,1
1505586710,21599608,0.06889004,6.54159000,1
1505586709,21599603,0.06889003,6.23786400,1
1505586707,21599597,0.06889004,3.68956181,0
1505586707,21599594,0.06889003,3.69221900,1
1505586704,21599579,0.06889003,8.53965878,1
1505586704,21599578,0.06889004,2.29306300,1
1505586702,21599572,0.06889002,3.68968300,0
1505586700,21599570,0.06889001,2.50821302,1
1505586698,21599562,0.06889001,11.22589900,1
1505586697,21599561,0.06889001,3.68968300,1
1505586688,21599537,0.06889001,1.64072800,1
1505586688,21599535,0.06889001,1.14293000,1
1505586686,21599524,0.06889001,0.39976200,1
1505586675,21599499,0.06892033,2.52270000,1
1505586673,21599487,0.06891000,3.60000000,0
1505586666,21599476,0.06892030,0.15836100,1
1505586616,21599386,0.06892027,5.16312700,1
1505586612,21599384,0.06892027,9.34679500,1
1505586513,21599324,0.06892025,0.11203844,1
1505586508,21599316,0.06892023,2.22344006,1
1505586507,21599314,0.06892023,0.22053743,1
1505586503,21599308,0.06892022,1.81607082,1
1505586469,21599270,0.06905000,0.08106995,0
1505586318,21599213,0.06894000,0.00157348,1
1505586318,21599212,0.06895101,2.93000000,1
1505586318,21599210,0.06898900,0.00000042,1
1505586309,21599204,0.06907968,0.81614800,0
1505586270,21599174,0.06898900,0.11203802,1
1505586270,21599173,0.06898900,0.21213998,1
1505586270,21599172,0.06898900,1.98765000,1
1505586270,21599171,0.06898900,2.91101200,1
1505586222,21599150,0.06901800,1.54847200,1
1505586212,21599139,0.06903800,1.90765000,1
1505586210,21599125,0.06903800,0.08000000,1
1505586200,21599117,0.06907400,1.98765000,1
1505586192,21599111,0.06903700,1.99924000,1
1505586192,21599110,0.06904500,1.98765000,1
1505586183,21599096,0.06923901,1.00000000,0
1505586180,21599093,0.06923920,0.22227100,0
1505586017,21598924,0.06906112,0.49625607,0
1505585949,21598887,0.06907601,1.20624700,1
1505585948,21598885,0.06907601,0.78140300,1
1505585902,21598853,0.06911000,2.10000000,1
1505585875,21598777,0.06920200,1.79963700,0
1505585866,21598770,0.06913700,1.98765000,0
1505585862,21598768,0.06914400,0.20000000,1
1505585861,21598767,0.06914400,1.98765000,0
1505585850,21598758,0.06903200,1.86371714,1
1505585844,21598749,0.06903715,5.34822107,1
1505585777,21598699,0.06907464,25.00000000,1
1505585777,21598698,0.06907700,1.98765000,1
1505585741,21598672,0.06909410,8.35930000,1
1505585727,21598669,0.06910600,15.66850400,0
1505585726,21598667,0.06906800,0.03828700,1
1505585726,21598666,0.06910600,1.98765000,1
1505585695,21598645,0.06917478,6.92366400,1
1505585695,21598643,0.06917478,3.83003500,1
1505585695,21598642,0.06918000,0.42260000,1
1505585692,21598634,0.06918003,0.42260000,1
1505585681,21598622,0.06925001,0.61996500,1
1505585675,21598620,0.06925001,0.23176000,1
1505585641,21598554,0.06924003,0.10401589,1
1505585635,21598535,0.06923000,0.27320336,1
1505585635,21598534,0.06925900,0.01879664,1
1505585634,21598532,0.06925900,0.96885336,1
1505585632,21598530,0.06925900,0.50000000,1
1505585631,21598525,0.06942793,1.80240000,0
1505585627,21598521,0.06925900,0.50000000,1
1505585623,21598508,0.06927200,1.99980000,1
1505585618,21598500,0.06924700,0.50000000,1
1505585611,21598483,0.06942797,15.51253102,0
1505585611,21598482,0.06937619,0.20000000,0
1505585598,21598470,0.06942799,1.10316318,0
1505585598,21598469,0.06937619,0.20000000,0
1505585598,21598468,0.06937495,1.46988682,0
1505585598,21598467,0.06935000,0.15000000,0
1505585582,21598440,0.06932900,1.99901186,0
1505585580,21598437,0.06933900,0.30000000,0
1505585576,21598431,0.06932487,0.10692700,1
1505585573,21598427,0.06932487,1.58645500,0
1505585573,21598426,0.06932487,1.99979500,0
1505585550,21598396,0.06910011,0.22984906,1
1505585548,21598387,0.06928800,1.34589000,0
1505585546,21598385,0.06928784,1.80445669,0
1505585535,21598380,0.06927300,0.20000000,0
1505585533,21598378,0.06920000,4.11608223,0
1505585533,21598377,0.06919999,2.84371420,0
1505585532,21598376,0.06919999,1.60194300,0
1505585531,21598373,0.06920000,3.80389700,0
1505585523,21598366,0.06920000,18.11100000,0
1505585515,21598352,0.06920000,8.48178300,0
1505585510,21598346,0.06920000,5.78600000,0
1505585499,21598339,0.06907901,0.20000000,0
1505585494,21598335,0.06920000,3.01000000,0
1505585483,21598330,0.06907901,0.15000000,1
1505585475,21598317,0.06919997,2.70800100,0
1505585469,21598312,0.06907900,0.12978200,0
1505585469,21598311,0.06906700,0.26086347,1
1505585467,21598294,0.06907900,1.86977800,1
1505585467,21598288,0.06907900,0.12978200,1
1505585439,21598254,0.06920000,9.08400000,0
1505585437,21598251,0.06919984,9.20421000,0
1505585433,21598249,0.06901800,0.50000000,1
1505585424,21598245,0.06900401,0.39000000,1
1505585417,21598237,0.06898900,0.27000000,1
1505585412,21598230,0.06910400,1.99996974,0
1505585411,21598228,0.06910399,1.78722626,0
1505585397,21598202,0.06909800,1.77551002,0
1505585396,21598201,0.06908200,0.21213998,0
1505585394,21598197,0.06908200,1.98765000,0
1505585393,21598196,0.06908200,3.18101200,0
1505585393,21598195,0.06907600,1.99979000,0
1505585393,21598193,0.06906918,0.20000000,0
1505585393,21598192,0.06906906,1.85812700,0
1505585380,21598184,0.06892424,0.10900000,1
1505585356,21598156,0.06892410,2.01490655,1
1505585354,21598146,0.06892409,2.38096724,1
1505585350,21598134,0.06892408,0.20000000,1
1505585345,21598120,0.06892407,4.19365500,1
1505585334,21598100,0.06892407,3.02051200,1
1505585332,21598095,0.06892407,2.02848700,1
1505585329,21598089,0.06892406,0.10800000,1
1505585326,21598085,0.06892405,0.55999500,1
1505585319,21598075,0.06892403,0.22988572,1
1505585311,21598064,0.06893000,1.99961000,1
1505585293,21598013,0.06896100,0.28891693,1
1505585283,21597997,0.06896100,0.19779296,1
1505585224,21597908,0.06908164,1.23745144,0
1505585222,21597904,0.06908164,2.93000000,0
1505585222,21597903,0.06907700,1.98765000,0
1505585217,21597894,0.06908161,0.28922000,0
1505585214,21597881,0.06900000,0.49000000,0
1505585138,21597792,0.06897412,3.85725300,1
1505585113,21597762,0.06897299,1.08807811,1
1505585104,21597750,0.06897271,3.83158905,1
1505585103,21597748,0.06897271,0.41017922,1
1505585103,21597746,0.06897258,0.88217666,1
1505585092,21597726,0.06897216,0.31475019,1
1505585092,21597725,0.06897216,0.35955803,1
1505585058,21597702,0.06897075,0.25601000,1
1505585049,21597693,0.06897034,0.80715400,1
1505585026,21597664,0.06896950,0.54646690,1
1505584915,21597531,0.06906800,2.24170000,0
1505584912,21597529,0.06896800,0.29200000,1
1505584902,21597525,0.06906100,1.99972000,0
1505584902,21597524,0.06905000,0.00000580,0
1505584901,21597522,0.06905000,0.23380200,0
1505584900,21597519,0.06904997,0.45809833,0
1505584819,21597449,0.06889611,0.91372358,1
1505584801,21597396,0.06889611,0.37402730,1
1505584801,21597393,0.06889612,0.11597270,1
1505584796,21597378,0.06889611,0.09453908,1
1505584793,21597352,0.06889611,0.73958836,1
1505584783,21597244,0.06889609,0.61616806,1
1505584781,21597220,0.06889608,0.85085168,1
1505584775,21597192,0.06889607,0.31975700,1
1505584761,21597159,0.06889604,0.81055515,1
1505584760,21597154,0.06889604,0.08152000,1
1505584734,21597097,0.06892816,1.95510500,1
1505584700,21597080,0.06894000,0.23380780,1
1505584693,21597076,0.06906601,0.75797000,1
1505584692,21597075,0.06906000,0.42330000,0
1505584468,21597007,0.06892476,8.29633518,1
1505584468,21597006,0.06894200,1.98765000,1
1505584468,21597005,0.06894206,3.66534556,1
1505584468,21597004,0.06895300,1.99956000,1
1505584443,21596992,0.06907872,3.00000000,0
1505584415,21596955,0.06907912,4.33551658,0
1505584413,21596954,0.06892405,0.11214403,1
1505584397,21596945,0.06892109,2.79645597,1
1505584397,21596944,0.06894000,0.11214403,1
1505584368,21596928,0.06894000,0.42330000,1
1505584354,21596920,0.06903154,1.23315947,0
1505584346,21596918,0.06903156,15.94883329,0
1505584312,21596905,0.06904000,1.82654540,0
1505584311,21596904,0.06902000,0.41515460,0
1505584201,21596853,0.06908524,0.22478100,0
1505583965,21596782,0.06904900,1.17844199,1
1505583965,21596781,0.06900524,0.24092037,0
1505583963,21596767,0.06900143,0.08063764,0
1505583951,21596759,0.06889119,6.13571400,1
1505583883,21596706,0.06889000,0.41515460,1
1505583875,21596691,0.06888033,1.00000000,1
1505583868,21596688,0.06900000,2.62000000,0
1505583857,21596683,0.06900000,0.30604324,0
1505583857,21596682,0.06900000,1.98765000,0
1505583857,21596681,0.06900000,1.07279111,0
1505583853,21596680,0.06899999,0.95589693,0
1505583849,21596679,0.06900000,7.04024621,0
1505583847,21596678,0.06899999,9.46403400,0
1505583833,21596672,0.06900000,2.34170898,0
1505583831,21596671,0.06899500,1.99975000,0
1505583792,21596659,0.06882006,0.11233949,1
1505583744,21596635,0.06885100,0.54705800,1
1505583725,21596618,0.06899913,1.00000000,0
1505583687,21596579,0.06888700,0.98996647,1
1505583685,21596578,0.06888700,1.99974000,1
1505583661,21596559,0.06899297,1.00000000,0
1505583659,21596553,0.06882109,0.24140000,1
1505583626,21596518,0.06882323,4.84628149,0
1505583626,21596517,0.06882100,0.37229051,0
1505583620,21596516,0.06882103,0.11233949,1
1505583611,21596503,0.06882103,0.21741305,0
1505583608,21596494,0.06882100,0.15678300,1
1505583599,21596467,0.06882103,2.35196400,1
1505583569,21596445,0.06883103,0.38554800,1
1505583529,21596413,0.06890000,5.23101215,0
1505583529,21596411,0.06882058,1.24854076,1
1505583529,21596410,0.06887000,1.54903024,1
1505583528,21596409,0.06882059,0.65097000,1
1505583528,21596408,0.06882059,0.22999500,1
1505583528,21596407,0.06890000,2.79747783,0
1505583528,21596405,0.06889987,0.00009303,0
1505583527,21596402,0.06889987,11.70724697,0
1505583462,21596343,0.06879344,0.11070000,0
1505583461,21596342,0.06879000,3.78352577,0
1505583447,21596336,0.06879000,1.00000000,0
1505583414,21596303,0.06877000,0.32796000,1
1505583413,21596301,0.06877000,0.32300976,1
1505583407,21596294,0.06879000,2.93000000,0
1505583386,21596280,0.06879000,0.52110224,0
1505583385,21596279,0.06878000,0.42350000,0
1505583385,21596278,0.06877999,1.99983976,0
1505583368,21596275,0.06879000,6.32392713,0
1505583368,21596274,0.06878994,6.24081345,0
1505583368,21596272,0.06877000,0.26777666,0
1505583367,21596270,0.06876768,1.90636576,0
1505583325,21596253,0.06862641,0.22999500,1
1505583297,21596224,0.06862641,0.32301000,1
1505583292,21596206,0.06862641,1.06070500,1
1505583292,21596205,0.06864000,0.19350500,1
1505583291,21596203,0.06864000,0.22999500,1
1505583290,21596198,0.06862644,0.33742900,1
1505583289,21596196,0.06862641,0.80964900,1
1505583193,21596160,0.06857003,0.52960456,1
1505583186,21596155,0.06879323,2.11648572,1
1505583186,21596154,0.06873900,1.98765000,1
1505583184,21596153,0.06867000,0.89586428,0
1505583156,21596133,0.06867000,1.98765000,0
1505583156,21596132,0.06867000,1.99979000,0
1505583148,21596123,0.06866987,3.98744000,0
1505583146,21596116,0.06861003,0.23002100,0
1505583146,21596115,0.06861000,0.16378300,0
1505583138,21596100,0.06856900,0.22999500,1
1505583127,21596089,0.06856987,2.00000000,0
1505583126,21596088,0.06856900,0.42380000,1
1505583090,21596075,0.06856900,0.38554800,1
1505583058,21596057,0.06861000,0.16378300,1
1505583057,21596055,0.06861000,0.26001700,1
1505583053,21596043,0.06861003,1.26979900,1
1505583027,21596036,0.06861003,0.27941400,1
1505582974,21596002,0.06864000,0.79116700,1
1505582903,21595914,0.06867800,1.98765000,1
1505582897,21595903,0.06867803,1.98765000,1
1505582896,21595901,0.06867801,2.88368343,1
1505582890,21595879,0.06867500,0.75844552,1
1505582890,21595878,0.06867501,0.00014248,1
1505582889,21595877,0.06867501,14.34285752,1
1505582889,21595876,0.06873058,1.98751643,1
1505582888,21595875,0.06873058,10.51045956,1
1505582875,21595844,0.06879344,7.88930000,0
1505582866,21595839,0.06879223,0.09480019,0
1505582866,21595838,0.06878000,0.42290000,0
1505582768,21595791,0.06879000,1.01700000,0
1505582768,21595790,0.06878900,5.00000000,0
1505582730,21595751,0.06871114,0.17908000,1
1505582729,21595747,0.06871500,0.53240300,0
1505582728,21595744,0.06871500,1.11307200,0
1505582728,21595743,0.06871200,1.99935000,0
1505582723,21595740,0.06871100,1.04530000,0
1505582723,21595739,0.06870790,0.94235000,0
1505582723,21595738,0.06870790,1.98765000,0
1505582723,21595737,0.06870784,2.93000000,0
1505582722,21595736,0.06867700,1.99969000,0
1505582659,21595680,0.06851416,2.25218085,1
1505582658,21595679,0.06851403,0.97812999,1
1505582642,21595671,0.06869097,2.00000000,0
1505582630,21595665,0.06858200,0.48258175,1
1505582630,21595664,0.06858200,0.89259041,1
1505582626,21595661,0.06846414,1.25816784,1
1505582626,21595660,0.06846413,0.79959125,1
1505582626,21595659,0.06846413,2.01215693,1
1505582625,21595658,0.06846416,2.42682613,1
1505582625,21595655,0.06846413,1.10704437,1
1505582622,21595653,0.06857100,1.27870280,1
1505582620,21595652,0.06857100,0.72045720,1
1505582620,21595651,0.06858400,0.35631689,1
1505582620,21595650,0.06858400,0.85461911,1
1505582619,21595648,0.06858400,0.62194753,1
1505582619,21595647,0.06858400,0.15476647,1
1505582619,21595646,0.06859000,0.42290000,1
1505582601,21595607,0.06873711,0.87285943,0
1505582501,21595554,0.06861001,1.05543889,1
1505582501,21595553,0.06861001,0.13720211,1
1505582465,21595528,0.06874423,0.37881000,0
1505582455,21595519,0.06868000,0.24085556,0
1505582427,21595494,0.06870997,0.24085000,0
1505582332,21595446,0.06855000,0.24085556,1
1505582284,21595424,0.06859297,0.60446000,1
1505582277,21595422,0.06859300,1.98765000,1
1505582269,21595418,0.06859300,0.17412300,1
1505582227,21595363,0.06872797,5.71870649,1
1505582227,21595362,0.06872797,0.00059000,1
1505582227,21595361,0.06872800,1.98765000,1
1505582227,21595360,0.06874500,0.01154000,1
1505582225,21595351,0.06872800,1.98765000,0
1505582210,21595313,0.06852500,1.37685984,0
1505582208,21595307,0.06852500,0.00042800,0
1505582207,21595298,0.06852500,0.62177000,0
1505582207,21595297,0.06852500,1.37742000,0
1505582202,21595280,0.06856000,1.98765000,1
1505582202,21595279,0.06859500,1.99918000,1
1505582184,21595263,0.06859500,0.26381600,1
1505582163,21595258,0.06871609,0.50000000,0
1505582157,21595257,0.06859600,1.98753400,1
1505582150,21595255,0.06871634,0.23951872,1
1505582148,21595254,0.06861700,0.01189000,1
1505582147,21595253,0.06861700,1.98765000,1
1505582146,21595252,0.06864000,0.00011640,1
1505582078,21595231,0.06864000,2.09988360,1
1505581930,21595148,0.06872900,1.99925000,0
1505581930,21595146,0.06858900,1.98765000,0
1505581914,21595127,0.06860800,0.01215000,0
1505581914,21595126,0.06858900,1.98765000,0
1505581909,21595124,0.06858900,1.98765000,0
1505581908,21595123,0.06848888,1.00153100,0
1505581908,21595122,0.06848888,0.22999270,0
1505581881,21595105,0.06851100,1.98765000,0
1505581881,21595104,0.06848900,2.65750756,0
1505581866,21595100,0.06842754,1.99000000,0
1505581866,21595099,0.06842754,0.94000000,0
1505581857,21595095,0.06842754,1.98765000,0
1505581856,21595094,0.06842754,0.94235000,0
1505581856,21595093,0.06842753,1.98765000,0
1505581764,21595035,0.06837700,1.98765000,0
1505581756,21595030,0.06840200,1.99951000,0
1505581756,21595029,0.06839100,1.98765000,0
1505581753,21595027,0.06839097,1.07136200,0
1505581750,21595013,0.06819604,1.03000000,1
1505581749,21595008,0.06819603,0.99999500,1
1505581731,21594998,0.06836394,1.99929000,0
1505581727,21594992,0.06834719,1.50262551,1
1505581713,21594983,0.06832100,0.09997900,0
1505581703,21594980,0.06832700,0.64112771,0
1505581702,21594979,0.06832200,1.99958000,0
1505581702,21594978,0.06830000,0.35929229,0
1505581701,21594977,0.06830000,0.29202050,0
1505581701,21594976,0.06830000,6.00000000,0
1505581686,21594971,0.06815453,0.82162000,1
1505581681,21594964,0.06829659,3.62215600,0
1505581681,21594961,0.06815453,0.62816075,1
1505581679,21594956,0.06815453,0.27291422,1
1505581676,21594953,0.06815456,0.96812347,1
1505581667,21594932,0.06829670,0.34915394,0
1505581667,21594931,0.06829670,0.67571132,0
1505581666,21594930,0.06829670,8.14153574,0
1505581656,21594927,0.06829671,1.00000000,0
1505581636,21594912,0.06829678,3.02000000,0
1505581617,21594895,0.06825400,1.52121488,1
1505581610,21594886,0.06821900,1.29111184,1
1505581610,21594885,0.06827900,0.70852170,1
1505581606,21594876,0.06827900,1.27912830,1
1505581606,21594875,0.06830000,0.29209370,1
1505581599,21594869,0.06831878,3.33912821,1
1505581599,21594868,0.06831881,3.81871960,1
1505581597,21594867,0.06831876,2.93000000,0
1505581597,21594865,0.06831875,1.22541800,0
1505581597,21594862,0.06831876,2.93000000,1
1505581584,21594844,0.06831876,3.33920338,1
1505581570,21594834,0.06831852,2.59650000,1
1505581534,21594802,0.06847286,0.73043400,0
1505581511,21594762,0.06846680,1.98765000,0
1505581510,21594761,0.06831175,1.65078483,0
1505581509,21594760,0.06831175,3.11816050,1
1505581436,21594729,0.06832600,0.28500000,1
1505581430,21594691,0.06832600,0.25030372,1
1505581426,21594681,0.06832603,4.12087448,1
1505581233,21594545,0.06844500,1.99959000,0
1505581087,21594458,0.06830783,2.05467806,1
1505581081,21594446,0.06846993,0.81000000,0
1505581001,21594396,0.06838300,0.01146000,1
1505581001,21594395,0.06839300,1.98765000,1
1505581000,21594394,0.06838300,0.29721001,1
1505581000,21594393,0.06841101,0.34948699,1
1505580996,21594390,0.06841100,1.98765000,1
1505580989,21594384,0.06854056,4.00642892,0
1505580989,21594383,0.06841200,1.81497800,0
1505580890,21594308,0.06859993,0.56271900,1
1505580889,21594306,0.06845600,1.87228100,0
1505580889,21594305,0.06845000,0.42340000,0
1505580881,21594299,0.06845600,0.11536900,0
1505580869,21594294,0.06846600,1.43713500,0
1505580869,21594293,0.06846304,0.55051500,0
1505580869,21594292,0.06846600,1.99985000,1
1505580868,21594290,0.06848000,0.42340000,1
1505580748,21594210,0.06861172,0.39593000,0
1505580747,21594209,0.06861172,0.36606300,0
1505580740,21594206,0.06861172,0.32901700,0
1505580739,21594205,0.06861172,0.23233800,0
1505580739,21594204,0.06861169,2.55227800,0
1505580737,21594201,0.06861172,0.14538420,0
1505580657,21594158,0.06861195,0.23000000,0
1505580642,21594150,0.06861195,0.22876557,0
1505580640,21594145,0.06861196,0.66272200,0
1505580626,21594136,0.06856500,1.98765000,0
1505580619,21594125,0.06855900,1.34818900,0
1505580619,21594124,0.06855000,0.42260000,0
1505580617,21594123,0.06854076,0.14739500,0
1505580614,21594120,0.06854076,1.49570500,0
1505580608,21594118,0.06855900,1.98765000,0
1505580608,21594117,0.06854100,1.99997000,0
1505580608,21594116,0.06854077,0.14739500,0
1505580608,21594115,0.06847328,0.00490318,0
1505580592,21594106,0.06847328,0.24236361,0
1505580579,21594092,0.06844051,8.00342024,1
1505580578,21594090,0.06844051,1.25702367,1
1505580578,21594088,0.06846000,0.28500000,1
1505580575,21594064,0.06848025,0.61002000,1
1505580574,21594061,0.06848025,2.31998000,1
1505580571,21594043,0.06848028,2.93000000,1
1505580492,21594015,0.06848021,0.67612000,1
1505580454,21593991,0.06848113,0.42260000,0
1505580453,21593990,0.06848016,0.28500000,1
1505580423,21593973,0.06863399,4.59684532,0
1505580423,21593972,0.06861504,1.99971000,0
1505580421,21593970,0.06861501,3.40344468,0
1505580117,21593831,0.06861793,0.23000000,0
1505580117,21593830,0.06848013,1.99971260,1
1505580117,21593829,0.06848016,10.25572340,1
1505580115,21593826,0.06848016,2.19798300,1
1505580110,21593823,0.06848001,1.94763200,1
1505580074,21593798,0.06861800,0.26924000,0
1505580069,21593791,0.06862600,0.50000000,0
1505580065,21593783,0.06856799,0.50000000,0
1505580062,21593779,0.06856799,0.39093500,0
1505580059,21593777,0.06856799,0.50000000,0
1505580053,21593748,0.06856799,0.50000000,0
1505580049,21593743,0.06856799,0.50000000,0
1505580044,21593738,0.06856799,0.50000000,0
1505580037,21593730,0.06856799,0.50000000,0
1505580033,21593724,0.06856800,1.48760836,0
1505580032,21593723,0.06856800,0.50000000,0
1505580030,21593722,0.06855700,1.99982000,1
1505580027,21593721,0.06867285,0.50000000,0
1505580022,21593712,0.06867287,0.50000000,0
1505580021,21593711,0.06851600,1.98765000,1
1505580021,21593710,0.06853600,0.30268800,1
1505580021,21593709,0.06856000,0.28500000,1
1505580021,21593708,0.06863000,2.10000000,1
1505580015,21593702,0.06867289,0.50000000,0
1505580012,21593699,0.06853600,1.69667200,1
1505580010,21593698,0.06867291,0.50000000,0
1505580006,21593694,0.06867292,0.50000000,0
1505580001,21593684,0.06867293,0.50000000,0
1505580001,21593683,0.06867293,1.00000000,0
1505579997,21593678,0.06867295,0.50000000,0
1505579991,21593674,0.06867297,0.50000000,0
1505579985,21593664,0.06867299,0.50000000,0
1505579980,21593662,0.06858990,1.26064700,1
1505579979,21593654,0.06858990,0.50000000,0
1505579973,21593646,0.06858992,0.50000000,0
1505579968,21593639,0.06858999,7.87531824,0
1505579967,21593634,0.06858999,0.50000000,0
1505579965,21593630,0.06858999,8.06000000,0
1505579964,21593623,0.06858999,0.19301100,0
1505579961,21593613,0.06858999,0.50000000,0
1505579955,21593601,0.06855386,0.50000000,0
1505579952,21593589,0.06842701,1.00319500,1
1505579950,21593584,0.06858999,0.50000000,0
1505579946,21593578,0.06855387,0.50000000,0
1505579941,21593573,0.06855394,0.50000000,0
1505579938,21593568,0.06839903,1.36015900,1
1505579937,21593567,0.06855400,0.50000000,0
1505579936,21593564,0.06855400,1.36015920,0
1505579932,21593560,0.06854700,0.50000000,0
1505579928,21593554,0.06854298,0.50000000,0
1505579924,21593553,0.06870250,0.21500000,1
1505579924,21593552,0.06863000,0.28500000,0
1505579920,21593543,0.06854300,0.50000000,0
1505579915,21593539,0.06851799,0.50000000,0
1505579910,21593529,0.06851799,0.50000000,0
1505579903,21593524,0.06851799,0.50000000,0
1505579898,21593523,0.06851799,0.50000000,0
1505579894,21593521,0.06851799,0.50000000,0
1505579889,21593519,0.06851799,0.50000000,0
1505579885,21593518,0.06851799,0.50000000,0
1505579880,21593517,0.06851799,0.50000000,0
1505579875,21593514,0.06851800,0.50000000,0
1505579871,21593513,0.06850799,0.50000000,0
1505579867,21593512,0.06850800,0.50000000,0
1505579861,21593510,0.06850800,0.50000000,0
1505579855,21593507,0.06848892,0.50000000,0
1505579851,21593503,0.06848891,0.50000000,0
1505579845,21593501,0.06848893,0.50000000,0
1505579839,21593498,0.06848895,0.50000000,0
1505579834,21593496,0.06848897,0.50000000,0
1505579828,21593490,0.06848899,0.50000000,0
1505579827,21593489,0.06848899,0.26300000,0
1505579823,21593488,0.06848900,0.49953000,0
1505579817,21593487,0.06846900,0.50000000,0
1505579813,21593486,0.06846900,0.50000000,0
1505579808,21593484,0.06846900,0.50000000,0
1505579804,21593481,0.06846694,0.50000000,0
1505579799,21593477,0.06846694,0.50000000,0
1505579795,21593475,0.06846694,0.50000000,0
1505579791,21593474,0.06846692,0.50000000,0
1505579786,21593470,0.06846695,0.50000000,0
1505579781,21593466,0.06846700,0.50000000,0
1505579776,21593465,0.06846697,0.50000000,0
1505579771,21593459,0.06846700,0.50000000,0
1505579770,21593456,0.06830820,0.94473700,1
1505579765,21593448,0.06846100,0.50000000,0
1505579760,21593444,0.06847395,0.50000000,0
1505579755,21593438,0.06847396,0.50000000,0
1505579750,21593435,0.06847398,0.50000000,0
1505579745,21593433,0.06847399,0.12600000,0
1505579740,21593429,0.06847892,0.50000000,0
1505579736,21593422,0.06847899,0.50000000,0
1505579730,21593421,0.06849093,0.50000000,0
1505579725,21593420,0.06849095,0.50000000,0
1505579720,21593418,0.06849096,0.50000000,0
1505579715,21593415,0.06849100,0.50000000,0
1505579709,21593409,0.06849460,0.50000000,0
1505579704,21593408,0.06849461,0.50000000,0
1505579699,21593405,0.06849468,0.26965000,0
1505579694,21593393,0.06849500,0.26965000,0
1505579688,21593387,0.06850609,0.28500000,0
1505579683,21593385,0.06850642,0.50000000,0
1505579678,21593382,0.06850672,0.38000000,0
1505579672,21593378,0.06852156,0.50000000,0
1505579667,21593376,0.06852168,0.50000000,0
1505579624,21593349,0.06843500,1.24342400,1
1505579618,21593344,0.06845994,0.10518000,0
1505579611,21593336,0.06843500,0.74422589,1
1505579611,21593335,0.06846000,0.28500000,1
1505579611,21593334,0.06849000,0.03140711,1
1505579563,21593281,0.06849000,0.98559289,1
1505579529,21593260,0.06849024,1.52537400,1
1505579488,21593215,0.06855400,0.41343530,1
1505579487,21593214,0.06860300,0.19984700,1
1505579486,21593211,0.06860300,1.79953300,1
1505579475,21593200,0.06866100,0.22158400,1
1505579472,21593190,0.06866103,0.73453086,1
1505579472,21593189,0.06870100,1.26495914,1
1505579469,21593185,0.06870100,0.72269086,1
1505579464,21593183,0.06873200,1.26520100,1
1505579448,21593161,0.06872800,1.99979000,1
1505579447,21593157,0.06874600,1.98765000,1
1505579435,21593152,0.06877000,0.01193000,1
1505579425,21593150,0.06877000,1.98765000,1
1505579421,21593148,0.06877600,1.98765000,1
1505579400,21593076,0.06880300,1.98866812,1
1505579364,21593063,0.06883100,1.34906900,0
1505579364,21593062,0.06883000,1.98765000,0
1505579364,21593061,0.06883000,1.99988000,0
1505579349,21593052,0.06882600,1.34919900,0
1505579346,21593044,0.06881000,1.99969000,0
1505579346,21593043,0.06880999,0.29130700,0
1505579286,21592975,0.06867000,1.12140000,1
1505579211,21592955,0.06874600,1.98765000,0
1505579208,21592954,0.06864627,0.61401888,0
1505579165,21592931,0.06863831,1.43465000,1
1505579152,21592922,0.06864627,13.33700000,0
1505579036,21592884,0.06877147,1.43465500,1
1505579034,21592883,0.06878000,1.98765000,0
1505579028,21592879,0.06878000,1.99998000,1
1505579000,21592851,0.06892395,0.61242000,0
1505578964,21592837,0.06892399,2.79538000,0
1505578964,21592836,0.06891000,0.13462000,0
1505578869,21592769,0.06878000,0.32643000,1
1505578860,21592758,0.06876725,1.26800000,1
1505578853,21592747,0.06887996,0.30054573,1
1505578852,21592745,0.06878237,0.00000552,0
1505578852,21592743,0.06878237,0.21128100,0
1505578849,21592736,0.06876721,7.22798000,1
1505578846,21592730,0.06876721,0.63751800,1
1505578839,21592715,0.06876721,14.57648900,1
1505578823,21592691,0.06876721,3.04429400,1
1505578819,21592677,0.06876719,0.87523900,1
1505578819,21592675,0.06876720,2.93000000,1
1505578817,21592667,0.06876719,0.32557400,1
1505578816,21592659,0.06876719,0.92624300,1
1505578794,21592624,0.06878422,0.21133400,1
1505578788,21592610,0.06878422,0.18165000,1
1505578749,21592579,0.06890000,1.77696000,0
1505578740,21592575,0.06880328,0.25928997,0
1505578673,21592547,0.06880336,0.49999500,1
1505578659,21592542,0.06880335,0.47592160,1
1505578586,21592460,0.06882317,2.93000000,1
1505578558,21592449,0.06882315,0.49991922,1
1505578531,21592432,0.06897000,4.49796187,0
1505578512,21592421,0.06884000,0.13462000,1
1505578451,21592398,0.06884200,0.43648102,1
1505578402,21592368,0.06896999,3.87536000,1
1505578347,21592336,0.06895700,1.98765000,0
1505578339,21592331,0.06896998,4.39173976,0
1505578339,21592329,0.06885740,0.00063500,0
1505578329,21592318,0.06895500,0.90756000,1
1505578319,21592310,0.06895500,0.21912841,0
1505578316,21592303,0.06895500,0.90666348,0
1505578303,21592291,0.06897000,8.59542925,0
1505578303,21592290,0.06895500,1.99955000,0
1505578303,21592289,0.06894200,1.98765000,0
1505578303,21592288,0.06894197,1.89657575,0
1505578281,21592263,0.06879001,1.81157000,0
1505578273,21592244,0.06879000,0.32718500,1
1505578269,21592230,0.06879000,0.31991526,1
1505578262,21592221,0.06877507,0.20930200,1
1505578254,21592209,0.06893499,0.16398400,0
1505578244,21592199,0.06893600,1.98765000,0
1505578244,21592197,0.06893000,0.41990000,0
1505578242,21592196,0.06893589,0.60062500,0
1505578210,21592180,0.06878000,1.98765000,1
1505578190,21592173,0.06879700,0.34704900,1
1505578086,21592108,0.06892941,0.47834164,0
1505578085,21592104,0.06892939,0.49079038,0
1505578062,21592094,0.06879009,4.82675600,1
1505578053,21592092,0.06880001,1.99925000,1
1505578051,21592091,0.06880000,0.41990000,1
1505578040,21592086,0.06878403,1.99924000,1
1505578017,21592077,0.06890100,3.28615244,1
1505578017,21592076,0.06890100,0.30861100,1
1505578017,21592075,0.06890100,1.99955000,0
1505577941,21591996,0.06893000,0.11068900,0
1505577880,21591954,0.06886399,1.38000000,0
1505577880,21591953,0.06886399,1.55113272,0
1505577835,21591939,0.06886399,1.24337728,0
1505577827,21591932,0.06886399,0.13549000,0
1505577826,21591930,0.06886399,1.66355200,0
1505577792,21591906,0.06880299,0.70025071,0
1505577758,21591854,0.06857243,8.75310116,1
1505577758,21591853,0.06873201,0.29068884,1
1505577751,21591825,0.06876200,0.16706413,0
1505577751,21591824,0.06876200,1.82058587,1
1505577751,21591823,0.06876200,0.16706413,1
1505577750,21591821,0.06876202,1.27871887,1
1505577748,21591816,0.06876202,0.10000000,1
1505577732,21591783,0.06880028,0.49999500,0
1505577725,21591765,0.06881300,1.99989000,1
1505577717,21591748,0.06882000,0.41930000,1
1505577696,21591721,0.06896199,2.44897078,0
1505577629,21591607,0.06879015,0.11239000,1
1505577616,21591587,0.06894800,1.09744088,0
1505577616,21591586,0.06894400,1.98765000,0
1505577615,21591585,0.06894397,2.85575912,0
1505577578,21591517,0.06876803,0.70102344,1
1505577570,21591486,0.06892591,1.17857313,1
1505577566,21591466,0.06892592,1.73050932,0
1505577560,21591435,0.06878501,0.61199919,1
1505577559,21591434,0.06878500,1.98749626,0
1505577559,21591432,0.06878500,0.28000000,1
1505577559,21591431,0.06878500,0.66167435,1
1505577559,21591430,0.06878500,1.52832565,1
1505577558,21591428,0.06878500,0.45924396,1
1505577556,21591418,0.06878503,2.64924396,1
1505577553,21591396,0.06878500,0.28075604,1
1505577552,21591392,0.06878501,2.18489000,1
1505577551,21591388,0.06878500,0.74511000,0
1505577550,21591382,0.06878500,0.74511057,1
1505577548,21591377,0.06878500,1.24253943,1
1505577547,21591375,0.06882600,0.02227122,1
1505577538,21591345,0.06883800,1.08985700,0
1505577535,21591334,0.06882600,0.67178102,1
1505577534,21591329,0.06882600,0.23496257,1
1505577529,21591313,0.06881800,1.07094519,0
1505577524,21591301,0.06882800,1.98765000,1
1505577524,21591299,0.06884400,0.92859481,1
1505577524,21591297,0.06884400,1.07094519,1
1505577447,21591156,0.06896636,3.13410700,0
1505577221,21590958,0.06885898,3.63334661,0
1505577211,21590951,0.06885898,0.08281000,0
1505577181,21590910,0.06885897,0.51609800,0
1505577174,21590906,0.06885896,4.16730000,0
1505577162,21590899,0.06876400,1.27666400,0
1505577161,21590887,0.06876400,1.65333600,0
1505577161,21590875,0.06868095,1.99965000,1
1505577160,21590863,0.06868096,1.98765000,1
1505577160,21590857,0.06868096,0.19200000,1
1505577157,21590852,0.06868091,0.50000000,1
1505577155,21590851,0.06868094,2.93000000,1
1505577150,21590841,0.06875000,0.33431315,0
1505577150,21590835,0.06875000,3.67874492,0
1505577138,21590800,0.06870000,5.92660265,1
1505577137,21590799,0.06870000,0.41990000,0
1505577137,21590798,0.06870000,0.00000035,0
1505577136,21590796,0.06870000,1.01713400,0
1505577136,21590795,0.06869927,1.27268800,0
1505577136,21590794,0.06864892,2.93000000,0
1505577136,21590792,0.06854600,1.98765000,0
1505577136,21590791,0.06853700,1.99958000,0
1505577113,21590713,0.06853899,1.56775000,0
1505577113,21590712,0.06853899,0.41990000,0
1505577108,21590710,0.06853500,1.99983000,0
1505577098,21590705,0.06843500,1.99980000,1
1505577096,21590702,0.06844900,1.98765000,0
1505577091,21590693,0.06848000,0.41990000,1
1505577070,21590677,0.06850100,1.88797739,1
1505577070,21590676,0.06850315,3.71615661,1
1505577070,21590675,0.06850500,0.11150300,1
1505577069,21590674,0.06850500,1.87614700,1
1505577056,21590658,0.06850520,1.00002467,1
1505577001,21590629,0.06865997,1.00000000,0
1505576989,21590621,0.06864200,1.98765000,0
1505576984,21590613,0.06864396,2.93000000,0
1505576984,21590612,0.06846400,1.99925000,1
1505576984,21590611,0.06846401,0.30394554,1
1505576983,21590609,0.06864393,2.93000000,0
1505576866,21590552,0.06848608,5.54796677,1
1505576830,21590525,0.06867897,0.70898000,0
1505576821,21590515,0.06847851,1.27268300,1
1505576765,21590460,0.06847800,1.98765000,1
1505576763,21590457,0.06846464,6.09146003,0
1505576747,21590440,0.06869927,3.80421262,0
1505576683,21590406,0.06859601,1.83815300,0
1505576660,21590368,0.06853000,0.14621003,0
1505576657,21590358,0.06853994,0.36522016,0
1505576657,21590357,0.06843295,0.63477984,0
1505576631,21590306,0.06849600,1.89980994,0
1505576631,21590304,0.06845800,2.48603706,0
1505576628,21590291,0.06832008,0.30236344,0
1505576626,21590283,0.06833000,0.12440000,1
1505576624,21590277,0.06845100,0.64082964,0
1505576611,21590237,0.06846000,1.94869784,0
1505576611,21590236,0.06843295,2.20080000,0
1505576610,21590230,0.06843295,0.72920000,0
1505576607,21590211,0.06843298,1.23332696,0
1505576606,21590206,0.06843299,0.47972434,0
1505576599,21590160,0.06829008,0.17406699,0
1505576598,21590152,0.06829009,2.48603706,1
1505576597,21590150,0.06829008,1.90992500,1
1505576589,21590124,0.06838500,1.74653500,0
1505576587,21590108,0.06838500,0.24111500,0
1505576583,21590076,0.06837100,0.02181003,0
1505576583,21590074,0.06837100,0.22998054,0
1505576580,21590066,0.06837100,1.74779943,0
1505576579,21590065,0.06836900,0.25179057,0
1505576576,21590057,0.06836895,2.82849041,0
1505576573,21590043,0.06836900,1.73585943,0
1505576568,21590037,0.06830100,1.99922000,0
1505576567,21590033,0.06829200,1.98765000,0
1505576567,21590032,0.06826871,9.89691500,1
1505576565,21590022,0.06826874,4.52036400,1
1505576545,21589997,0.06818001,4.47734400,1
1505576543,21589993,0.06818001,1.00000000,1
1505576533,21589960,0.06826866,2.86340039,0
1505576533,21589958,0.06826863,9.90433961,0
1505576532,21589951,0.06826866,1.99983617,0
1505576532,21589950,0.06826866,1.98758960,0
1505576531,21589947,0.06826870,2.92996109,0
1505576529,21589946,0.06826874,0.23000000,0
1505576500,21589921,0.06826885,2.93000000,0
1505576465,21589913,0.06826900,0.82492098,0
1505576454,21589908,0.06826900,0.27637727,0
1505576454,21589907,0.06826900,0.53735956,0
1505576416,21589861,0.06814458,1.46988682,1
1505576416,21589860,0.06814600,1.98765000,1
1505576416,21589858,0.06814601,2.09275342,1
1505576416,21589857,0.06815300,1.99941000,1
1505576342,21589828,0.06830700,1.29470200,0
1505576321,21589824,0.06829300,0.21953933,0
1505576319,21589820,0.06830293,0.17053441,1
1505576282,21589803,0.06817526,0.44806025,1
1505576281,21589802,0.06817529,5.42358000,1
1505576144,21589683,0.06829500,0.19381500,0
1505576140,21589678,0.06829500,1.28022800,0
1505576139,21589677,0.06828000,0.11551200,0
1505576139,21589675,0.06827000,0.42080000,0
1505576136,21589669,0.06828000,0.16948800,0
1505575977,21589559,0.06828000,0.45013491,1
1505575977,21589558,0.06828004,2.90000000,1
1505575977,21589557,0.06828007,0.39995109,1
1505575970,21589554,0.06828007,1.79350900,1
1505575961,21589552,0.06832900,1.98765000,1
1505575954,21589549,0.06833100,1.99992000,1
1505575954,21589548,0.06835700,1.98765000,1
1505575953,21589547,0.06835703,1.57912000,1
1505575953,21589546,0.06839000,0.42080000,1
1505575940,21589537,0.06838300,0.82513900,1
1505575940,21589535,0.06839700,0.28500000,1
1505575939,21589532,0.06839700,1.71433000,1
1505575939,21589531,0.06841000,0.28500000,1
1505575936,21589528,0.06841003,1.16251100,1
1505575914,21589514,0.06845800,0.40557700,1
1505575905,21589506,0.06842002,1.83815300,1
1505575900,21589500,0.06842004,1.40523366,1
1505575900,21589499,0.06855846,0.83290534,1
1505575891,21589490,0.06850768,0.00000500,0
1505575887,21589488,0.06850768,0.23723500,0
1505575876,21589481,0.06850784,18.89080000,0
1505575876,21589480,0.06850784,0.16045800,0
1505575874,21589475,0.06850784,1.98765000,0
1505575871,21589473,0.06850600,0.42020000,1
1505575869,21589470,0.06850781,0.39770000,0
1505575867,21589468,0.06850600,1.03794600,1
1505575866,21589460,0.06850600,0.01204000,1
1505575865,21589458,0.06850800,1.98765000,1
1505575863,21589449,0.06856000,0.42020000,1
1505575844,21589442,0.06853003,0.43469995,1
1505575814,21589410,0.06867100,1.99955000,0
1505575814,21589409,0.06863700,1.98765000,0
1505575801,21589396,0.06858375,2.90000000,0
1505575741,21589374,0.06858368,0.57228400,0
1505575716,21589350,0.06855600,1.69000000,0
1505575706,21589342,0.06855000,0.28500000,0
1505575695,21589338,0.06852297,1.98765000,0
1505575689,21589285,0.06850700,0.09989900,0
1505575662,21589265,0.06843100,0.20061000,0
1505575657,21589262,0.06843100,0.33015900,0
1505575657,21589261,0.06843000,1.66930100,0
1505575653,21589255,0.06843000,0.31834900,0
1505575501,21589182,0.06825000,0.32391209,1
1505575480,21589173,0.06829000,1.50286100,1
1505575480,21589172,0.06829700,1.98765000,1
1505575469,21589158,0.06831600,1.98765000,1
1505575446,21589147,0.06832607,0.22633200,1
1505575441,21589144,0.06834400,0.34827500,1
1505575428,21589136,0.06835100,1.24668257,1
1505575325,21589056,0.06846699,0.01208000,0
1505575325,21589055,0.06846699,1.98765000,0
1505575324,21589051,0.06841601,8.06589292,1
1505575322,21589045,0.06841600,1.98765000,1
1505575308,21589039,0.06823940,3.99332000,1
1505575308,21589038,0.06838654,8.16960500,0
1505575306,21589034,0.06838651,1.62123542,0
1505575305,21589028,0.06841100,1.99950000,1
1505575305,21589026,0.06842700,1.98765000,1
1505575302,21589020,0.06843100,1.98765000,1
1505575301,21589018,0.06844000,1.99928000,1
1505575242,21588977,0.06843154,0.09616000,1
1505575199,21588963,0.06853996,1.90623500,0
1505575189,21588956,0.06854906,0.83804346,0
1505575189,21588955,0.06854600,1.98765000,0
1505575189,21588954,0.06849210,0.45737900,0
1505575189,21588953,0.06841760,0.75924300,0
1505575183,21588949,0.06854000,1.98765000,0
1505575183,21588948,0.06850499,0.09998290,0
1505575156,21588939,0.06841100,1.98765000,0
1505575149,21588937,0.06841700,1.99964000,0
1505575148,21588936,0.06840100,1.98765000,0
1505575140,21588931,0.06837100,1.98763400,0
1505575135,21588930,0.06835400,1.99951000,0
1505575124,21588924,0.06833000,1.98765000,0
1505575119,21588921,0.06831600,1.98765000,0
1505575119,21588920,0.06831599,0.48096800,0
1505575063,21588888,0.06819382,0.30703000,1
1505575061,21588885,0.06819378,0.15808304,0
1505575061,21588884,0.06817673,0.05820610,0
1505575061,21588882,0.06819371,0.09998290,1
1505574992,21588845,0.06819305,4.67080000,1
1505574985,21588830,0.06819304,1.05603842,1
1505574959,21588774,0.06822907,0.25816700,1
1505574885,21588749,0.06840200,1.98765000,0
1505574841,21588727,0.06838300,1.00000000,0
1505574836,21588724,0.06837899,0.06518126,0
1505574825,21588710,0.06837899,6.53484500,0
1505574823,21588708,0.06837899,1.98765000,0
1505574822,21588707,0.06837899,2.06510100,0
1505574801,21588682,0.06837489,0.58188800,0
1505574801,21588680,0.06837486,6.39578279,0
1505574763,21588647,0.06835497,1.98572538,0
1505574741,21588623,0.06826987,0.80373854,0
1505574722,21588581,0.06822311,2.90000000,1
1505574715,21588576,0.06828987,1.66337941,0
1505574696,21588546,0.06822306,1.84788400,1
1505574690,21588532,0.06831000,0.49206000,1
1505574641,21588502,0.06833976,0.57824594,0
1505574641,21588501,0.06833976,0.45705900,0
1505574638,21588495,0.06832000,0.32354500,0
1505574638,21588494,0.06831300,1.99901000,0
1505574618,21588462,0.06820504,2.19980908,1
1505574618,21588459,0.06828100,1.99924000,0
1505574616,21588451,0.06820501,8.71232000,1
1505574614,21588444,0.06820501,9.34020236,1
1505574605,21588404,0.06818014,2.63770124,1
1505574604,21588402,0.06830000,0.30604324,1
1505574604,21588401,0.06833300,1.17454192,1
1505574602,21588386,0.06833300,0.82489808,1
1505574599,21588375,0.06833300,1.28110948,1
1505574599,21588374,0.06834300,1.98765000,1
1505574594,21588366,0.06833300,0.47787500,1
1505574594,21588365,0.06835000,1.98765000,1
1505574562,21588279,0.06852587,5.73259469,0
1505574562,21588278,0.06852587,0.39542797,0
1505574556,21588247,0.06853874,2.50666775,0
1505574555,21588244,0.06837794,1.05820000,1
1505574536,21588197,0.06837793,2.89991357,1
1505574420,21588085,0.06851300,0.65797715,0
1505574417,21588079,0.06854233,0.37792100,0
1505574408,21588060,0.06836800,1.56428681,1
1505574408,21588059,0.06838000,0.28500000,1
1505574408,21588058,0.06839385,0.09480019,1
1505574407,21588055,0.06854275,1.54991500,0
1505574404,21588048,0.06854302,11.83364127,0
1505574301,21587975,0.06848877,2.83672783,0
1505574121,21587815,0.06848893,0.56806500,0
1505574067,21587770,0.06843089,0.26169100,0
1505574023,21587722,0.06843359,2.13154101,1
1505574023,21587721,0.06843358,7.59340199,0
1505574011,21587704,0.06834003,1.87093300,1
1505574002,21587672,0.06833900,1.82773900,1
1505574000,21587668,0.06833900,0.15991100,1
1505573998,21587662,0.06833601,0.15991025,1
1505573959,21587631,0.06850586,4.60287500,0
1505573956,21587629,0.06847952,1.52528700,0
1505573945,21587622,0.06847965,2.26770900,0
1505573937,21587616,0.06848600,1.98765000,0
1505573937,21587615,0.06848000,0.42000000,0
1505573892,21587530,0.06847897,12.19627699,0
1505573888,21587526,0.06848066,2.89999500,1
1505573888,21587525,0.06849000,0.42000000,1
1505573888,21587524,0.06850199,35.60612616,1
1505573888,21587523,0.06850202,1.98765000,1
1505573887,21587522,0.06848066,2.90000000,0
1505573885,21587510,0.06840000,1.98765000,0
1505573874,21587488,0.06830213,1.98765000,1
1505573873,21587487,0.06830042,23.01235000,0
1505573873,21587486,0.06830042,2.90000000,1
1505573873,21587485,0.06830200,1.98765000,1
1505573861,21587460,0.06848074,10.00000000,0
1505573805,21587325,0.06843500,1.99912000,0
1505573792,21587304,0.06830000,1.98765000,1
1505573785,21587297,0.06830000,1.07279111,1
1505573771,21587276,0.06830000,9.38195519,1
1505573771,21587275,0.06831134,0.13534851,1
1505573771,21587274,0.06831137,8.94351230,1
1505573725,21587228,0.06840997,0.82955000,0
1505573706,21587216,0.06853000,0.08511127,1
1505573705,21587215,0.06853000,0.73837700,1
1505573703,21587209,0.06853000,0.17651173,1
1505573701,21587207,0.06853699,1.50000000,0
1505573651,21587185,0.06840925,0.54202000,1
1505573646,21587180,0.06840917,0.54193035,1
1505573643,21587177,0.06840913,0.37946500,1
1505573633,21587147,0.06840901,1.03411869,1
1505573628,21587139,0.06840901,0.38561000,1
1505573623,21587131,0.06840816,8.78484366,1
1505573620,21587114,0.06840815,0.68861391,1
1505573581,21587068,0.06858633,0.25000000,0
1505573542,21587056,0.06858100,1.98765000,0
1505573538,21587051,0.06858897,0.32907700,0
1505573534,21587049,0.06836908,0.99991151,1
1505573522,21587044,0.06856511,0.35000000,0
1505573521,21587043,0.06836324,1.66832351,1
1505573518,21586992,0.06836323,0.51459314,1
1505573518,21586991,0.06845678,0.30031839,1
1505573518,21586990,0.06845678,0.00013847,1
1505573480,21586966,0.06845678,0.96656811,1
1505573478,21586958,0.06845684,0.17993292,1
1505573477,21586957,0.06845679,0.96662449,1
1505573464,21586945,0.06847202,2.87589004,1
1505573460,21586934,0.06850987,5.54901500,0
1505573458,21586931,0.06850000,2.00000000,1
1505573458,21586930,0.06850000,0.30000000,1
1505573458,21586928,0.06850000,7.78707954,1
1505573454,21586923,0.06851972,0.87656500,0
1505573454,21586922,0.06851004,0.28885752,1
1505573453,21586917,0.06851004,1.75156810,1
1505573438,21586882,0.06851003,0.50199949,1
1505573437,21586879,0.06850000,0.46947227,1
1505573434,21586875,0.06853001,0.93665976,1
1505573425,21586867,0.06853000,0.72588648,1
1505573415,21586851,0.06850020,1.11226000,0
1505573412,21586848,0.06850000,1.27325548,1
1505573411,21586842,0.06850020,1.98765000,0
1505573411,21586840,0.06853900,1.99921000,1
1505573410,21586837,0.06856803,0.37460624,1
1505573398,21586810,0.06858800,1.64670800,1
1505573393,21586807,0.06857800,1.17025600,1
1505573382,21586803,0.06874411,0.23642142,0
1505573380,21586799,0.06858100,0.24391300,1
1505573372,21586794,0.06859509,1.99977000,1
1505573367,21586793,0.06859508,0.82521500,1
1505573346,21586787,0.06863000,0.17299600,1
1505573336,21586782,0.06863000,0.72416000,1
1505573252,21586715,0.06875000,39.29214893,0
1505573252,21586713,0.06873488,0.67513607,0
1505573251,21586712,0.06875000,2.69479300,0
1505573251,21586711,0.06874400,1.99926000,0
1505573251,21586710,0.06874000,0.63737800,0
1505573250,21586707,0.06874000,1.35027200,0
1505573250,21586705,0.06873489,1.98765000,0
1505573222,21586669,0.06863000,0.17651173,1
1505573214,21586656,0.06871780,1.05522000,0
1505572967,21586590,0.06858015,6.00000000,1
1505572714,21586490,0.06864700,1.84939000,1
1505572714,21586489,0.06866000,0.15000000,1
1505572673,21586469,0.06871299,1.22000000,0
1505572672,21586468,0.06871299,1.68141900,0
1505572629,21586459,0.06871299,0.21858100,0
1505572624,21586456,0.06871299,1.00000000,0
1505572609,21586446,0.06868300,1.27818700,0
1505572602,21586444,0.06868300,0.09987610,0
1505572594,21586441,0.06866900,1.79931800,0
1505572585,21586433,0.06866899,1.60386338,0
1505572584,21586432,0.06866899,0.21149300,0
1505572583,21586431,0.06866700,1.98765000,0
1505572583,21586430,0.06866699,0.19991262,0
1505572572,21586426,0.06850750,0.14596942,1
1505572563,21586421,0.06850735,0.10000000,1
1505572545,21586419,0.06865880,2.88785200,0
1505572543,21586416,0.06850706,0.59149700,1
1505572535,21586414,0.06865884,4.46936100,0
1505572535,21586413,0.06865884,1.98757493,0
1505572535,21586412,0.06865884,1.71530083,0
1505572535,21586411,0.06865881,12.16608065,0
1505572506,21586406,0.06866888,0.14307312,0
1505572479,21586393,0.06850631,1.05228400,1
1505572465,21586388,0.06869350,0.22000000,0
1505572429,21586378,0.06869400,0.15255757,0
1505572417,21586377,0.06869881,0.19000000,0
1505572379,21586326,0.06856400,0.28386917,1
1505572379,21586324,0.06856700,0.00013083,1
1505572379,21586322,0.06856700,1.00555778,1
1505572377,21586317,0.06856700,0.98196139,1
1505572376,21586316,0.06860000,1.01713435,1
1505572373,21586299,0.06861134,4.46999500,1
1505572370,21586286,0.06861134,3.35607731,1
1505572369,21586283,0.06861131,1.30508393,1
1505572368,21586281,0.06861133,1.01698863,1
1505572367,21586280,0.06861129,2.14482500,0
1505572361,21586266,0.06861129,1.94871194,1
1505572360,21586264,0.06861128,7.91591413,0
1505572358,21586259,0.06861128,1.11375000,1
1505572357,21586253,0.06861128,9.27087778,1
1505572352,21586238,0.06861127,8.36520200,1
1505572331,21586211,0.06861101,0.25338499,1
1505572331,21586210,0.06861101,3.07224553,1
1505572331,21586209,0.06864000,0.28400000,1
1505572314,21586185,0.06865003,1.25772000,1
1505572242,21586127,0.06882089,0.66706000,0
1505572201,21586078,0.06882281,13.38010000,0
1505572152,21586055,0.06869100,1.99927000,1
1505572115,21586039,0.06883188,0.88738743,0
1505572103,21586026,0.06875200,1.98765000,0
1505572101,21586023,0.06875200,0.01210000,0
1505572101,21586022,0.06875000,1.98765000,0
1505572094,21586019,0.06873400,1.98765000,0
1505572094,21586018,0.06871700,0.01208000,0
1505572094,21586017,0.06871700,1.98765000,0
1505572085,21586008,0.06869199,2.72279000,0
1505572085,21586007,0.06869199,0.10537583,0
1505571949,21585891,0.06869199,0.08063764,0
1505571896,21585859,0.06859001,14.10550896,1
1505571820,21585792,0.06862600,1.28102000,1
1505571786,21585772,0.06861900,1.76877950,0
1505571784,21585771,0.06859000,0.09303050,0
1505571731,21585737,0.06858999,0.00000026,0
1505571724,21585733,0.06858999,1.98764974,0
1505571724,21585732,0.06858999,3.44031726,0
1505571724,21585731,0.06858999,1.99901000,0
1505571668,21585692,0.06850000,0.52303942,1
1505571668,21585691,0.06854000,3.14461429,1
1505571667,21585690,0.06854000,0.85538571,1
1505571667,21585689,0.06854278,0.24092037,1
1505571667,21585688,0.06856002,3.60222692,1
1505571667,21585687,0.06857000,1.99901000,1
1505571667,21585686,0.06859000,1.98765000,1
1505571667,21585684,0.06865701,0.19000000,1
1505571666,21585683,0.06865701,1.56000000,1
1505571666,21585681,0.06865701,1.15281247,1
1505571570,21585644,0.06865701,0.18476000,1
1505571564,21585639,0.06865701,1.56242753,1
1505571564,21585638,0.06866000,0.18601347,1
1505571558,21585635,0.06882903,0.20000000,0
1505571320,21585444,0.06884909,1.00000000,0
1505571315,21585440,0.06866500,1.68587000,1
1505571315,21585439,0.06867000,1.98765000,1
1505571315,21585438,0.06867003,2.72279000,1
1505571166,21585323,0.06883886,1.46015000,0
1505571161,21585320,0.06883905,1.30172357,0
1505570978,21585223,0.06874900,1.98765000,1
1505570883,21585192,0.06890900,0.40000000,0
1505570869,21585188,0.06889897,1.26264000,0
1505570834,21585158,0.06876300,1.38629500,1
1505570831,21585156,0.06876300,0.61367500,1
1505570803,21585138,0.06879000,0.18476000,1
1505570764,21585116,0.06886999,0.63536190,0
1505570764,21585115,0.06886000,1.99985000,0
1505570763,21585112,0.06885999,0.36478810,0
1505570708,21585097,0.06876868,0.66226040,0
1505570708,21585096,0.06876000,0.40429660,0
1505570708,21585095,0.06875000,0.28400000,0
1505570698,21585086,0.06872020,3.56796000,1
1505570692,21585078,0.06876610,0.01450340,1
1505570690,21585076,0.06876610,0.63571000,1
1505570617,21584987,0.06877067,0.68734000,1
1505570614,21584981,0.06877053,0.68621800,1
1505570609,21584970,0.06877038,0.97366103,1
1505570609,21584969,0.06877041,1.47702797,1
1505570531,21584896,0.06889900,0.19670000,0
1505570522,21584884,0.06898992,0.19670033,0
1505570516,21584876,0.06878025,0.27343606,1
1505570510,21584860,0.06878024,1.07866386,1
1505570510,21584859,0.06882400,1.99957000,1
1505570510,21584858,0.06882900,1.98765000,1
1505570509,21584856,0.06884000,0.12823100,1
1505570509,21584853,0.06884000,0.29056900,1
1505570506,21584843,0.06884003,1.03138125,1
1505570465,21584791,0.06888103,1.98765000,1
1505570455,21584782,0.06888700,1.98765000,1
1505570455,21584781,0.06891900,1.99983000,1
1505570455,21584780,0.06892000,0.28400000,1
1505570454,21584779,0.06893315,0.19338564,1
1505570442,21584760,0.06893314,0.72246818,1
1505570437,21584757,0.06907913,0.22457922,0
1505570413,21584743,0.06893314,2.99101366,1
1505570412,21584739,0.06893314,0.02013000,1
1505570383,21584717,0.06893545,1.99898634,1
1505570383,21584716,0.06893548,3.30101366,1
1505570377,21584714,0.06906494,2.28422000,0
1505570346,21584693,0.06903600,1.98554700,0
1505570328,21584666,0.06884003,0.10000000,1
1505570320,21584656,0.06900600,1.15866800,0
1505570319,21584655,0.06900600,0.01170000,0
1505570319,21584654,0.06898600,1.98765000,0
1505570312,21584646,0.06898200,0.23000000,0
1505570279,21584604,0.06881003,7.49566300,1
1505570268,21584595,0.06894500,1.33021974,0
1505570254,21584579,0.06890713,0.00012334,0
1505570254,21584578,0.06891479,3.84764026,1
1505570253,21584574,0.06890000,0.00005802,0
1505570252,21584572,0.06890000,0.65852098,0
1505570252,21584571,0.06890000,1.32907100,0
1505570249,21584566,0.06891478,0.19981807,0
1505570248,21584565,0.06890000,0.14524293,0
1505570241,21584557,0.06881000,0.13200000,0
1505570237,21584554,0.06880008,0.41840000,1
1505570237,21584553,0.06880008,1.13444700,1
1505570235,21584552,0.06880007,0.02068300,1
1505570235,21584551,0.06881000,0.13200000,1
1505570212,21584543,0.06891958,0.87060300,0
1505570211,21584542,0.06891958,1.20174400,0
1505570210,21584541,0.06891959,0.87060300,0
1505570209,21584540,0.06891959,0.87060300,0
1505570208,21584539,0.06891959,0.87060300,0
1505570207,21584538,0.06891972,0.87060300,0
1505570203,21584536,0.06891000,0.24570500,0
1505570200,21584534,0.06891000,0.15945207,0
1505570200,21584533,0.06879309,1.98643900,1
1505570184,21584525,0.06892984,10.89680000,0
1505570166,21584514,0.06879303,3.62172300,1
1505570166,21584513,0.06880000,0.41840000,1
1505570110,21584492,0.06882803,6.30800000,1
1505570089,21584460,0.06890977,1.95801268,0
1505570089,21584456,0.06890977,10.80469717,0
1505570087,21584452,0.06890991,14.19522311,1
1505570084,21584438,0.06891003,1.09191300,0
1505570082,21584430,0.06891004,2.60959300,0
1505570080,21584428,0.06891004,0.40100000,0
1505570078,21584415,0.06891018,0.08750859,0
1505570074,21584402,0.06882802,0.11548707,1
1505570072,21584396,0.06882802,0.49683255,1
1505570061,21584380,0.06901225,9.41701890,0
1505570061,21584378,0.06900500,1.99944000,0
1505570013,21584290,0.06891046,1.99977000,1
1505570000,21584252,0.06891043,1.26339100,1
1505569987,21584226,0.06891043,1.87092300,1
1505569987,21584225,0.06891043,8.58103200,1
1505569986,21584223,0.06891043,1.87092300,1
1505569986,21584220,0.06891043,2.37590300,1
1505569986,21584219,0.06891043,5.66691000,1
1505569986,21584217,0.06891043,2.13554900,1
1505569985,21584215,0.06891043,1.11163300,1
1505569978,21584202,0.06891043,2.56212700,1
1505569978,21584201,0.06891043,2.37590261,1
1505569974,21584196,0.06891043,1.75740000,1
1505569964,21584186,0.06891043,0.39136290,1
1505569964,21584185,0.06891044,0.09339510,1
1505569874,21584100,0.06891011,1.10266400,1
1505569870,21584094,0.06891008,1.37000000,0
1505569845,21584073,0.06891000,0.00000011,0
1505569838,21584057,0.06890997,0.98128100,1
1505569838,21584055,0.06890997,0.61511000,1
1505569829,21584043,0.06890992,0.98128100,1
1505569801,21584007,0.06890988,1.27021700,1
1505569801,21584005,0.06890988,0.16231422,1
1505569801,21584004,0.06890988,2.21843370,1
1505569801,21584003,0.06890988,3.34894600,1
1505569796,21583995,0.06890988,2.21852000,1
1505569785,21583984,0.06890988,2.38083400,1
1505569750,21583963,0.06890988,0.63003644,1
1505569747,21583961,0.06890988,9.25781900,1
1505569745,21583956,0.06890988,25.00000000,1
1505569714,21583933,0.06890902,3.33575100,1
1505569711,21583925,0.06890902,4.40798900,1
1505569698,21583909,0.06890902,0.29022500,1
1505569657,21583887,0.06890902,0.28400000,1
1505569656,21583886,0.06891000,0.93491500,0
1505569656,21583885,0.06891000,0.41780000,0
1505569637,21583867,0.06890902,0.14511889,1
1505569635,21583861,0.06890902,0.37659000,1
1505569625,21583836,0.06890902,0.37665900,1
1505569623,21583828,0.06890902,0.14511889,1
1505569620,21583820,0.06890902,0.18032990,1
1505569620,21583817,0.06891000,0.93500000,1
1505569575,21583780,0.06895987,1.43088513,1
1505569574,21583769,0.06895986,1.12559793,0
1505569488,21583633,0.06890901,4.12536600,1
1505569472,21583615,0.06890901,3.50325000,1
1505569472,21583614,0.06892000,0.41780000,1
1505569462,21583598,0.06890901,0.84245200,1
1505569432,21583556,0.06890901,4.44109200,1
1505569364,21583474,0.06899500,1.98765000,1
1505569364,21583473,0.06900000,0.28400000,1
1505569364,21583472,0.06900000,29.50017391,1
1505569364,21583471,0.06900003,7.47757352,1
1505569354,21583467,0.06905300,1.99932000,1
1505569354,21583466,0.06906000,1.98765000,1
1505569345,21583463,0.06906000,1.98765000,1
1505569341,21583460,0.06915996,0.08287367,1
1505569338,21583456,0.06915996,0.19991324,1
1505569337,21583451,0.06915996,0.11800000,1
1505569333,21583447,0.06915997,1.62790884,0
1505569332,21583446,0.06915997,2.89999500,0
1505569300,21583387,0.06916875,0.20474106,0
1505569286,21583372,0.06904600,1.98765000,1
1505569275,21583352,0.06917987,0.20000000,0
1505569242,21583293,0.06921000,0.28300000,0
1505569234,21583268,0.06919991,2.64556900,0
1505569195,21583187,0.06903300,0.60705262,1
1505569195,21583186,0.06904000,0.28300000,1
1505569187,21583178,0.06918600,0.82053300,0
1505569186,21583176,0.06918600,1.07876000,0
1505569186,21583175,0.06918599,0.08729000,0
1505569186,21583172,0.06918599,1.90036000,0
1505569176,21583131,0.06918597,0.20410068,0
1505569157,21583044,0.06901000,0.09859153,1
1505569152,21583009,0.06903000,0.19991324,1
1505569148,21582991,0.06917400,1.98765000,0
1505569148,21582989,0.06917399,1.99927000,0
1505569148,21582987,0.06917399,16.08799114,0
1505569146,21582971,0.06901600,1.27111143,1
1505569142,21582943,0.06909797,0.10000000,0
1505569134,21582894,0.06901600,0.72816857,1
1505569130,21582875,0.06909800,1.99989000,1
1505569115,21582802,0.06910100,1.98765000,1
1505569073,21582718,0.06914000,3.33565683,1
1505569073,21582717,0.06914000,1.58580200,1
1505569073,21582716,0.06914000,0.21570373,1
1505569069,21582711,0.06914000,0.39654027,1
