date,tid,price,amount,type
1505606395,21611537,215.67,0.74940000,0
1505606343,21611503,215.67,4.25060000,0
1505606343,21611502,215.66,0.36940000,0
1505606306,21611488,215.90,1.37900000,0
1505606199,21611458,215.85,3.15821000,0
1505606199,21611457,215.84,1.09079000,0
1505606198,21611456,215.84,0.37100000,0
1505606187,21611452,214.63,0.83435580,1
1505606183,21611451,215.96,1.08000000,1
1505606183,21611450,215.96,3.53950000,1
1505606177,21611448,215.90,0.38050000,0
1505606177,21611447,215.96,0.70000000,1
1505606177,21611446,215.96,3.92000000,1
1505606173,21611445,215.95,3.90971000,1
1505606173,21611443,215.96,1.09079000,1
1505606168,21611442,215.90,0.00440460,0
1505606168,21611441,215.95,0.39000000,1
1505606168,21611440,215.95,4.23669540,1
1505606167,21611439,215.96,0.36940000,1
1505606161,21611438,215.90,0.38330460,0
1505606161,21611437,215.95,0.83000000,1
1505606161,21611436,215.95,0.37000000,1
1505606160,21611435,215.95,3.41719540,1
1505606159,21611431,215.95,0.83330460,1
1505606150,21611429,215.94,0.36950000,0
1505606129,21611428,216.26,0.26335000,1
1505606127,21611426,216.26,0.71589870,1
1505606053,21611404,216.05,3.75783180,0
1505606052,21611403,215.50,4.97000000,0
1505606052,21611402,215.49,1.09318000,0
1505606046,21611399,215.50,0.03000000,0
1505605905,21611381,215.46,0.05458090,1
1505605904,21611380,215.46,4.42634366,1
1505605902,21611379,215.47,0.36950000,1
1505605896,21611378,215.47,8.53582000,0
1505605892,21611376,215.46,0.57365634,1
1505605890,21611374,215.48,1.09318000,1
1505605890,21611373,215.48,0.37100000,1
1505605562,21611308,214.92,3.00000000,1
1505604856,21611108,214.78,3.49256400,0
1505604856,21611106,214.78,1.12743600,0
1505604847,21611098,214.70,0.00000539,0
1505604845,21611097,214.70,4.90412000,0
1505604813,21611084,214.70,0.43807814,0
1505604813,21611083,214.69,0.00347186,0
1505604807,21611078,214.69,0.36602814,0
1505604676,21611061,214.69,0.17512326,0
1505604658,21611040,214.69,0.92205677,0
1505604627,21611009,214.16,0.36000000,1
1505604627,21611008,214.70,5.95366271,0
1505604626,21611007,214.69,0.37000000,0
1505604626,21611006,214.15,0.34728729,0
1505604625,21611004,214.15,0.36950000,1
1505604624,21611003,214.71,0.71233003,1
1505604618,21611002,214.73,0.72000000,0
1505604618,21611001,214.73,3.90491569,0
1505604615,21610999,214.73,0.71508431,1
1505604599,21610996,214.98,3.90172894,0
1505604593,21610995,214.97,0.95923075,0
1505604542,21610960,214.74,0.88000000,1
1505604542,21610959,214.75,6.08336838,1
1505604542,21610958,214.75,0.14963162,0
1505604541,21610957,214.75,0.56515301,1
1505604531,21610956,215.49,13.36824602,0
1505604531,21610955,215.49,0.00000470,1
1505604531,21610954,215.49,0.43292559,1
1505604531,21610952,215.50,0.09034000,1
1505604531,21610951,215.50,0.21885006,1
1505604531,21610950,215.52,4.40000000,1
1505604442,21610920,215.50,0.71233003,1
1505604430,21610919,215.49,0.07534441,1
1505604430,21610918,215.49,0.20178173,1
1505604430,21610917,215.74,0.29451000,1
1505604289,21610842,216.00,0.38218814,0
1505604289,21610841,215.95,0.29425186,0
1505604259,21610811,215.95,0.09457685,0
1505604216,21610806,215.95,0.70640129,0
1505603998,21610768,215.56,0.09482192,1
1505603996,21610767,215.78,0.37000000,1
1505603996,21610766,216.00,0.29199631,1
1505603849,21610739,216.00,0.36850000,1
1505603844,21610738,216.00,0.13772196,1
1505603783,21610731,216.00,0.20178173,1
1505603627,21610655,217.05,0.23127804,0
1505603627,21610654,215.66,2.83627000,1
1505603627,21610653,215.70,1.70000000,1
1505603626,21610652,216.29,1.09523000,1
1505603626,21610651,216.30,0.36850000,1
1505603585,21610631,216.19,1.09574000,1
1505603578,21610628,216.18,0.00000470,0
1505603577,21610627,216.18,0.50827000,0
1505603576,21610626,216.18,0.20178173,1
1505603566,21610619,216.38,2.29097902,1
1505603565,21610618,216.43,0.70685209,1
1505603565,21610615,216.57,0.22057000,1
1505603565,21610612,216.58,0.36900000,1
1505603564,21610611,216.59,1.98757339,0
1505603563,21610610,216.59,0.42502550,1
1505603531,21610609,217.16,0.35563639,0
1505603529,21610608,217.13,0.22000000,0
1505603506,21610604,216.71,0.87517000,1
1505603447,21610578,217.16,0.20758887,0
1505603445,21610574,216.95,0.36690000,0
1505603276,21610539,216.64,0.22000000,1
1505603143,21610520,217.16,7.87712765,1
1505603142,21610519,217.17,0.36690000,1
1505602979,21610495,217.95,4.84119798,0
1505602978,21610494,217.96,2.72333770,1
1505602978,21610493,217.96,1.00000000,1
1505602977,21610492,217.96,1.01198500,1
1505602964,21610488,217.96,0.73467730,1
1505602962,21610487,217.73,0.53000000,0
1505602838,21610471,217.72,0.02755833,0
1505602817,21610469,217.22,0.76223563,1
1505602649,21610432,217.98,0.64426074,0
1505602649,21610431,217.69,1.03827750,0
1505602647,21610430,217.59,0.55000000,0
1505602426,21610366,217.16,0.70685209,1
1505602422,21610360,217.16,0.71000000,1
1505602421,21610359,217.16,0.36690000,1
1505602421,21610356,217.12,0.45297538,0
1505602421,21610355,217.11,1.09054000,0
1505602420,21610354,216.80,0.00425288,0
1505602418,21610348,216.80,0.70574712,1
1505602408,21610338,217.12,2.29711680,0
1505602287,21610291,217.58,4.29898677,1
1505602287,21610290,217.58,0.70574712,0
1505602265,21610283,216.85,9.14308464,1
1505602256,21610276,216.88,3.26000000,1
1505602256,21610275,216.89,1.09054000,1
1505602255,21610274,216.90,0.34999500,1
1505602255,21610273,216.90,0.36879500,1
1505602252,21610272,216.90,1.00000000,1
1505602245,21610271,217.26,0.36690000,1
1505602222,21610265,217.21,2.94976055,1
1505602221,21610263,217.22,0.80230800,0
1505602216,21610261,217.59,0.80141550,1
1505602215,21610260,217.50,1.00000000,0
1505602215,21610259,217.44,0.03000000,0
1505602215,21610258,217.44,1.09000000,1
1505602211,21610256,217.19,0.72165700,0
1505602210,21610254,217.19,0.36740000,1
1505602186,21610241,217.16,6.88000000,1
1505602186,21610240,217.16,8.04013542,0
1505602185,21610238,217.15,6.87999500,1
1505602185,21610237,217.16,13.75523500,0
1505602185,21610236,217.14,0.35000000,0
1505602184,21610235,217.09,0.36880000,0
1505602184,21610234,216.86,0.00006500,0
1505602168,21610232,216.86,0.54993500,0
1505601874,21610173,216.56,0.19121071,0
1505601874,21610172,216.68,0.36878929,1
1505601873,21610168,216.68,4.62000000,0
1505601873,21610167,216.68,0.49828271,0
1505601873,21610166,216.68,0.36879500,0
1505601750,21610137,216.70,0.19685700,0
1505601713,21610119,216.70,1.09348800,0
1505601696,21610109,216.70,1.00096908,0
1505601549,21610087,216.81,0.20796500,0
1505601371,21610045,216.78,0.02761529,1
1505601371,21610044,216.78,0.05522535,1
1505601368,21610041,216.77,0.07081744,0
1505601320,21610014,216.27,1.46000000,1
1505601320,21610013,216.27,0.23000000,0
1505601320,21610012,216.27,0.00000046,0
1505601320,21610011,216.27,2.93328000,0
1505601319,21610009,216.27,1.45980800,0
1505601318,21610008,216.27,0.22691154,1
1505601318,21610007,216.27,0.35000000,1
1505601317,21610006,216.27,4.26936996,1
1505601317,21610005,216.27,0.35063004,1
1505601307,21610001,216.26,4.36454140,1
1505601307,21610000,216.37,1.09155000,1
1505601307,21609999,216.38,0.17510860,1
1505601307,21609998,216.38,0.36880000,1
1505601232,21609979,216.86,0.29818256,0
1505601228,21609977,216.87,0.36882176,0
1505601227,21609975,216.86,1.08893823,0
1505601187,21609956,216.24,0.09672489,1
1505601187,21609955,216.24,0.16538103,1
1505601185,21609952,216.25,0.36900000,1
1505601177,21609946,217.06,1.75212100,0
1505601164,21609935,216.20,5.53601398,1
1505601163,21609934,216.21,14.46398602,1
1505601154,21609924,216.44,0.02619408,0
1505601154,21609919,216.19,0.11619408,1
1505601095,21609873,216.50,0.08000000,1
1505601087,21609868,216.51,1.08912500,1
1505601087,21609867,216.57,0.03364049,1
1505601077,21609861,217.16,0.55876800,0
1505601077,21609860,217.15,0.35000000,0
1505601076,21609859,216.61,0.55206200,0
1505601062,21609842,216.61,1.55664800,0
1505601062,21609840,216.60,3.50000000,0
1505601023,21609821,216.61,0.89129000,0
1505601016,21609808,216.61,0.19764823,0
1505601015,21609807,216.61,1.08913500,1
1505601015,21609806,216.61,1.54256500,1
1505601015,21609805,216.64,0.17065177,1
1505601012,21609800,217.15,1.10274600,0
1505601011,21609799,216.63,3.00000000,1
1505601006,21609793,217.16,1.42059500,0
1505601005,21609790,216.61,1.08913500,0
1505601004,21609786,216.61,0.45343500,0
1505601004,21609785,216.60,1.08913000,0
1505600979,21609779,216.62,1.08913000,1
1505600979,21609778,216.64,0.36830000,1
1505600938,21609755,217.16,0.46482192,0
1505600937,21609754,217.15,0.21166860,0
1505600862,21609684,216.47,4.62000000,0
1505600851,21609666,217.16,0.42191803,0
1505600839,21609656,217.16,0.33852663,0
1505600839,21609655,217.05,0.70721628,0
1505600804,21609615,217.00,0.08000000,0
1505600803,21609613,217.00,0.10000000,0
1505600803,21609612,216.45,0.00000544,0
1505600769,21609591,216.45,9.32557500,0
1505600759,21609567,216.45,0.12000000,0
1505600756,21609561,216.45,4.43185300,0
1505600756,21609560,216.45,55.22744000,0
1505600752,21609552,216.45,1.12337700,0
1505600749,21609538,216.45,0.40856800,0
1505600748,21609537,216.45,5.19403500,0
1505600747,21609536,216.45,2.60960000,0
1505600747,21609535,216.44,0.11000000,0
1505600653,21609461,216.45,4.35609000,0
1505600650,21609458,216.45,1.91300000,0
1505600649,21609457,216.45,1.62459600,0
1505600648,21609456,216.45,1.96255000,0
1505600648,21609455,216.45,2.73585600,0
1505600639,21609444,216.45,0.04535654,0
1505600617,21609437,216.45,1.02774000,0
1505600610,21609433,216.45,0.48086850,0
1505600609,21609430,216.45,0.89328000,0
1505600609,21609429,216.44,0.11000000,0
1505600568,21609415,216.37,1.35303197,0
1505600567,21609414,216.37,0.14000000,0
1505600567,21609413,216.37,0.19000000,0
1505600567,21609412,216.37,0.58517000,0
1505600567,21609411,216.37,4.09208820,0
1505600567,21609410,216.37,0.18000000,0
1505600567,21609409,216.37,0.36024049,0
1505600567,21609408,216.37,0.21000000,0
1505600567,21609406,216.37,0.25000000,0
1505600567,21609405,216.37,0.23000000,0
1505600567,21609404,216.37,1.98225734,0
1505600551,21609371,216.37,0.70721628,0
1505600516,21609321,216.37,0.05515303,0
1505600516,21609320,216.37,0.12000000,0
1505600516,21609319,216.37,0.12000000,0
1505600516,21609317,216.37,0.12000000,0
1505600516,21609315,216.37,0.12000000,0
1505600516,21609314,216.37,0.12000000,0
1505600516,21609312,216.37,0.15000000,0
1505600516,21609311,216.37,0.16446697,0
1505600515,21609310,216.36,0.14000000,0
1505600485,21609294,216.31,4.56942759,0
1505600474,21609288,216.31,4.67142471,0
1505600464,21609272,216.32,0.32073319,0
1505600463,21609270,216.32,0.17000000,0
1505600463,21609269,216.32,1.09063000,0
1505600430,21609162,215.88,1.35303700,1
1505600425,21609151,215.88,0.14000000,1
1505600412,21609109,215.89,0.04613929,0
1505600400,21609065,215.89,0.11000000,0
1505600399,21609059,215.88,0.19000000,1
1505600382,21609006,215.88,0.58517000,1
1505600375,21608969,215.88,4.09208820,1
1505600372,21608964,215.88,0.18000000,1
1505600363,21608925,215.88,0.36024049,1
1505600359,21608911,215.88,0.21000000,1
1505600346,21608889,215.88,0.25000000,1
1505600333,21608804,215.88,0.23000000,1
1505600332,21608800,215.88,2.74462665,1
1505600320,21608712,215.88,0.12000000,1
1505600306,21608688,215.88,0.12000000,1
1505600293,21608680,215.88,0.12000000,1
1505600280,21608660,215.88,0.12000000,1
1505600267,21608646,215.88,0.12000000,1
1505600254,21608621,215.88,0.15000000,1
1505600170,21608501,216.00,0.44981985,0
1505600160,21608499,215.88,0.16446697,1
1505600160,21608498,215.91,0.02570061,1
1505600160,21608497,215.91,0.47459863,1
1505600144,21608487,215.91,0.61603137,1
1505599917,21608341,216.45,4.84045287,0
1505599917,21608340,216.44,0.53000000,0
1505599917,21608339,216.43,0.11000000,0
1505599917,21608338,216.38,0.15004713,0
1505599917,21608336,216.36,0.36950000,0
1505599883,21608322,216.40,0.23045287,0
1505599838,21608303,215.60,0.38050000,1
1505599838,21608301,215.60,0.36950000,1
1505599712,21608268,216.44,0.28000000,0
1505599667,21608255,216.45,0.06272368,0
1505599667,21608254,216.44,1.05000000,0
1505599667,21608253,216.00,0.34721953,0
1505599627,21608239,215.86,0.56994700,0
1505599597,21608230,216.00,1.08656621,0
1505599597,21608229,216.00,1.50970681,0
1505599597,21608228,215.99,1.08883000,0
1505599570,21608212,215.67,0.23000000,1
1505599451,21608120,215.89,0.37440907,0
1505599388,21608103,215.86,0.35000000,1
1505599319,21608090,215.89,0.33066157,0
1505599319,21608089,215.70,0.01997996,0
1505599318,21608084,215.70,0.33002004,0
1505599240,21608047,215.89,5.64492936,0
1505599239,21608040,215.16,0.39443089,0
1505599239,21608039,215.35,0.16389372,1
1505599239,21608038,215.35,2.46922992,0
1505599238,21608037,215.35,0.46652527,1
1505599237,21608035,215.67,0.03345863,1
1505599237,21608034,215.67,0.50883000,1
1505599189,21608012,215.67,0.58000000,1
1505599187,21608010,216.44,1.61031832,0
1505599187,21608009,216.44,1.22533358,0
1505599185,21608002,216.23,0.53000000,0
1505599145,21607993,216.44,1.00466642,0
1505598986,21607952,216.44,0.46086675,0
1505598967,21607943,216.45,1.23471892,0
1505598966,21607942,216.45,1.52437476,0
1505598966,21607941,216.45,2.99285526,0
1505598966,21607940,216.45,1.80741371,0
1505598966,21607938,216.44,2.74000000,0
1505598966,21607937,216.43,9.19553553,0
1505598926,21607913,216.40,0.46652527,0
1505598925,21607911,216.39,2.90000000,0
1505598599,21607778,216.88,0.89874044,1
1505598598,21607777,216.88,4.10000000,1
1505598598,21607776,216.28,1.00125956,0
1505598597,21607775,215.47,2.68774374,1
1505598431,21607725,215.81,1.00000000,1
1505598228,21607640,215.83,0.38000000,1
1505598183,21607584,215.60,0.41000000,1
1505598164,21607555,216.95,0.16487669,1
1505598163,21607554,216.51,1.80045646,0
1505598163,21607552,215.96,0.53000000,0
1505598163,21607549,215.95,1.08741000,0
1505598162,21607548,215.86,0.00259000,0
1505598153,21607538,215.54,3.04749844,1
1505598107,21607448,215.61,1.07000000,1
1505598081,21607409,215.86,1.08741000,1
1505598043,21607378,215.85,0.63000000,1
1505598043,21607377,216.01,0.10000000,1
1505597974,21607313,216.14,0.00138796,0
1505597973,21607307,216.14,0.10000000,0
1505597962,21607288,216.14,0.07678696,0
1505597962,21607284,216.00,0.02328706,0
1505597961,21607281,216.00,0.10013888,0
1505597942,21607263,216.00,0.31615740,0
1505597932,21607242,216.00,1.06041666,0
1505597870,21607210,215.60,0.39620200,1
1505597735,21607177,215.98,3.01009352,0
1505597728,21607166,215.50,0.71508431,0
1505597727,21607161,215.36,3.32785350,0
1505597727,21607160,215.35,0.63028826,0
1505597714,21607133,215.35,0.62947301,0
1505597711,21607130,215.36,4.88683884,0
1505597711,21607128,215.35,0.05282316,0
1505597706,21607126,215.26,0.19992728,1
1505597702,21607119,215.36,3.06236069,0
1505597700,21607114,215.22,0.08334500,0
1505597699,21607112,215.21,0.20006504,0
1505597690,21607107,214.12,0.73505726,1
1505597681,21607101,214.07,0.36000000,1
1505597649,21607071,215.20,0.22569046,0
1505597632,21607061,215.22,2.64408024,0
1505597619,21607049,215.24,0.31657684,0
1505597615,21607046,215.26,0.28766000,0
1505597614,21607043,215.25,1.19905862,0
1505597588,21607006,215.31,1.00251400,0
1505597587,21607005,215.32,0.03065000,0
1505597514,21606984,215.36,2.22840824,1
1505597512,21606983,214.66,0.71508431,0
1505597505,21606981,212.39,0.34286348,1
1505597505,21606980,212.53,0.71927276,1
1505597505,21606979,212.73,0.71826306,1
1505597504,21606978,213.14,0.71796071,1
1505597504,21606977,213.62,0.00243215,1
1505597504,21606976,213.63,0.00043426,1
1505597503,21606975,214.65,1.14000000,1
1505597503,21606974,214.80,0.10000000,1
1505597503,21606973,214.80,1.08578000,0
1505597503,21606972,215.00,0.02398880,1
1505597502,21606971,215.40,0.37100000,1
1505597502,21606970,215.51,5.66000000,1
1505597500,21606969,215.52,8.33800478,1
1505597459,21606920,215.46,3.12052112,0
1505597457,21606919,215.62,0.36940000,1
1505597450,21606917,215.61,0.66441554,1
1505597112,21606819,215.39,0.19627683,0
1505597110,21606817,216.07,7.07048641,1
1505597110,21606816,215.52,2.97738423,0
1505597109,21606815,215.26,0.58000000,0
1505596978,21606793,214.75,1.27508042,1
1505596958,21606779,215.52,1.46705600,0
1505596945,21606768,215.51,0.07919764,0
1505596944,21606765,215.49,0.08370444,1
1505596943,21606762,215.49,1.07196545,0
1505596901,21606728,215.46,0.62856500,0
1505596891,21606724,215.26,0.83100000,0
1505596872,21606711,214.91,0.20375000,0
1505596870,21606709,214.91,0.68040000,0
1505596860,21606701,214.91,0.20476400,0
1505596770,21606658,214.61,0.13820435,1
1505596769,21606657,214.61,1.08969000,1
1505596640,21606610,215.27,0.06905391,1
1505596639,21606609,215.25,0.31794099,0
1505596639,21606608,214.90,0.56000000,0
1505596638,21606607,214.83,0.71796071,1
1505596637,21606606,214.82,2.85000000,0
1505596564,21606576,213.84,0.71796071,1
1505596388,21606475,214.87,0.50918700,0
1505596367,21606463,215.25,23.04546066,1
1505596367,21606462,215.25,7.92000000,1
1505596367,21606460,215.25,10.53000000,1
1505596366,21606459,215.25,4.84628150,0
1505596359,21606453,215.29,1.68180995,0
1505596358,21606452,215.27,1.04965344,0
1505596357,21606449,214.30,0.00043426,0
1505596357,21606448,214.28,0.00243215,0
1505596357,21606447,213.74,1.09081370,0
1505596355,21606438,213.38,0.54000000,0
1505596355,21606437,213.01,0.00360312,0
1505596354,21606436,213.01,0.71702032,0
1505596351,21606431,213.01,0.84262354,0
1505596351,21606429,213.01,1.41062683,0
1505596351,21606425,213.01,3.80893985,0
1505596350,21606424,213.01,3.36000000,0
1505596349,21606419,213.01,0.98647738,0
1505596349,21606418,213.01,0.91327400,0
1505596348,21606413,213.02,0.67000000,1
1505596348,21606411,213.02,3.36000000,1
1505596348,21606408,213.02,1.28636224,1
1505596348,21606405,213.03,6.04965461,1
1505596311,21606373,213.76,0.16850000,1
1505596208,21606343,214.17,0.16817630,0
1505596204,21606340,214.18,0.16839600,0
1505596152,21606325,213.42,0.71927276,1
1505596144,21606323,213.40,0.05640772,1
1505596144,21606321,213.62,0.71392028,1
1505596144,21606320,213.63,0.12967200,1
1505596144,21606319,213.63,0.10000000,1
1505596144,21606318,213.63,0.48617932,1
1505596143,21606317,213.69,0.21382068,1
1505596143,21606316,213.69,0.50000000,1
1505596138,21606314,213.71,0.71826306,1
1505596136,21606313,214.26,0.20159900,0
1505596112,21606299,214.85,0.00224014,1
1505596112,21606298,214.85,0.34129074,1
1505596111,21606297,214.85,0.36870000,1
1505596033,21606160,215.00,1.21000000,1
1505596033,21606158,215.00,2.00000000,1
1505596033,21606156,215.00,3.00000000,1
1505596033,21606154,215.00,1.60000000,1
1505596030,21606143,215.47,1.63767163,0
1505596030,21606142,215.01,1.16232837,0
1505596029,21606140,215.01,1.00000000,1
1505596029,21606138,215.22,2.20000000,1
1505596028,21606135,215.50,2.79277953,1
1505596028,21606134,215.50,2.20000000,1
1505596027,21606126,215.50,1.61978700,1
1505596027,21606125,215.50,2.20000000,1
1505596026,21606124,215.50,5.54978700,1
1505596026,21606120,215.50,3.00000000,1
1505596026,21606119,215.50,2.20000000,1
1505596026,21606118,215.50,2.20000000,1
1505596025,21606117,215.50,1.68767264,1
1505596024,21606115,215.50,5.84450209,1
1505596024,21606114,215.50,0.06215231,1
1505596024,21606113,215.50,0.05972442,1
1505596024,21606112,215.51,1.82295118,1
1505596024,21606111,215.51,1.59704882,1
1505596008,21606095,215.50,0.62705332,1
1505595984,21606081,215.50,0.31322226,1
1505595979,21606068,215.51,1.06215200,1
1505595886,21606004,215.63,0.37000000,1
1505595886,21606003,215.80,0.08000000,1
1505595876,21605990,216.00,0.23087963,0
1505595866,21605979,216.01,0.71401500,1
1505595845,21605962,216.14,0.00000339,1
1505595845,21605961,216.14,0.17826405,1
1505595839,21605946,216.14,0.91222256,1
1505595783,21605902,216.01,0.31170795,1
1505595782,21605901,216.13,0.36870000,1
1505595655,21605862,216.89,3.61521744,0
1505595610,21605845,216.82,3.85035499,0
1505595586,21605830,216.81,0.45598800,1
1505595583,21605827,216.80,4.12391800,1
1505595574,21605821,216.80,0.16193800,1
1505595420,21605779,216.70,2.00000000,1
1505595419,21605777,216.67,0.56000000,0
1505595387,21605771,216.60,2.00000000,0
1505595303,21605703,216.45,0.94282221,1
1505595287,21605701,216.45,0.94276132,1
1505595211,21605680,216.30,0.00434158,1
1505595211,21605679,216.50,5.68476174,1
1505595206,21605678,216.50,0.53992372,1
1505595190,21605673,216.50,0.26660171,1
1505595190,21605672,216.50,0.55504906,1
1505595190,21605671,216.50,0.94400477,1
1505595179,21605656,216.43,0.56000000,0
1505595179,21605655,216.30,1.08967000,0
1505595179,21605654,216.29,0.35998900,0
1505595174,21605653,215.86,1.08861671,1
1505595174,21605652,216.00,0.53296023,1
1505595041,21605603,216.22,2.20000000,0
1505595028,21605583,216.00,0.53000500,0
1505595028,21605582,215.81,0.00265000,0
1505595027,21605577,215.81,0.52735000,0
1505595018,21605570,215.80,0.04624900,0
1505595018,21605569,215.80,0.09874685,0
1505594710,21605484,215.62,0.35998900,1
1505594706,21605480,216.00,0.52379500,0
1505594706,21605479,215.78,0.53000000,0
1505594550,21605409,215.57,2.06934300,1
1505594550,21605408,215.57,1.99997000,1
1505594549,21605407,215.55,0.92549800,1
1505594549,21605406,215.55,1.12235000,1
1505594549,21605405,215.55,1.06215200,1
1505594549,21605404,215.56,4.17215000,1
1505594478,21605383,215.61,0.99740776,0
1505594478,21605382,216.10,1.05382644,1
1505594444,21605361,216.10,0.78100000,1
1505594406,21605346,216.10,0.00003000,1
1505594405,21605345,216.11,0.04440000,1
1505594405,21605344,216.11,1.08967000,1
1505594349,21605307,216.29,0.56000000,0
1505594320,21605257,216.10,6.70431356,1
1505594320,21605256,216.08,1.08983000,0
1505594320,21605255,216.08,0.37100000,0
1505594312,21605251,216.09,0.36795100,0
1505594158,21605218,215.50,3.39980000,1
1505594158,21605215,215.01,2.53937000,0
1505594157,21605214,215.09,3.03000000,1
1505594157,21605213,215.48,0.36980000,1
1505594155,21605212,215.50,1.08983000,1
1505594155,21605211,215.50,0.37100000,1
1505594090,21605191,216.28,2.24913036,0
1505594066,21605183,216.35,0.58539403,0
1505594066,21605182,215.83,0.34531400,0
1505594064,21605181,215.72,1.08870000,0
1505593747,21605074,215.09,1.07500521,0
1505593746,21605073,215.30,1.08870000,1
1505593597,21605022,215.83,0.18468600,0
1505593594,21605018,215.82,0.24009600,0
1505593591,21605015,215.73,0.28988805,0
1505593591,21605014,215.71,0.00001095,0
1505593590,21605012,215.74,0.19781900,1
1505593590,21605010,215.71,0.00000500,0
1505593587,21605004,215.71,1.08664500,0
1505593574,21605000,215.72,0.34803800,0
1505593555,21604993,215.69,0.05903561,0
1505593554,21604992,215.69,0.36900000,0
1505593527,21604981,215.73,4.77000000,0
1505593449,21604960,216.05,3.90072261,1
1505593430,21604945,216.10,7.30240191,0
1505593430,21604944,216.10,2.19561800,0
1505593430,21604942,216.10,0.01198009,0
1505593429,21604941,216.10,4.49240191,1
1505593403,21604936,216.10,0.12122000,1
1505593324,21604919,216.10,1.83765300,1
1505593315,21604911,216.10,0.39512300,1
1505593306,21604901,216.10,7.11336400,1
1505593306,21604900,216.10,3.49023809,1
1505593305,21604899,216.11,2.45000000,1
1505593305,21604898,216.12,0.19782991,1
1505593271,21604890,216.29,0.97388659,1
1505593270,21604889,216.29,3.05443941,1
1505593219,21604872,216.29,0.73710759,1
1505593211,21604866,216.29,0.97845300,1
1505593058,21604712,216.17,1.53637781,0
1505593058,21604711,216.25,3.00000000,1
1505593057,21604710,216.66,0.36900000,1
1505593057,21604709,216.70,1.08665000,1
1505592492,21604518,216.52,0.14761000,1
1505592387,21604502,216.65,0.30642668,0
1505592386,21604501,216.51,1.08754000,1
1505592385,21604500,216.51,0.20000000,0
1505592385,21604499,216.51,0.19815999,0
1505592258,21604449,216.41,0.54000000,0
1505592258,21604448,216.40,0.36800000,0
1505591915,21604321,216.18,1.18699114,1
1505591862,21604312,216.10,7.55000000,1
1505591862,21604311,216.11,4.45000000,1
1505591841,21604310,216.11,1.01030021,1
1505591835,21604307,216.50,1.00797219,1
1505591819,21604297,216.50,0.68694257,1
1505591819,21604296,216.50,0.30459524,1
1505591818,21604295,216.50,0.00049000,1
1505591818,21604294,216.56,0.70000000,1
1505591793,21604253,216.57,1.00000000,1
1505591773,21604246,216.55,0.30459524,1
1505591772,21604244,216.53,1.67649663,1
1505591763,21604240,216.57,0.40144591,1
1505591700,21604219,216.54,0.05000000,1
1505591645,21604214,216.51,0.49269655,1
1505591645,21604213,216.56,0.19811844,1
1505591635,21604210,216.61,0.20000000,1
1505591497,21604178,216.53,1.08995838,1
1505591491,21604174,217.00,1.08754000,0
1505591485,21604169,217.00,0.74248899,1
1505591485,21604164,217.00,4.77000000,1
1505591484,21604162,217.00,4.40200000,1
1505591483,21604160,217.01,0.36800000,1
1505591464,21604146,216.82,0.46093064,1
1505591462,21604144,216.82,0.25310926,1
1505591462,21604143,216.82,0.70797409,0
1505591457,21604141,216.50,2.00000000,0
1505591436,21604136,216.32,0.58000000,0
1505591428,21604135,216.31,1.00000000,1
1505591345,21604085,216.21,0.75526059,1
1505591254,21604034,216.00,0.75526059,0
1505591235,21604032,216.00,1.77807500,0
1505591229,21604026,216.00,6.50025432,0
1505591225,21604023,216.00,0.80000000,0
1505591219,21604014,215.99,12.00000000,0
1505591218,21604013,216.00,0.70797409,0
1505591202,21603993,215.78,0.27934195,0
1505591201,21603990,215.78,0.42065805,0
1505590962,21603710,215.04,1.00000000,0
1505590922,21603677,215.50,9.91178000,1
1505590922,21603676,215.51,3.16000000,1
1505590919,21603675,215.51,1.09515000,1
1505590915,21603669,215.38,0.52652126,0
1505590914,21603668,215.32,5.36758629,0
1505590914,21603666,215.31,1.92906615,0
1505590911,21603664,215.31,0.15898008,0
1505590842,21603641,215.32,2.52145643,0
1505590840,21603640,215.31,6.74495520,0
1505590833,21603638,215.14,1.56430000,1
1505590800,21603611,215.38,0.03347874,0
1505590799,21603605,215.05,0.71382068,1
1505590798,21603603,215.01,0.70000000,1
1505590789,21603590,215.02,1.91415765,1
1505590787,21603585,215.53,0.71392028,1
1505590786,21603584,215.50,0.57000000,0
1505590781,21603575,215.52,0.00224014,1
1505590776,21603567,215.52,0.63026732,1
1505590776,21603566,215.52,0.07975627,1
1505590776,21603565,215.62,0.30868347,1
1505590776,21603564,215.62,0.40097903,1
1505590737,21603535,215.88,3.48469293,0
1505590736,21603531,215.89,1.74625365,1
1505590734,21603530,215.89,12.17000000,0
1505590722,21603518,215.84,0.02543339,1
1505590722,21603517,215.84,1.76725000,0
1505590714,21603509,215.82,0.12000000,1
1505590699,21603467,215.84,2.99338342,1
1505590698,21603466,215.85,0.00013030,1
1505590697,21603464,215.85,1.09501970,1
1505590689,21603450,216.41,0.46093064,0
1505590685,21603436,216.41,5.90764000,0
1505590685,21603434,216.40,1.09236000,0
1505590678,21603425,216.20,0.71843819,1
1505590656,21603392,216.20,2.79084182,1
1505590647,21603379,216.21,1.05436100,1
1505590644,21603374,216.20,0.10000000,1
1505590581,21603331,216.20,0.70999074,1
1505590580,21603330,216.20,0.86893354,1
1505590580,21603328,216.30,0.44140969,1
1505590580,21603326,216.31,0.38269750,1
1505590577,21603323,216.31,0.70966250,1
1505590575,21603321,216.30,0.26589881,1
1505590575,21603320,216.30,0.00006477,1
1505590571,21603314,217.00,0.00006476,1
1505590565,21603300,217.00,1.86986176,1
1505590563,21603292,217.00,0.42276498,1
1505590562,21603290,217.00,0.70730850,1
1505590562,21603289,217.00,0.00006477,1
1505590561,21603287,217.00,0.63193549,1
1505590558,21603282,217.00,0.36799974,1
1505590558,21603281,217.01,0.70399926,1
1505590545,21603264,217.25,1.00000000,1
1505590544,21603261,217.26,0.36800000,1
1505590500,21603195,217.45,0.19918700,0
1505590465,21603172,217.14,0.20656545,1
1505590460,21603162,217.45,0.12935571,0
1505590459,21603158,217.44,0.36800000,0
1505590452,21603144,217.36,0.86451045,1
1505590450,21603138,217.08,0.05471187,0
1505590448,21603130,217.08,0.05473925,1
1505590441,21603117,218.00,2.97667600,0
1505590440,21603116,217.68,0.58000000,0
1505590440,21603115,217.50,0.80000000,0
1505590440,21603114,217.49,1.08643400,0
1505590386,21603097,217.08,0.53165700,1
1505590386,21603096,217.10,2.00000000,1
1505590386,21603095,217.17,0.36800000,1
1505590386,21603094,217.19,1.07642000,1
1505590386,21603092,217.21,5.95277156,1
1505590362,21603077,217.49,0.43526100,0
1505590361,21603076,217.11,0.46552299,1
1505590360,21603075,217.49,0.63964500,0
1505590293,21603021,217.35,3.56984316,1
1505590281,21603015,218.27,1.14248408,0
1505590255,21603000,218.41,6.00636418,0
1505590236,21602983,217.09,0.93732171,1
1505590236,21602982,218.10,1.04267829,1
1505590236,21602980,218.10,1.16895920,1
1505590234,21602974,218.00,0.32422019,0
1505590231,21602960,218.00,0.32424893,1
1505590230,21602956,218.00,2.36339445,1
1505590230,21602954,218.00,2.34729415,1
1505590229,21602952,218.00,2.35159728,1
1505590229,21602949,218.47,19.38224902,0
1505590229,21602948,218.05,1.17077400,0
1505590227,21602940,218.00,1.20527519,1
1505590226,21602938,218.00,5.40819000,1
1505590220,21602924,218.05,1.27037943,1
1505590203,21602906,218.05,0.66865600,1
1505590202,21602905,218.06,0.32000000,1
1505590165,21602881,218.07,2.49304096,1
1505590164,21602880,218.06,3.83730277,0
1505590162,21602878,218.05,0.36440000,0
1505590141,21602869,218.01,6.29940667,1
1505590135,21602863,218.06,8.29414318,1
1505590134,21602857,218.05,1.80665900,0
1505590133,21602856,218.05,0.71000000,0
1505590133,21602855,218.05,1.54331982,1
1505590133,21602852,218.05,2.51668018,1
1505590132,21602848,218.05,0.71000000,1
1505590132,21602847,218.05,4.06600074,1
1505590083,21602823,218.04,0.70399926,0
1505590079,21602818,218.50,0.70059333,1
1505590036,21602794,218.92,1.00126000,0
1505590011,21602777,218.52,3.67496650,1
1505590011,21602776,218.52,1.03827750,1
1505590000,21602764,218.60,8.28217531,1
1505589869,21602679,218.52,0.03000000,1
1505589854,21602677,218.53,0.03000000,1
1505589776,21602619,218.54,1.21712618,1
1505589775,21602618,218.54,0.13992000,1
1505589775,21602617,218.54,0.13300998,1
1505589775,21602616,218.55,0.36440000,1
1505589768,21602613,218.54,1.69122264,1
1505589761,21602604,219.50,1.30014889,0
1505589760,21602603,219.44,1.00698231,0
1505589760,21602601,219.43,0.70059333,0
1505589760,21602600,219.42,0.23945315,0
1505589758,21602598,219.38,0.13941000,0
1505589758,21602597,219.38,1.03407448,0
1505589752,21602594,219.38,0.03000000,0
1505589744,21602589,219.12,0.95476407,1
1505589738,21602586,219.12,0.71225812,1
1505589726,21602578,219.12,0.21165600,1
1505589698,21602559,219.12,1.67821205,1
1505589698,21602558,219.13,0.24320000,1
1505589697,21602555,219.13,0.21010300,1
1505589696,21602552,219.13,0.21010300,1
1505589695,21602550,219.13,0.21010300,1
1505589684,21602531,219.13,0.43877700,1
1505589673,21602510,219.13,0.68771400,1
1505589653,21602477,219.12,1.90700896,1
1505589632,21602464,219.12,2.42514352,1
1505589632,21602463,219.12,0.58680348,1
1505589631,21602461,219.12,0.47660900,1
1505589628,21602420,219.12,0.00066200,1
1505589628,21602419,219.13,0.94500000,1
1505589617,21602416,219.13,0.13941000,1
1505589607,21602413,219.42,0.34054685,0
1505589547,21602388,219.31,0.19701200,0
1505589546,21602386,219.31,0.37298800,0
1505589499,21602380,219.28,0.50000000,0
1505589427,21602308,219.20,0.96704202,1
1505589346,21602236,219.10,0.54000000,0
1505589274,21602187,218.94,4.77000000,0
1505589274,21602186,218.94,0.12904299,0
1505589106,21602101,218.64,5.23275704,0
1505589105,21602100,218.60,0.50000000,0
1505589105,21602099,218.60,1.08151509,0
1505589105,21602098,218.59,0.35163017,0
1505589105,21602097,218.56,0.19188000,0
1505589103,21602096,218.55,1.26926302,0
1505589088,21602091,218.55,0.34230153,0
1505589002,21602066,218.49,1.11220126,0
1505588979,21602056,218.49,3.63164800,0
1505588904,21601978,218.49,1.42633000,0
1505588889,21601958,218.48,1.49932208,0
1505588878,21601946,218.27,0.87603987,0
1505588878,21601945,218.26,6.39807625,0
1505588793,21601893,218.06,0.84000000,1
1505588793,21601891,218.06,3.93000000,1
1505588792,21601887,218.07,0.00037261,1
1505588791,21601884,218.06,0.84000000,0
1505588791,21601883,218.06,3.93056178,0
1505588791,21601882,218.05,0.07534711,0
1505588790,21601880,218.05,4.77093439,0
1505588789,21601874,218.06,0.83943822,0
1505588779,21601858,218.08,0.60312000,0
1505588777,21601856,218.07,0.60342500,0
1505588754,21601841,218.12,1.99931000,0
1505588750,21601840,218.11,4.98041900,0
1505588726,21601808,218.16,0.72177400,0
1505588666,21601743,217.83,1.92828730,0
1505588655,21601722,217.83,4.50963700,0
1505588654,21601718,217.83,4.50727100,0
1505588649,21601694,217.82,1.09093000,1
1505588648,21601692,217.64,0.00000594,0
1505588638,21601642,217.64,10.79934902,0
1505588432,21601505,217.51,0.04590500,1
1505588431,21601499,217.50,0.00002073,1
1505588430,21601498,217.51,1.40603163,0
1505588429,21601497,217.51,0.04590000,1
1505588429,21601496,217.51,1.09093000,1
1505588429,21601495,217.51,0.19111764,1
1505588313,21601464,218.06,2.48169316,1
1505588312,21601463,218.06,1.08815000,0
1505588290,21601455,218.09,0.36599500,0
1505588286,21601451,217.38,2.98056982,1
1505588286,21601450,217.45,1.08815000,1
1505588286,21601449,217.46,0.93128018,1
1505588168,21601368,217.20,3.00049132,1
1505588168,21601367,217.20,1.99950868,1
1505588164,21601337,217.99,0.84505408,0
1505588150,21601333,217.99,0.18303592,0
1505588097,21601302,217.99,0.05740000,0
1505588096,21601301,217.09,4.01082518,1
1505588085,21601292,217.07,0.91451000,1
1505588085,21601291,217.10,1.00000000,1
1505588083,21601290,217.54,1.08549000,1
1505588072,21601287,217.20,9.25262670,0
1505588071,21601286,217.51,0.33370551,1
1505588071,21601285,217.52,4.77000000,1
1505588071,21601284,217.53,9.64471257,1
1505588064,21601283,217.51,0.06629449,1
1505588058,21601281,217.70,0.36600000,1
1505588056,21601278,217.70,0.58129590,1
1505588011,21601254,218.54,4.57582136,0
1505587988,21601250,217.58,0.17418880,0
1505587970,21601237,217.58,1.86682600,0
1505587968,21601235,217.58,0.63400000,0
1505587968,21601233,217.57,0.36600000,0
1505587952,21601199,217.58,0.48663911,0
1505587879,21601153,218.00,0.36454774,1
1505587855,21601149,218.00,1.70946000,1
1505587855,21601148,218.01,0.36600000,1
1505587771,21601068,218.00,1.62110645,1
1505587732,21601027,218.16,1.08240428,1
1505587727,21601024,218.16,0.59660067,1
1505587727,21601023,218.15,0.18728581,0
1505587624,21600923,217.80,0.88688100,1
1505587623,21600922,217.80,0.88688100,1
1505587623,21600921,217.80,6.99404000,1
1505587622,21600920,217.80,0.88688100,1
1505587621,21600919,217.80,0.88688100,1
1505587621,21600918,217.81,1.00596000,1
1505587620,21600917,217.82,0.88688100,1
1505587611,21600910,218.13,0.13981210,1
1505587583,21600884,218.13,0.40058601,0
1505587583,21600878,218.13,0.13941399,0
1505587576,21600856,218.31,0.55720000,0
1505587561,21600839,217.82,0.42070155,1
1505587552,21600827,217.81,0.07644428,1
1505587546,21600824,217.85,1.49400000,1
1505587540,21600818,217.81,0.07644428,1
1505587534,21600816,218.37,0.05012537,1
1505587531,21600814,218.39,0.17891419,0
1505587530,21600813,218.37,0.18728081,0
1505587530,21600810,218.37,0.36436900,0
1505587529,21600805,218.37,0.52797905,0
1505587516,21600792,217.83,1.58372581,1
1505587516,21600791,217.83,0.36620000,1
1505587516,21600790,217.97,0.05007419,1
1505587507,21600789,218.21,0.56416685,1
1505587434,21600700,218.59,0.26199199,0
1505587434,21600699,218.39,0.36590000,0
1505587432,21600698,218.38,0.37336801,0
1505587359,21600631,218.21,0.06217473,1
1505587303,21600566,218.21,0.22663842,1
1505587277,21600554,217.98,0.22664886,1
1505587259,21600544,217.96,2.76669615,1
1505587257,21600541,217.97,0.13926158,1
1505587257,21600540,217.97,0.22663842,1
1505587253,21600539,217.97,1.01207000,1
1505587240,21600524,217.91,0.22665930,1
1505587216,21600501,217.83,0.14322417,1
1505587197,21600469,217.87,0.49732768,1
1505587165,21600447,217.86,0.55882081,1
1505587160,21600445,217.82,0.12368578,1
1505587146,21600436,218.60,0.10896614,0
1505587144,21600435,218.48,1.07802500,0
1505587120,21600422,217.81,0.17220412,1
1505587120,21600421,217.81,0.46254965,1
1505587097,21600405,217.81,4.30745035,1
1505587090,21600402,217.82,0.10769000,1
1505587086,21600399,217.83,1.09312470,1
1505587057,21600380,217.62,0.97033500,1
1505587044,21600369,217.60,2.85087317,1
1505587033,21600365,218.60,0.65580969,0
1505587033,21600363,218.53,0.10708593,0
1505587031,21600362,218.00,3.81209641,0
1505587029,21600359,217.54,3.47550780,0
1505587028,21600358,217.54,4.77000000,0
1505587027,21600356,217.54,1.75449220,0
1505587027,21600355,217.53,3.01550780,0
1505586961,21600301,218.60,0.79170908,0
1505586961,21600300,218.60,0.20335038,0
1505586960,21600299,218.53,0.36460000,0
1505586960,21600298,218.40,0.13328132,0
1505586960,21600297,217.64,0.63443302,0
1505586959,21600296,217.07,1.08086000,0
1505586956,21600293,216.19,0.63026732,0
1505586956,21600291,216.19,0.07975627,1
1505586953,21600288,216.19,0.07974473,0
1505586951,21600286,216.58,0.20325203,1
1505586951,21600285,217.08,0.00000324,1
1505586947,21600284,217.08,0.10727676,0
1505586946,21600280,215.82,2.42738081,0
1505586946,21600278,215.83,0.70897418,1
1505586945,21600277,216.50,2.00000000,1
1505586945,21600276,216.50,0.10727676,0
1505586945,21600275,216.51,0.26934100,0
1505586945,21600274,216.51,2.52270000,1
1505586944,21600273,216.58,0.12368578,0
1505586944,21600271,217.33,0.03270553,1
1505586944,21600270,217.80,0.45913682,1
1505586943,21600269,217.80,6.18764341,1
1505586943,21600267,217.81,2.00000000,1
1505586942,21600264,217.90,0.13328132,1
1505586942,21600263,217.90,0.02787439,1
1505586898,21600215,217.90,0.37000000,1
1505586881,21600198,217.90,0.10212561,1
1505586872,21600192,218.60,2.91560211,0
1505586860,21600172,217.85,0.12865200,1
1505586844,21600131,217.80,0.60710000,1
1505586844,21600130,217.81,0.36460000,1
1505586838,21600112,218.64,0.47257251,1
1505586838,21600108,218.64,0.17115300,1
1505586838,21600106,218.64,0.23231436,1
1505586833,21600079,218.60,0.19188000,0
1505586832,21600076,217.82,0.45947457,1
1505586832,21600074,218.63,0.53414852,1
1505586832,21600068,218.63,0.20379500,1
1505586831,21600066,218.63,0.34291648,1
1505586831,21600061,219.40,0.69733770,0
1505586829,21600054,218.60,6.17609497,1
1505586828,21600046,218.60,0.33855356,1
1505586827,21600039,218.60,0.11461035,1
1505586824,21600028,218.60,0.14543339,1
1505586821,21600014,218.60,0.30000000,0
1505586821,21600012,218.30,9.65419800,0
1505586821,21600010,218.12,0.38211246,0
1505586821,21600007,218.12,0.32165605,0
1505586817,21599992,217.80,0.71273111,0
1505586817,21599989,217.80,2.30656466,0
1505586816,21599985,217.80,1.86699416,0
1505586816,21599975,217.80,2.13448756,0
1505586801,21599945,217.50,0.41175762,1
1505586793,21599927,217.79,1.62077700,0
1505586793,21599926,217.50,9.81951200,0
1505586792,21599919,217.50,0.18048800,0
1505586788,21599913,217.48,9.24863135,0
1505586787,21599912,217.48,10.00000000,0
1505586787,21599909,217.33,0.50944211,0
1505586786,21599906,217.33,0.03184703,0
1505586774,21599842,217.32,2.90758857,0
1505586774,21599841,217.30,8.34649057,0
1505586772,21599829,217.15,0.71874788,1
1505586771,21599824,217.15,0.15472397,1
1505586768,21599818,217.15,1.31192000,0
1505586767,21599817,217.15,0.21960116,0
1505586767,21599813,217.03,1.02412884,0
1505586764,21599798,217.03,0.05169792,0
1505586764,21599796,217.00,0.10000000,0
1505586762,21599785,216.81,0.12419340,0
1505586733,21599654,216.81,0.14515885,0
1505586711,21599614,216.81,0.12574720,0
1505586711,21599612,216.79,0.26934680,0
1505586699,21599567,216.80,2.50821302,1
1505586697,21599559,216.80,0.39509400,0
1505586692,21599548,216.80,1.47092590,0
1505586687,21599534,216.78,0.70489800,0
1505586687,21599532,216.78,2.07876000,0
1505586686,21599523,216.79,0.43555700,0
1505586678,21599510,216.80,0.39596300,0
1505586675,21599497,216.54,22.75128221,0
1505586675,21599494,216.54,4.20736100,0
1505586675,21599493,216.53,0.36800000,0
1505586675,21599492,216.52,5.42463900,0
1505586674,21599490,216.52,11.47536100,0
1505586673,21599486,216.52,3.60000000,0
1505586655,21599457,216.30,1.26570074,0
1505586654,21599456,216.30,1.12417327,0
1505586653,21599454,216.30,4.61012599,1
1505586508,21599317,216.55,0.38554606,0
1505586499,21599305,215.96,1.44548704,1
1505586499,21599304,215.97,8.76000000,1
1505586499,21599303,215.97,4.26012872,1
1505586487,21599294,216.51,0.70897418,0
1505586483,21599288,216.50,0.97582673,1
1505586483,21599286,216.50,0.10000000,1
1505586483,21599285,216.59,0.70737327,1
1505586483,21599284,216.81,1.07582676,1
1505586473,21599271,216.85,8.61780937,1
1505586390,21599236,216.85,0.35868200,1
1505586381,21599234,216.85,0.15600000,1
1505586351,21599226,216.85,0.96875483,1
1505586322,21599214,216.85,0.72742462,1
1505586311,21599207,216.85,0.08556328,1
1505586311,21599206,216.87,0.65730981,1
1505586261,21599163,216.88,0.97240000,1
1505586194,21599116,216.87,0.04269019,0
1505586193,21599114,216.86,0.11804986,1
1505586191,21599106,216.87,0.36800000,1
1505586140,21599009,216.80,0.03096120,1
1505586140,21599008,217.31,0.94189888,1
1505586120,21598983,217.31,0.22999398,1
1505586113,21598972,217.31,0.22994202,1
1505586112,21598971,217.31,0.47148302,0
1505586111,21598970,217.31,0.70737327,0
1505586025,21598929,217.00,0.61771698,1
1505586024,21598928,217.00,0.04605081,0
1505586024,21598927,217.00,2.07084050,0
1505586016,21598922,216.68,0.36870000,1
1505586015,21598921,216.69,1.08920000,1
1505585994,21598905,216.68,0.00363449,0
1505585965,21598896,216.54,2.65191000,0
1505585959,21598891,216.54,0.04612270,0
1505585948,21598886,216.54,1.98765000,0
1505585946,21598881,216.51,0.23615551,1
1505585941,21598876,216.54,1.88661100,0
1505585940,21598875,216.50,2.99183520,1
1505585916,21598861,216.50,13.94721413,1
1505585900,21598844,216.50,2.10115014,0
1505585900,21598841,216.49,1.09020000,0
1505585891,21598836,215.82,0.00111168,1
1505585891,21598835,215.93,1.09020000,1
1505585865,21598769,216.50,1.41070300,0
1505585861,21598766,216.50,0.04605081,0
1505585850,21598763,216.50,1.45689605,0
1505585850,21598762,216.50,0.76710220,0
1505585850,21598761,216.49,0.36940000,0
1505585850,21598760,216.48,0.23171675,0
1505585844,21598748,216.44,1.58640000,0
1505585696,21598647,216.42,1.58639500,0
1505585695,21598646,216.42,0.36939500,0
1505585693,21598640,216.42,11.02984100,1
1505585692,21598636,216.41,0.42260000,0
1505585686,21598630,216.43,0.62005600,0
1505585680,21598621,215.60,0.23171675,1
1505585669,21598617,215.56,0.36940000,1
1505585665,21598610,216.54,3.43414460,1
1505585664,21598609,216.54,7.45502000,1
1505585664,21598606,216.54,1.27889259,1
1505585663,21598601,216.54,6.57229411,1
1505585662,21598598,216.54,1.27787909,1
1505585661,21598595,216.54,1.08412828,1
1505585645,21598562,216.54,0.39365100,1
1505585642,21598556,216.55,0.49633900,1
1505585641,21598552,216.68,0.10401589,0
1505585633,21598531,216.68,0.96885336,0
1505585617,21598498,216.54,2.64027000,1
1505585611,21598484,216.64,1.80000000,1
1505585583,21598442,216.67,0.23322517,1
1505585576,21598428,216.57,0.13274402,0
1505585571,21598421,215.53,2.48938452,0
1505585571,21598419,215.54,7.19709995,0
1505585571,21598417,215.54,1.25267237,0
1505585570,21598415,216.46,1.07650374,1
1505585569,21598410,216.47,0.70884316,1
1505585567,21598407,216.55,0.36061700,0
1505585565,21598405,216.55,0.21814181,0
1505585559,21598404,216.54,0.21814181,0
1505585550,21598397,216.55,0.22984906,0
1505585534,21598379,216.46,1.49400000,1
1505585470,21598313,216.55,0.26086347,0
1505585467,21598291,216.53,0.71164984,0
1505585467,21598286,216.53,0.70884900,0
1505585464,21598279,216.53,0.10039896,0
1505585459,21598269,216.52,1.75064659,0
1505585455,21598268,216.52,3.01648494,0
1505585438,21598252,216.53,0.47910220,0
1505585423,21598243,216.36,0.65894757,0
1505585420,21598240,216.36,0.20000000,0
1505585416,21598235,216.35,0.04282030,0
1505585412,21598231,216.36,0.13878000,0
1505585411,21598229,216.36,0.07926317,0
1505585409,21598226,215.98,0.23095243,1
1505585409,21598225,216.00,0.85894757,1
1505585407,21598224,216.00,0.13878000,1
1505585404,21598219,216.00,0.07926317,1
1505585369,21598178,215.98,0.04997501,1
1505585356,21598153,215.86,0.70885434,0
1505585347,21598127,214.65,0.28800000,1
1505585345,21598121,215.40,4.19365500,0
1505585329,21598090,214.54,0.13000000,1
1505585324,21598081,214.51,0.28800000,1
1505585320,21598078,215.03,0.15769893,0
1505585318,21598073,215.00,0.50000000,0
1505585314,21598068,214.99,0.23105877,0
1505585314,21598067,214.98,0.71585132,0
1505585311,21598062,214.51,0.28900000,1
1505585297,21598041,214.99,1.66598410,0
1505585297,21598040,214.48,0.10801009,0
1505585296,21598039,214.43,0.08485981,0
1505585290,21598005,214.42,0.28900000,1
1505585279,21597991,214.42,0.10000000,1
1505585279,21597989,214.43,1.00000000,0
1505585272,21597968,214.42,0.09788000,0
1505585271,21597966,214.42,1.00000000,0
1505585240,21597928,213.60,0.13666390,1
1505585240,21597927,213.98,0.31401574,1
1505585240,21597926,213.98,0.14658055,1
1505585240,21597924,214.00,1.08485981,1
1505585239,21597923,214.01,1.09788000,1
1505585215,21597887,214.18,1.99332337,0
1505585214,21597884,213.99,0.73598750,0
1505585214,21597879,213.98,0.18254575,0
1505585213,21597878,213.98,0.14623312,0
1505585212,21597871,213.98,0.16778262,0
1505585138,21597794,213.80,0.00000525,0
1505585138,21597793,213.80,3.85725300,0
1505585113,21597763,213.83,0.60187832,0
1505585108,21597758,213.11,1.04527605,1
1505585107,21597756,213.84,0.37410000,0
1505585107,21597755,213.11,0.04289437,0
1505585106,21597754,213.10,0.05626000,1
1505585106,21597753,213.10,2.12003243,1
1505585104,21597751,213.00,3.83778357,0
1505585101,21597744,213.00,1.99872824,0
1505585101,21597742,213.00,1.02197981,0
1505585100,21597741,213.00,2.93574100,0
1505585098,21597737,213.10,0.88226184,1
1505585098,21597736,213.10,0.41017922,1
1505585097,21597735,213.11,2.99183520,0
1505585096,21597733,213.11,2.84153200,0
1505585091,21597724,213.11,0.35955803,0
1505585090,21597723,213.15,0.58197000,1
1505585089,21597722,213.15,0.37410000,1
1505585089,21597721,213.16,0.31483392,1
1505585089,21597720,213.17,12.49327648,1
1505585027,21597669,213.04,0.56640499,1
1505585026,21597663,213.78,0.58026019,0
1505585026,21597661,213.45,0.00008578,0
1505584826,21597461,213.05,0.84009615,1
1505584818,21597448,213.45,0.91372358,0
1505584817,21597447,213.56,0.70259064,1
1505584813,21597440,213.56,0.39413936,1
1505584795,21597374,212.94,0.24508014,1
1505584795,21597372,212.95,0.37550000,1
1505584794,21597367,213.55,3.26025986,1
1505584794,21597365,213.56,12.06000000,1
1505584792,21597348,213.00,1.00000000,0
1505584792,21597346,212.95,0.37550000,0
1505584792,21597344,212.94,0.36424014,0
1505584785,21597261,212.50,0.24137300,1
1505584785,21597259,212.52,0.37550000,1
1505584760,21597150,212.94,0.05669123,0
1505584760,21597149,212.78,0.66984034,0
1505584760,21597148,212.67,0.08728842,0
1505584759,21597146,212.67,0.00000008,0
1505584759,21597144,212.58,0.36423993,0
1505584752,21597122,212.50,0.06215231,0
1505584751,21597121,212.50,1.04005352,0
1505584751,21597120,212.49,0.08873445,1
1505584751,21597118,212.50,1.49627100,0
1505584751,21597117,212.49,1.10220000,0
1505584698,21597077,212.21,1.10220000,0
1505584688,21597066,212.22,0.50215500,1
1505584647,21597051,212.06,0.08873445,1
1505584647,21597050,212.07,0.13126555,1
1505584605,21597045,212.01,1.02242489,1
1505584599,21597044,212.27,0.66686818,1
1505584530,21597024,212.50,8.92865882,0
1505584520,21597020,212.21,1.10230000,1
1505584496,21597017,212.49,6.17958492,0
1505584490,21597012,212.17,0.07244927,1
1505584454,21597003,212.50,4.29886115,0
1505584452,21597001,212.40,0.26772204,0
1505584404,21596951,212.40,0.23227796,0
1505584392,21596942,212.48,2.90860000,0
1505584387,21596941,212.49,0.25567573,0
1505584387,21596940,212.49,1.32429859,0
1505584387,21596939,212.48,0.00361841,0
1505584371,21596929,212.47,3.85725825,0
1505584367,21596927,212.47,0.42330000,0
1505584360,21596921,212.47,6.32597947,0
1505584332,21596913,212.40,0.05002188,0
1505584331,21596910,212.40,0.62031285,0
1505584284,21596901,212.46,2.62125066,1
1505584282,21596900,212.47,0.04570057,0
1505584274,21596899,212.46,0.10000000,1
1505584271,21596898,212.46,1.62070000,1
1505584255,21596892,212.46,0.38000000,1
1505584255,21596891,212.46,0.38000000,1
1505584246,21596888,212.46,0.98945139,1
1505584235,21596886,212.46,0.48000000,1
1505584215,21596879,212.48,0.72006269,0
1505584212,21596873,212.46,3.65938619,0
1505584209,21596864,212.00,1.00000000,0
1505584208,21596862,212.00,0.52948113,0
1505584126,21596834,211.90,0.63049932,0
1505584077,21596824,212.00,0.47051887,0
1505584038,21596811,212.11,4.22726557,1
1505584037,21596810,212.11,4.77000000,0
1505584028,21596807,212.11,4.77000000,0
1505584028,21596806,212.00,0.40000000,0
1505583939,21596729,211.99,0.05759399,1
1505583938,21596726,211.50,0.00000572,0
1505583938,21596725,211.44,1.29190314,0
1505583938,21596723,211.21,0.07088415,0
1505583879,21596701,209.42,18.16030088,1
1505583878,21596700,210.09,0.55000000,1
1505583878,21596698,210.43,0.55000000,1
1505583878,21596697,210.43,0.07088415,0
1505583878,21596696,210.43,4.77000000,0
1505583878,21596695,210.44,3.46477586,1
1505583877,21596694,210.70,4.84628149,1
1505583877,21596693,210.71,1.22626558,0
1505583876,21596692,211.45,1.29184204,1
1505583875,21596690,211.50,0.99999428,0
1505583875,21596689,211.50,0.00000572,0
1505583744,21596634,211.50,0.54705800,0
1505583669,21596575,211.00,1.47625814,0
1505583668,21596573,211.00,2.70740800,0
1505583668,21596572,210.78,0.25860000,0
1505583660,21596557,210.80,0.05000075,0
1505583654,21596548,210.81,0.24140000,0
1505583646,21596533,210.83,0.34462400,0
1505583644,21596527,211.00,0.57819100,0
1505583643,21596526,210.84,1.10942000,0
1505583615,21596512,210.88,0.10543000,0
1505583615,21596510,210.87,0.37920000,0
1505583610,21596498,210.88,0.15676418,0
1505583609,21596496,210.88,0.13878550,0
1505583600,21596470,210.44,1.30552768,0
1505583599,21596469,210.44,0.82908600,0
1505583599,21596466,210.44,2.63538632,1
1505583599,21596461,210.44,0.00009173,0
1505583598,21596460,210.44,1.74990827,0
1505583598,21596459,210.44,3.02000000,0
1505583598,21596458,210.44,1.75000000,0
1505583575,21596449,209.95,0.35192645,1
1505583575,21596448,209.95,0.37920000,1
1505583567,21596444,209.42,0.09961297,1
1505583566,21596443,209.85,0.72918151,1
1505583566,21596442,209.92,0.95469703,1
1505583566,21596441,210.31,0.56000000,1
1505583566,21596440,210.32,4.84628150,1
1505583566,21596439,210.32,0.89590954,1
1505583566,21596438,210.50,0.06215231,1
1505583566,21596437,210.50,0.35719714,1
1505583566,21596436,210.63,1.10942000,1
1505583566,21596435,210.63,0.38554800,1
1505583531,21596419,210.95,1.00126000,0
1505583413,21596300,211.16,0.65097000,0
1505583399,21596284,211.16,0.06462737,0
1505583399,21596283,211.16,0.71085139,0
1505583368,21596273,211.16,4.77000000,0
1505583367,21596271,211.16,1.00000000,0
1505583339,21596263,211.11,0.99971579,0
1505583174,21596140,210.99,2.93991574,1
1505583174,21596139,210.85,0.00012770,0
1505583173,21596138,210.49,1.06121656,0
1505583152,21596130,210.49,0.04893344,0
1505583148,21596120,210.48,0.35719714,0
1505583140,21596108,210.50,0.66479809,1
1505583140,21596107,210.50,0.09728000,1
1505583140,21596106,210.50,0.45136000,1
1505583136,21596096,210.50,0.45136000,1
1505583135,21596094,210.51,1.39178845,1
1505583133,21596092,210.52,1.00000000,1
1505583133,21596091,210.52,1.11015000,1
1505583089,21596074,210.84,0.04864000,0
1505583052,21596041,210.85,0.99777230,0
1505582936,21595954,211.50,0.45293628,0
1505582936,21595953,211.50,2.47434504,0
1505582935,21595952,210.78,0.37640000,0
1505582930,21595948,210.78,0.77858261,0
1505582930,21595947,210.53,0.07103747,0
1505582930,21595946,210.52,0.50000000,0
1505582921,21595932,210.51,0.72918151,0
1505582921,21595931,210.51,0.66083939,0
1505582906,21595919,210.51,0.05002301,0
1505582902,21595912,210.51,0.05005340,0
1505582895,21595899,210.51,0.07110950,0
1505582895,21595896,210.51,0.27816470,1
1505582893,21595895,210.51,3.69763467,1
1505582892,21595894,210.51,0.17651541,0
1505582892,21595891,210.51,0.32348459,0
1505582887,21595874,208.31,82.26850995,1
1505582886,21595873,208.32,16.35600000,1
1505582886,21595872,208.32,14.46398602,0
1505582886,21595871,208.57,1.20000000,1
1505582886,21595870,209.00,1.00000000,1
1505582886,21595869,209.00,0.12469621,0
1505582885,21595868,209.40,0.58000000,1
1505582885,21595867,209.40,0.80000000,1
1505582885,21595866,209.42,0.73164918,1
1505582885,21595865,209.42,0.07103747,0
1505582884,21595862,209.66,1.00000000,1
1505582884,21595860,209.66,0.50000000,1
1505582884,21595856,210.00,1.00000000,1
1505582884,21595853,210.03,1.00347569,1
1505582883,21595851,210.43,4.84628150,1
1505582883,21595850,210.43,9.13573048,0
1505582883,21595849,210.70,1.11019000,1
1505582883,21595848,210.70,0.37640000,1
1505582881,21595847,210.74,4.77000000,1
1505582878,21595846,211.50,0.53235000,0
1505582839,21595832,211.39,1.62870000,0
1505582800,21595806,211.50,4.77000000,0
1505582800,21595805,211.50,4.77000000,0
1505582799,21595804,211.50,1.94626496,0
1505582799,21595803,211.49,2.82373504,0
1505582785,21595796,211.49,4.77000000,0
1505582731,21595754,211.49,4.77000000,0
1505582653,21595676,211.06,0.16610726,0
1505582653,21595675,211.05,0.23828000,0
1505582653,21595674,210.67,0.29947349,0
1505582592,21595598,210.67,0.81089651,0
1505582513,21595572,211.06,0.00028427,0
1505582512,21595571,210.85,4.84628150,0
1505582512,21595570,210.84,0.87212886,0
1505582512,21595569,210.84,0.37805767,0
1505582512,21595568,210.84,0.50000000,1
1505582510,21595567,210.68,0.50000000,0
1505582455,21595517,210.74,0.37805767,1
1505582429,21595499,210.74,0.49407100,1
1505582428,21595498,210.74,0.13085014,1
1505582428,21595496,210.81,0.87212886,1
1505582428,21595495,210.81,0.23824114,1
1505582427,21595493,210.82,0.00260886,1
1505582311,21595441,210.82,1.00000000,1
1505582254,21595407,210.80,0.63049932,1
1505582226,21595354,210.75,1.11068000,0
1505582225,21595348,210.74,1.00294481,0
1505582205,21595292,210.56,0.00001017,1
1505582205,21595291,210.56,0.14138484,1
1505582202,21595281,210.55,0.86145453,0
1505582091,21595241,211.50,0.00704000,0
1505582091,21595240,211.17,0.50000000,1
1505582089,21595237,211.16,0.50000000,0
1505582079,21595232,211.17,2.10025098,0
1505581960,21595168,209.67,0.41855158,1
1505581960,21595167,209.97,0.00386929,1
1505581960,21595166,210.40,0.69227243,1
1505581960,21595164,210.40,0.30772757,1
1505581960,21595163,210.66,0.99672458,1
1505581960,21595162,210.67,1.11068000,1
1505581955,21595160,210.67,0.23828000,1
1505581751,21595017,210.43,0.03000500,0
1505581750,21595010,210.43,0.96999500,0
1505581749,21595009,210.03,0.03000000,0
1505581729,21594996,209.97,0.37903571,1
1505581728,21594995,209.98,0.12096429,1
1505581728,21594994,209.98,0.49999961,0
1505581726,21594991,209.98,0.61432900,0
1505581726,21594990,209.97,0.38290500,0
1505581726,21594989,209.96,0.50000000,0
1505581616,21594894,209.67,1.11130279,0
1505581616,21594893,209.67,0.41000000,0
1505581615,21594892,209.67,1.00042925,0
1505581610,21594884,209.67,1.03813223,0
1505581609,21594883,209.67,1.66994754,0
1505581609,21594882,209.66,0.50000000,1
1505581608,21594880,209.67,0.38100000,0
1505581607,21594878,209.83,0.03000000,1
1505581607,21594877,209.85,2.68905246,1
1505581606,21594874,209.85,0.50000000,1
1505581606,21594873,209.85,5.24450378,0
1505581604,21594871,209.85,4.84628150,0
1505581604,21594870,209.85,4.55292632,1
1505581508,21594758,209.71,3.11816050,0
1505581506,21594756,209.72,1.65087459,1
1505581505,21594755,209.73,4.77000000,1
1505581434,21594716,209.71,4.77000000,1
1505581433,21594710,209.72,4.77000000,1
1505581432,21594704,209.71,4.77000000,1
1505581314,21594600,209.44,0.37105537,1
1505581303,21594578,209.93,0.02629028,1
1505581303,21594576,210.16,0.89632791,1
1505581303,21594574,210.53,1.00000000,1
1505581303,21594573,210.53,1.15038237,1
1505581245,21594556,210.56,2.39225463,0
1505581230,21594544,210.56,1.14781609,0
1505581205,21594522,210.57,1.63010000,0
1505581181,21594515,210.57,0.16200000,0
1505581166,21594512,210.55,1.62990000,0
1505581162,21594510,210.57,3.09300000,0
1505581156,21594508,210.57,1.33777301,0
1505581154,21594506,210.54,0.34948699,0
1505580983,21594382,210.37,0.60000000,0
1505580982,21594376,210.16,0.51456063,0
1505580980,21594374,210.16,0.38122897,0
1505580978,21594370,210.16,0.37909500,0
1505580961,21594348,209.42,2.73638187,0
1505580961,21594347,209.80,0.38100000,1
1505580960,21594344,209.93,2.43359318,0
1505580959,21594341,209.93,0.71294000,1
1505580831,21594271,210.48,0.71085139,0
1505580791,21594264,210.56,0.25616443,1
1505580790,21594263,210.56,0.37730000,1
1505580789,21594262,210.57,0.24267465,0
1505580787,21594261,210.57,1.15192098,0
1505580784,21594257,210.56,0.37730000,1
1505580782,21594216,210.56,1.15195403,1
1505580781,21594215,210.56,1.11224000,0
1505580780,21594214,210.60,1.15189934,1
1505580780,21594213,210.61,0.37730000,1
1505580622,21594129,211.05,1.10681700,0
1505580615,21594122,211.05,2.36811000,0
1505580614,21594121,211.05,1.52507300,0
1505580596,21594113,211.03,5.00560593,0
1505580577,21594080,211.04,0.38296865,1
1505580577,21594077,211.04,0.09147592,1
1505580575,21594068,211.04,0.37730000,1
1505580574,21594058,211.04,0.38296865,1
1505580508,21594019,210.35,1.64310000,1
1505580487,21594010,211.27,0.67612000,0
1505580479,21594000,211.70,0.02087860,0
1505580478,21593999,211.37,0.07171847,1
1505580477,21593998,211.37,0.38296865,0
1505580448,21593985,211.43,0.48194551,0
1505580448,21593983,211.15,0.08804949,0
1505580446,21593980,211.15,0.38295051,0
1505580376,21593953,211.01,0.14199000,1
1505580374,21593950,211.01,0.47500114,1
1505580369,21593943,210.99,1.11019000,1
1505580367,21593940,210.99,0.50000000,0
1505580367,21593939,210.98,0.64126887,0
1505580289,21593899,211.12,4.27000000,1
1505580289,21593898,211.11,0.50000000,0
1505580276,21593894,209.43,16.20198597,1
1505580275,21593893,209.44,1.54000000,1
1505580275,21593892,209.86,1.00000000,1
1505580275,21593891,209.91,1.00052403,1
1505580274,21593890,211.25,4.77000000,1
1505580274,21593889,211.25,0.48749000,1
1505580244,21593877,211.25,0.62270000,1
1505580244,21593876,211.25,0.37730000,1
1505580237,21593873,211.24,1.33936659,0
1505580237,21593872,211.23,0.37860000,0
1505580236,21593871,210.68,0.22925826,1
1505580236,21593870,210.68,3.27941568,1
1505580236,21593869,210.69,0.37860000,1
1505580223,21593866,210.68,1.11318432,0
1505580223,21593865,210.67,0.37740000,0
1505580077,21593801,209.92,0.64126387,1
1505580067,21593790,211.22,5.54570291,1
1505580067,21593789,211.22,1.00000000,1
1505580063,21593781,211.22,1.00000000,1
1505580062,21593780,211.22,0.39093500,1
1505580059,21593776,211.22,1.31900384,1
1505580058,21593773,211.22,1.00000000,1
1505580052,21593747,211.22,1.00000000,1
1505580050,21593745,211.22,0.76245016,1
1505580049,21593744,211.22,3.03422860,1
1505580048,21593742,211.22,1.00000000,1
1505580045,21593741,211.22,0.59888258,1
1505580044,21593739,211.22,0.56260947,1
1505580041,21593733,211.22,1.00000000,1
1505580035,21593729,211.22,1.00000000,1
1505580016,21593704,211.22,2.06124036,1
1505580015,21593703,211.22,1.30302059,1
1505580004,21593692,211.24,0.73598750,0
1505580002,21593685,211.22,1.42297127,1
1505579996,21593676,211.23,1.62570000,1
1505579995,21593675,211.23,0.23059490,1
1505579989,21593673,211.24,0.39096629,1
1505579986,21593668,211.24,0.51786557,1
1505579986,21593667,211.25,0.37740000,1
1505579962,21593619,211.27,1.45070285,1
1505579953,21593592,211.26,1.35236198,0
1505579950,21593582,211.25,0.37820000,0
1505579931,21593557,211.45,0.96860000,1
1505579758,21593442,211.22,0.05454000,0
1505579629,21593352,211.11,0.14458432,1
1505579616,21593342,211.10,0.73694927,1
1505579607,21593328,211.06,4.12399313,1
1505579529,21593259,211.98,1.52537400,0
1505579497,21593224,211.67,4.50126000,1
1505579475,21593199,211.50,0.22158400,0
1505579406,21593081,210.14,0.49000000,1
1505579394,21593073,210.13,1.64590000,1
1505579355,21593057,210.04,1.00000000,1
1505579355,21593056,210.03,0.08067326,0
1505579351,21593053,210.02,0.50000000,0
1505579289,21592978,209.87,0.03448235,1
1505579289,21592977,210.03,0.46551765,1
1505579287,21592976,209.86,0.00000534,0
1505579286,21592974,209.86,1.12140000,0
1505579165,21592932,209.85,1.43465000,0
1505579066,21592893,210.02,0.99509571,1
1505579027,21592878,210.03,0.37820000,1
1505579026,21592876,210.03,1.12140000,1
1505578999,21592850,210.70,3.88727394,1
1505578959,21592828,212.00,5.13793157,1
1505578958,21592827,211.70,0.55000000,0
1505578958,21592826,211.52,1.00000000,0
1505578958,21592825,211.50,1.00000000,0
1505578958,21592823,211.00,0.02450000,0
1505578957,21592822,211.00,1.64600640,0
1505578957,21592821,211.00,1.23097124,0
1505578957,21592820,210.52,0.50000000,0
1505578957,21592818,210.11,0.26219428,0
1505578955,21592815,210.10,3.91000000,1
1505578955,21592814,210.10,0.86649468,0
1505578954,21592813,210.10,3.90350532,0
1505578954,21592812,210.10,0.73164918,0
1505578854,21592754,210.11,0.22751277,1
1505578854,21592753,210.11,0.64000000,0
1505578854,21592752,210.11,3.04000000,0
1505578853,21592750,210.11,1.09248723,0
1505578847,21592732,210.11,0.63751277,0
1505578846,21592731,210.11,0.00000523,0
1505578823,21592692,210.11,3.04429400,0
1505578820,21592682,210.11,1.72570077,0
1505578820,21592681,210.11,0.07144323,0
1505578816,21592660,210.11,0.85480485,0
1505578816,21592658,209.24,0.07143815,0
1505578796,21592631,209.00,0.05656965,1
1505578796,21592629,209.02,1.12680900,0
1505578795,21592626,209.00,0.50000000,1
1505578794,21592623,209.00,0.13323190,0
1505578794,21592621,209.00,1.18338400,0
1505578793,21592619,209.00,0.68338410,0
1505578793,21592618,209.00,0.40034790,0
1505578793,21592617,208.99,0.50000000,0
1505578790,21592614,209.01,0.32563035,0
1505578697,21592564,208.34,0.25936649,1
1505578697,21592563,208.38,1.01113351,1
1505578697,21592562,208.39,0.38220000,1
1505578674,21592549,208.34,0.00000500,0
1505578673,21592548,208.34,0.49999500,0
1505578659,21592543,208.30,0.00007840,0
1505578658,21592540,208.30,0.47592160,0
1505578652,21592532,208.39,0.06062720,0
1505578651,21592529,208.39,0.27201602,0
1505578647,21592527,208.40,0.06064208,0
1505578647,21592525,208.40,0.11790000,0
1505578647,21592524,208.39,0.38210000,0
1505578645,21592519,208.20,0.21128652,1
1505578645,21592518,208.20,1.08976348,0
1505578645,21592517,208.40,0.47595000,1
1505578643,21592516,208.41,0.38300000,1
1505578618,21592503,208.40,0.38300000,1
1505578574,21592457,208.36,0.26786434,1
1505578574,21592456,208.37,0.38210000,1
1505578574,21592455,208.38,1.00153566,1
1505578557,21592448,208.71,0.49991922,0
1505578555,21592442,208.73,0.00000421,1
1505578554,21592440,208.73,0.03989679,0
1505578554,21592439,208.72,0.02328900,0
1505578535,21592433,208.38,1.65150000,1
1505578507,21592419,208.71,0.13462000,0
1505578473,21592413,208.70,0.38090000,1
1505578472,21592412,208.70,0.69225300,0
1505578471,21592411,208.70,0.43289700,0
1505578461,21592409,208.71,0.23003210,0
1505578458,21592406,208.20,1.07847783,1
1505578457,21592405,208.19,0.73730726,1
1505578451,21592401,208.72,0.47671100,0
1505578451,21592399,208.73,0.43648102,0
1505578446,21592395,208.73,0.09225547,1
1505578446,21592393,208.74,0.07143815,1
1505578441,21592391,208.74,1.72896808,1
1505578434,21592388,209.33,4.04122674,1
1505578434,21592387,209.33,0.72877326,0
1505578433,21592386,209.33,3.88000000,1
1505578433,21592385,209.33,0.75000000,1
1505578433,21592384,209.33,0.14122674,1
1505578407,21592371,209.33,3.87536000,1
1505578403,21592370,209.33,0.75341326,1
1505578403,21592369,209.33,0.26507674,1
1505578402,21592367,209.33,0.85454300,1
1505578402,21592366,209.34,1.12515000,1
1505578402,21592364,209.34,0.38200000,1
1505578398,21592361,210.11,0.23317138,0
1505578367,21592355,209.27,1.00000000,0
1505578365,21592354,209.26,0.50000000,1
1505578364,21592352,209.26,0.12000000,1
1505578362,21592348,209.26,0.12000000,0
1505578361,21592347,209.26,0.38000000,0
1505578361,21592346,209.25,1.42723736,1
1505578361,21592345,209.25,0.38468289,1
1505578338,21592328,209.25,0.74531711,0
1505578338,21592327,209.25,0.38000000,1
1505578338,21592326,209.25,3.26354789,1
1505578337,21592325,209.25,1.12545211,1
1505578336,21592324,209.24,0.38100000,0
1505578318,21592308,209.38,0.21878881,1
1505578317,21592306,209.38,0.90662000,1
1505578317,21592305,209.35,0.00004330,0
1505578316,21592304,209.36,0.90662018,1
1505578314,21592300,209.37,0.38100000,1
1505578314,21592299,209.37,0.38090000,1
1505578286,21592274,209.33,1.60200000,1
1505578285,21592271,210.00,3.90502100,0
1505578279,21592258,210.00,0.32277760,0
1505578276,21592251,210.00,1.81157000,0
1505578273,21592246,209.99,0.15548700,0
1505578273,21592245,209.80,0.17169800,0
1505578272,21592243,210.00,0.91809802,0
1505578272,21592242,209.67,0.63480000,0
1505578271,21592241,209.62,0.25902198,0
1505578269,21592236,209.62,0.09225547,0
1505578269,21592235,209.52,0.07131375,0
1505578269,21592233,209.50,0.15634604,0
1505578262,21592223,209.50,0.20930200,0
1505578254,21592205,209.19,0.08737414,0
1505578253,21592201,209.18,4.77000000,0
1505578221,21592184,209.37,0.96925396,0
1505578220,21592183,209.29,0.37910000,0
1505578220,21592182,209.28,0.08737414,0
1505578194,21592174,209.34,1.04775549,0
1505578178,21592162,208.76,0.56784858,1
1505578175,21592160,208.76,0.19529411,1
1505578174,21592159,208.76,0.54000000,1
1505578167,21592152,208.72,0.55000000,1
1505578167,21592151,208.73,0.38100000,1
1505578167,21592150,209.02,0.07131375,1
1505578167,21592149,209.02,0.07967735,1
1505578153,21592140,209.55,0.37903225,0
1505578134,21592126,209.02,0.42032265,1
1505578100,21592117,209.62,0.38100000,1
1505578097,21592116,209.76,0.73056970,1
1505578095,21592114,209.77,0.15646798,1
1505578087,21592109,209.77,0.47834164,1
1505578085,21592103,209.77,0.49079038,1
1505577986,21592052,210.11,0.81790491,0
1505577970,21592041,210.07,1.12397000,0
1505577970,21592040,210.07,0.50000000,0
1505577965,21592031,210.08,0.31802690,0
1505577965,21592030,210.01,1.64880000,0
1505577950,21592018,210.11,0.00000615,1
1505577949,21592012,210.11,35.93303266,1
1505577874,21591950,210.11,3.58000000,1
1505577830,21591934,210.11,4.77000000,1
1505577818,21591924,210.11,7.24589600,1
1505577803,21591916,210.11,1.00000000,1
1505577792,21591903,210.11,0.70025071,1
1505577775,21591884,210.11,5.80399843,1
1505577775,21591883,210.11,1.37982714,1
1505577774,21591882,210.11,0.17433755,1
1505577774,21591881,210.12,1.00004759,1
1505577774,21591880,210.13,0.09351480,1
1505577774,21591879,210.13,0.37910000,1
1505577757,21591852,210.50,0.34666343,1
1505577757,21591849,210.50,1.37871887,1
1505577756,21591848,210.50,0.39225600,1
1505577755,21591842,210.50,2.50722437,0
1505577754,21591840,210.49,0.73056970,0
1505577754,21591838,210.14,0.08241032,0
1505577754,21591836,210.13,0.06215731,0
1505577732,21591782,210.13,0.43784269,0
1505577732,21591780,210.12,0.06215231,0
1505577730,21591772,210.11,0.72060090,1
1505577718,21591754,210.12,1.47808553,1
1505577718,21591752,210.12,0.41191447,1
1505577718,21591751,210.12,0.09351480,1
1505577718,21591749,210.12,1.28307950,1
1505577712,21591746,210.12,1.52800000,1
1505577695,21591715,210.12,0.13740776,1
1505577687,21591699,210.12,2.29702075,1
1505577681,21591672,210.12,1.45775322,1
1505577675,21591663,210.12,0.61620588,1
1505577674,21591661,210.12,0.64026674,1
1505577674,21591660,210.13,0.49997621,1
1505577674,21591659,210.13,0.12575705,1
1505577674,21591657,210.13,0.12578084,1
1505577673,21591655,210.13,0.50000000,1
1505577672,21591653,210.13,0.38135916,0
1505577658,21591640,210.12,0.38675672,1
1505577656,21591638,210.13,0.11864084,0
1505577652,21591631,210.11,1.05782681,1
1505577651,21591627,210.12,2.36399451,1
1505577649,21591623,210.11,0.49437712,1
1505577628,21591605,210.11,0.20550980,1
1505577625,21591603,210.11,1.54400000,1
1505577623,21591602,210.11,0.69823668,1
1505577620,21591599,210.11,5.94085000,1
1505577618,21591593,210.11,0.23151000,1
1505577614,21591584,210.11,0.57021300,1
1505577611,21591578,210.11,2.90255812,1
1505577605,21591570,210.12,1.08303454,1
1505577595,21591555,210.11,0.14425729,1
1505577594,21591552,210.11,0.41007600,1
1505577589,21591545,210.11,0.20294127,1
1505577586,21591539,210.47,1.32947904,0
1505577584,21591535,210.12,0.81672264,1
1505577584,21591533,210.12,0.82141927,0
1505577582,21591528,210.12,0.62580044,1
1505577580,21591520,210.12,0.08053524,1
1505577578,21591515,210.13,2.09817589,1
1505577576,21591512,210.13,0.08014088,0
1505577575,21591506,210.12,0.18425548,1
1505577575,21591503,210.11,0.17559713,1
1505577575,21591501,210.12,1.12397000,1
1505577573,21591496,210.12,1.32091182,0
1505577572,21591491,210.12,0.12093940,1
1505577568,21591479,210.11,0.28178600,1
1505577567,21591477,210.11,1.18241000,1
1505577567,21591473,210.11,1.17794400,1
1505577567,21591472,210.11,2.20215100,1
1505577566,21591471,210.11,0.08268150,1
1505577566,21591468,210.11,1.31066913,1
1505577565,21591465,210.11,0.38991000,1
1505577565,21591462,210.11,0.73128343,1
1505577565,21591461,210.12,0.99566914,1
1505577564,21591458,210.12,1.72691000,1
1505577564,21591456,210.11,4.77000000,1
1505577563,21591454,210.10,0.41032375,0
1505577563,21591453,210.09,0.50000000,0
1505577563,21591451,210.08,4.77000000,0
1505577563,21591449,210.08,0.67508904,0
1505577562,21591448,210.05,0.74000000,0
1505577557,21591423,210.08,2.09411857,1
1505577556,21591416,208.87,0.05713874,0
1505577556,21591415,208.87,0.07142103,0
1505577556,21591414,208.34,0.03667244,0
1505577556,21591413,208.33,0.59028381,0
1505577555,21591411,208.33,0.54336395,0
1505577555,21591409,208.33,0.06965524,0
1505577555,21591408,208.33,0.50000000,0
1505577550,21591381,207.84,0.73854888,0
1505577549,21591380,207.80,1.31066913,1
1505577549,21591378,207.84,0.03667244,1
1505577543,21591363,208.35,0.86177400,0
1505577539,21591351,207.70,0.24998328,1
1505577539,21591349,207.70,0.35812729,1
1505577539,21591348,207.70,0.05713874,1
1505577539,21591347,207.70,0.07142103,1
1505577538,21591346,207.84,0.08069589,1
1505577536,21591339,207.85,0.00028631,1
1505577536,21591338,208.65,1.09062000,1
1505577535,21591335,207.85,0.50358631,1
1505577535,21591332,208.39,0.23496257,1
1505577534,21591331,208.78,3.70375146,0
1505577534,21591330,208.56,0.04577526,0
1505577534,21591328,208.37,0.24998328,0
1505577532,21591325,207.84,0.67187000,1
1505577531,21591321,208.29,0.31134476,0
1505577529,21591315,207.84,1.39472844,0
1505577529,21591310,207.84,0.04577526,0
1505577528,21591309,207.95,0.31614041,1
1505577528,21591308,207.95,0.42000000,1
1505577528,21591306,208.06,1.12837000,1
1505577523,21591296,208.37,0.35812729,0
1505577523,21591295,208.30,0.71281790,0
1505577522,21591294,208.05,2.43866045,1
1505577522,21591293,208.05,2.40762105,1
1505577520,21591288,208.30,0.02410000,1
1505577519,21591287,208.35,0.00004236,1
1505577519,21591286,208.37,0.05713874,0
1505577518,21591285,208.35,0.35103115,1
1505577518,21591284,208.35,0.94819491,1
1505577517,21591283,208.37,0.07142103,1
1505577516,21591277,209.44,0.38100000,1
1505577516,21591274,209.61,0.73060447,1
1505577507,21591251,211.01,77.38670646,0
1505577507,21591250,211.01,3.44380300,1
1505577507,21591248,211.01,1.28441400,1
1505577507,21591247,211.00,0.50000000,0
1505577506,21591245,211.00,17.27100000,1
1505577506,21591243,211.00,0.73060447,1
1505577506,21591240,211.00,12.95598200,1
1505577506,21591238,211.00,4.77000000,1
1505577505,21591231,210.79,0.57000000,0
1505577505,21591228,210.50,0.02500000,0
1505577505,21591225,210.40,2.96929928,0
1505577504,21591224,210.10,1.00000000,0
1505577504,21591223,210.10,4.77000000,1
1505577504,21591222,210.00,0.50000000,0
1505577504,21591221,209.20,3.08980253,0
1505577503,21591220,209.19,4.77000000,1
1505577502,21591219,209.19,4.99000000,0
1505577483,21591206,208.95,0.69492224,0
1505577477,21591196,208.97,0.45385700,0
1505577476,21591195,208.37,0.70020000,1
1505577472,21591194,208.97,1.72884460,0
1505577472,21591193,208.97,2.61956982,0
1505577472,21591192,208.97,0.42158558,0
1505577467,21591187,209.00,1.86259224,0
1505577466,21591186,208.99,1.12667000,0
1505577391,21591141,208.35,0.00003000,1
1505577391,21591140,208.36,1.08667000,1
1505577367,21591119,208.36,0.04000000,1
1505577354,21591109,208.99,0.77831475,0
1505577352,21591107,208.60,0.17659324,0
1505577221,21590960,208.59,0.20766000,0
1505577221,21590959,208.58,0.91747398,0
1505577212,21590956,208.60,0.71045600,0
1505577212,21590955,208.59,0.20766000,0
1505577183,21590918,208.59,0.29234000,0
1505577183,21590916,208.57,0.20801000,0
1505577150,21590838,208.34,0.51841635,1
1505577150,21590837,208.35,0.04251365,1
1505577146,21590821,208.35,0.16549635,1
1505577131,21590782,208.60,0.11295076,0
1505577131,21590781,208.58,0.44704924,0
1505577093,21590696,208.59,0.20777602,0
1505577065,21590668,208.50,0.20666633,1
1505577065,21590667,208.70,0.00000034,1
1505577060,21590663,208.70,1.91380600,1
1505577059,21590662,208.70,2.73372600,1
1505577049,21590656,208.50,0.41826192,1
1505577028,21590642,208.51,0.52375000,1
1505577028,21590641,208.52,1.12525000,1
1505576990,21590625,209.00,5.74387062,1
1505576990,21590623,209.00,0.44700000,1
1505576988,21590618,209.00,0.08361826,1
1505576988,21590617,209.00,1.98693781,1
1505576987,21590616,208.96,0.12392470,0
1505576986,21590614,208.64,0.30387270,1
1505576930,21590586,209.15,1.00222970,0
1505576930,21590585,208.96,0.59000000,0
1505576930,21590584,208.66,0.22988505,0
1505576928,21590583,208.52,0.05449013,0
1505576919,21590580,208.49,0.55196746,1
1505576889,21590564,208.51,4.82275081,0
1505576835,21590528,208.34,0.70898000,1
1505576828,21590522,208.52,0.06215231,0
1505576819,21590504,208.33,3.91694123,1
1505576807,21590493,208.33,0.50000000,1
1505576806,21590492,208.33,0.50000000,0
1505576669,21590400,208.53,0.22988505,1
1505576664,21590389,208.66,0.14621000,1
1505576663,21590384,208.66,0.26274922,1
1505576661,21590374,208.52,0.31179525,1
1505576661,21590372,208.53,0.99563612,1
1505576661,21590371,208.66,0.15509863,1
1505576661,21590370,208.66,0.25533400,1
1505576660,21590369,208.66,0.08956737,0
1505576660,21590367,208.66,0.03990000,0
1505576660,21590366,208.65,0.38010000,0
1505576659,21590365,208.66,0.50000000,0
1505576659,21590363,208.66,0.10385959,0
1505576658,21590362,208.62,0.31614041,0
1505576658,21590360,208.52,0.50561346,1
1505576657,21590359,208.62,0.42000000,0
1505576656,21590355,208.52,0.41349653,1
1505576651,21590343,208.52,0.50000000,0
1505576651,21590342,208.52,0.50000000,0
1505576651,21590340,208.30,0.32631004,0
1505576631,21590305,208.30,0.33926726,0
1505576631,21590303,207.63,0.08892274,0
1505576631,21590302,207.62,0.50000000,0
1505576630,21590297,207.63,0.17882772,0
1505576629,21590294,207.62,0.23230500,0
1505576626,21590290,207.62,0.26769500,0
1505576621,21590267,207.55,0.10000000,1
1505576614,21590250,207.63,0.47154540,1
1505576613,21590248,207.63,0.52628728,1
1505576613,21590247,208.00,2.00000000,1
1505576613,21590246,208.20,0.73444976,1
1505576613,21590245,208.20,0.88876080,1
1505576612,21590240,208.30,0.07134060,1
1505576610,21590231,209.15,4.38584747,1
1505576610,21590229,209.02,0.07134088,1
1505576610,21590226,208.88,0.47972434,0
1505576609,21590222,208.30,0.92865940,1
1505576609,21590221,208.49,0.13381776,1
1505576609,21590220,208.49,0.09950896,1
1505576609,21590218,208.52,0.07134088,1
1505576608,21590216,208.49,0.20049104,1
1505576608,21590215,208.49,0.30000000,1
1505576608,21590214,208.52,0.50000000,1
1505576607,21590212,208.66,0.73332696,1
1505576605,21590200,208.88,4.10383428,1
1505576604,21590196,208.88,0.33370079,1
1505576603,21590194,208.88,9.39993887,1
1505576602,21590179,208.88,5.47698900,1
1505576600,21590170,208.89,5.91521656,1
1505576600,21590169,209.00,0.50000000,1
1505576599,21590167,209.00,2.10656844,1
1505576589,21590127,209.00,1.42675111,1
1505576589,21590125,209.02,0.00013885,1
1505576588,21590117,209.02,0.31958665,1
1505576587,21590111,209.02,0.18027450,1
1505576587,21590110,209.15,0.06084050,1
1505576582,21590072,209.10,0.50000000,1
1505576582,21590071,209.10,5.87972366,1
1505576574,21590046,209.20,1.24458500,0
1505576574,21590044,209.19,3.52541500,0
1505576568,21590036,209.10,1.53422600,1
1505576568,21590034,209.15,3.52541500,1
1505576566,21590029,209.20,1.29851667,0
1505576566,21590028,209.20,0.44000000,1
1505576565,21590026,209.20,3.02909952,1
1505576565,21590025,209.20,1.30745522,1
1505576564,21590019,209.20,0.43344526,1
1505576553,21590007,209.16,0.71540000,1
1505576553,21590006,209.20,0.93000000,1
1505576544,21589994,209.15,0.39152623,1
1505576543,21589992,209.10,3.49334290,1
1505576542,21589990,209.11,4.77000000,1
1505576538,21589984,209.10,12.76774000,1
1505576528,21589944,209.10,7.97476000,1
1505576513,21589926,209.10,1.19740000,1
1505576513,21589925,209.11,0.38010000,1
1505576513,21589924,209.20,0.07000000,1
1505576501,21589923,209.70,3.23013021,0
1505576501,21589922,209.70,0.92857000,0
1505576454,21589906,209.02,1.64710000,1
1505576416,21589859,209.70,0.07143000,0
1505576360,21589834,209.00,0.73444976,1
1505576358,21589833,209.00,2.64073053,1
1505576358,21589832,209.29,0.18294700,1
1505576356,21589831,209.30,0.26219428,1
1505576356,21589830,209.30,0.95000000,1
1505576349,21589829,209.30,0.05000000,1
1505576317,21589818,209.90,3.86531681,1
1505576315,21589817,209.89,0.17055500,0
1505576311,21589816,209.31,1.64970000,1
1505576293,21589813,209.90,0.17134639,0
1505576293,21589812,209.80,1.00000000,0
1505576292,21589811,209.79,0.44806025,0
1505576262,21589790,209.30,0.05000000,1
1505576261,21589789,209.30,0.15900000,1
1505576173,21589736,210.00,0.50426600,0
1505576172,21589732,209.99,0.49699400,0
1505576154,21589696,209.30,0.05175585,1
1505576144,21589686,209.30,1.81654000,1
1505576144,21589684,209.30,0.19381500,1
1505576136,21589668,209.30,0.16948800,1
1505576047,21589601,209.29,0.54713623,1
1505576040,21589596,209.32,0.73332696,1
1505576039,21589595,209.32,0.07677619,1
1505576039,21589594,209.40,0.16045800,1
1505576038,21589593,209.95,0.00000081,1
1505576038,21589589,209.41,0.06929119,0
1505576037,21589588,209.40,0.16045800,0
1505576037,21589587,209.32,1.64300000,0
1505576027,21589585,209.41,0.04209490,1
1505576027,21589584,209.41,0.68861391,1
1505575941,21589538,210.45,1.51766689,1
1505575919,21589521,210.45,4.47000000,1
1505575907,21589511,210.45,4.47000000,1
1505575887,21589489,210.47,0.23723500,1
1505575876,21589479,210.49,0.16045800,1
1505575844,21589441,210.45,4.47000000,1
1505575843,21589440,210.45,4.47000000,1
1505575842,21589439,210.45,3.38000000,1
1505575842,21589438,210.45,1.09000000,1
1505575842,21589435,210.40,0.37740000,0
1505575842,21589434,210.40,0.37900000,0
1505575841,21589432,210.00,3.37593311,0
1505575841,21589431,210.00,0.65927808,1
1505575841,21589430,210.01,0.43478881,1
1505575831,21589426,210.42,1.40588465,0
1505575830,21589421,210.42,0.12104748,0
1505575829,21589419,210.42,0.50000000,1
1505575829,21589418,210.51,0.37900000,1
1505575828,21589417,210.51,0.37740000,1
1505575718,21589355,211.89,0.72561234,0
1505575718,21589354,211.02,0.49962360,0
1505575717,21589351,210.99,0.37900000,0
1505575707,21589345,211.02,0.00037640,0
1505575707,21589344,210.81,0.53827360,0
1505575617,21589239,210.81,3.46172640,0
1505575615,21589238,210.80,1.11308300,0
1505575580,21589231,210.27,3.00000000,1
1505575529,21589200,210.20,2.96929928,1
1505575529,21589199,210.52,0.50000000,1
1505575529,21589198,210.53,0.19863000,1
1505575511,21589188,210.81,0.37900000,0
1505575510,21589187,210.81,4.47000000,1
1505575447,21589149,211.41,0.19780700,0
1505575446,21589148,211.39,0.02852500,0
1505575441,21589145,211.41,0.34827500,0
1505575432,21589137,211.42,0.46638000,1
1505575426,21589132,211.50,2.34951879,1
1505575421,21589123,211.50,0.48555374,1
1505575419,21589120,211.50,0.27800000,1
1505575415,21589115,211.50,0.24609925,1
1505575414,21589114,211.50,0.24600349,1
1505575413,21589109,211.50,0.30056733,1
1505575401,21589097,211.42,0.03362000,1
1505575262,21588988,212.10,2.00126000,0
1505575259,21588984,211.50,0.09351480,1
1505575259,21588983,211.54,1.11226000,1
1505575259,21588982,211.55,0.37680000,1
1505575193,21588961,211.87,0.20831361,1
1505575192,21588960,211.86,0.04468639,0
1505575192,21588959,211.86,0.20831361,0
1505575192,21588958,211.85,0.16868639,0
1505575192,21588957,211.85,0.20831361,0
1505575100,21588912,211.34,0.20831361,1
1505575057,21588878,211.27,0.12218779,0
1505575057,21588877,211.27,0.18484401,0
1505575055,21588874,211.28,0.16240206,1
1505575032,21588871,211.26,0.10000000,1
1505574879,21588746,211.56,0.25300000,0
1505574878,21588745,211.56,0.37700000,1
1505574825,21588711,212.49,0.46943386,0
1505574763,21588646,212.50,3.00000000,0
1505574759,21588642,212.49,2.85599322,0
1505574757,21588639,211.81,0.04996451,0
1505574747,21588630,211.80,3.00000000,0
1505574696,21588549,211.30,0.00000509,0
1505574696,21588547,211.30,1.84788400,0
1505574686,21588525,211.30,0.10758963,0
1505574686,21588524,210.99,0.00000037,0
1505574682,21588519,210.37,5.00000000,1
1505574629,21588480,210.99,0.47553212,0
1505574629,21588479,210.99,0.51160387,0
1505574629,21588478,210.95,0.37965401,0
1505574613,21588441,210.95,0.73517599,0
1505574613,21588437,210.94,0.37640000,1
1505574611,21588429,210.94,0.37800000,0
1505574611,21588428,210.94,0.80000000,0
1505574605,21588407,210.30,1.95547872,1
1505574586,21588343,210.99,0.00000343,1
1505574585,21588341,210.99,1.02798000,1
1505574582,21588332,210.99,0.43067075,1
1505574580,21588321,211.16,0.50141399,1
1505574579,21588317,210.99,0.60319327,1
1505574579,21588316,211.02,0.50191305,1
1505574579,21588315,211.02,0.47388873,1
1505574578,21588314,211.07,0.37640000,1
1505574578,21588313,211.08,0.37800000,1
1505574578,21588312,211.08,1.01178850,1
1505574578,21588311,211.13,0.65481645,1
1505574576,21588306,211.08,0.10304150,1
1505574558,21588268,211.80,2.47204723,0
1505574558,21588267,211.43,0.00413873,0
1505574558,21588265,211.43,0.82360735,0
1505574555,21588245,211.02,0.50000000,0
1505574555,21588243,211.01,4.47000000,1
1505574492,21588171,211.39,1.10126000,1
1505574478,21588159,211.43,0.84000000,1
1505574476,21588156,211.43,0.82666188,1
1505574476,21588155,211.43,0.31861074,1
1505574476,21588154,211.43,0.51378577,1
1505574475,21588153,211.43,0.37800000,1
1505574475,21588151,211.43,0.37650000,0
1505574475,21588149,211.43,0.28058000,0
1505574475,21588147,211.42,0.14027102,0
1505574474,21588145,211.01,0.06086321,0
1505574470,21588139,211.01,2.62952087,1
1505574470,21588137,211.02,0.00007010,1
1505574469,21588134,211.02,0.14018990,1
1505574466,21588130,210.76,0.04847332,0
1505574466,21588129,210.74,0.06059741,0
1505574465,21588128,210.73,3.30000000,0
1505574464,21588127,209.42,2.89183007,1
1505574464,21588126,209.42,0.04847332,0
1505574464,21588125,209.42,1.17000000,0
1505574464,21588124,210.02,0.50000000,1
1505574463,21588123,210.24,0.06059741,1
1505574463,21588122,210.24,3.30000000,0
1505574463,21588121,210.26,1.55000000,1
1505574463,21588120,210.26,1.17000000,0
1505574462,21588119,211.01,3.30000000,0
1505574462,21588118,211.01,0.28058000,0
1505574462,21588117,211.01,0.14000000,0
1505574461,21588116,211.01,0.65000000,1
1505574461,21588115,211.01,0.38000000,1
1505574461,21588114,211.01,1.36000000,1
1505574461,21588113,211.01,1.95250920,1
1505574460,21588112,211.44,0.14000000,0
1505574459,21588111,211.44,0.14000000,0
1505574458,21588109,211.44,0.14000000,0
1505574457,21588108,211.01,0.06081859,1
1505574449,21588100,211.01,0.06077397,1
1505574420,21588086,211.01,0.65797715,1
1505574417,21588080,211.01,0.37792100,1
1505574415,21588076,211.00,0.00000009,0
1505574415,21588073,211.00,1.36000000,1
1505574415,21588072,211.00,0.73000000,1
1505574415,21588070,211.00,2.38241591,1
1505574415,21588069,211.01,0.37800000,1
1505574408,21588057,211.00,1.35558600,1
1505574408,21588056,211.02,0.19432900,1
1505574407,21588053,211.02,0.50000000,0
1505574406,21588052,211.00,0.73199809,0
1505574389,21588029,210.10,50.00200000,1
1505574388,21588028,210.10,22.41600000,1
1505574388,21588027,210.10,0.67713712,1
1505574388,21588025,210.22,1.83286288,1
1505574388,21588024,210.22,2.63713712,1
1505574388,21588023,210.22,0.50000000,1
1505574388,21588022,210.23,0.31588000,1
1505574388,21588021,210.24,0.37799000,1
1505574382,21588018,211.09,0.37650000,0
1505574377,21588013,211.11,0.12148908,1
1505574376,21588009,211.11,1.55000000,0
1505574347,21587994,211.16,0.31445349,0
1505574345,21587993,211.15,0.37640000,0
1505574345,21587992,211.15,0.25393931,0
1505574280,21587955,211.20,0.37640000,1
1505574280,21587954,211.21,0.48384488,1
1505574279,21587953,211.21,0.62537512,0
1505574275,21587949,211.21,0.50000000,1
1505574275,21587948,211.21,0.50000000,1
1505574271,21587942,211.20,0.06075968,1
1505574268,21587938,211.20,0.06072940,1
1505574216,21587855,211.62,4.25757293,0
1505574216,21587854,211.61,3.59707988,0
1505574170,21587831,211.12,1.51555662,0
1505574138,21587824,210.27,14.82155758,1
1505574138,21587823,210.28,3.12000000,1
1505574138,21587822,210.29,1.95844242,1
1505574135,21587821,210.27,1.08017015,0
1505574088,21587798,210.01,0.73091749,1
1505574079,21587786,210.02,1.78150677,0
1505574079,21587785,210.79,0.23336529,1
1505574078,21587784,210.79,1.38455013,1
1505574078,21587781,210.53,0.06028036,0
1505574078,21587780,210.50,0.04855238,0
1505574077,21587779,210.38,1.93446355,0
1505574076,21587776,210.02,0.03406296,0
1505574065,21587767,210.01,1.50000000,1
1505574057,21587754,210.30,0.03399904,0
1505574022,21587720,209.70,0.73199809,1
1505573968,21587638,210.39,0.00000081,0
1505573967,21587637,210.38,1.93543000,1
1505573966,21587634,210.38,0.37634112,0
1505573917,21587594,209.72,5.00000000,1
1505573897,21587549,209.74,0.31307300,1
1505573871,21587484,210.00,0.04855238,1
1505573869,21587480,210.00,0.55000000,1
1505573869,21587479,210.00,4.76185714,1
1505573861,21587459,210.02,0.51308500,0
1505573860,21587456,210.02,0.31453200,0
1505573859,21587453,210.02,0.31439000,0
1505573859,21587452,210.02,0.23157300,0
1505573857,21587450,210.02,0.37946500,1
1505573856,21587449,210.53,0.00032051,0
1505573856,21587448,210.03,0.45735849,0
1505573854,21587444,210.03,0.06060087,1
1505573853,21587441,210.03,0.51821164,1
1505573836,21587408,211.10,2.63822832,0
1505573830,21587399,211.11,0.00005888,1
1505573830,21587397,211.11,3.45470082,1
1505573829,21587392,211.11,1.48017943,1
1505573823,21587374,211.11,0.40812842,1
1505573823,21587371,211.11,0.46276521,1
1505573822,21587369,211.11,0.78063565,1
1505573819,21587358,211.11,0.04349548,1
1505573811,21587342,211.11,3.77491972,1
1505573810,21587338,211.11,0.40811329,1
1505573810,21587336,211.11,2.51066772,1
1505573807,21587328,211.15,0.00557085,1
1505573806,21587326,211.15,1.10859915,1
1505573795,21587310,211.44,0.00054382,1
1505573731,21587234,211.16,0.37246776,0
1505573731,21587233,211.16,0.40397242,0
1505573704,21587214,211.16,0.00051690,0
1505573704,21587213,211.14,0.73786010,0
1505573699,21587206,211.11,4.47000000,1
1505573698,21587205,211.11,4.47000000,1
1505573691,21587203,211.11,4.47000000,1
1505573672,21587196,211.14,0.37640000,0
1505573649,21587183,211.11,77.70000000,1
1505573640,21587174,211.14,0.58377700,0
1505573637,21587167,211.16,0.00367395,1
1505573636,21587164,211.16,0.73111605,1
1505573628,21587138,210.84,0.30647590,1
1505573628,21587137,211.15,0.42875400,1
1505573623,21587132,210.84,0.07913410,0
1505573623,21587129,210.84,0.30647400,0
1505573622,21587128,210.56,0.01118501,0
1505573622,21587126,210.56,0.04937864,0
1505573622,21587124,210.07,0.04209490,0
1505573622,21587122,209.41,4.63046227,0
1505573622,21587120,209.41,4.06290785,0
1505573621,21587119,210.00,4.47000000,1
1505573621,21587118,210.00,0.19145030,1
1505573621,21587116,210.06,0.06056365,1
1505573620,21587113,210.07,0.68861391,0
1505573619,21587112,210.07,0.20000000,1
1505573616,21587109,210.00,0.78997827,1
1505573616,21587108,210.00,0.59500000,1
1505573615,21587107,210.06,0.72824746,1
1505573615,21587106,210.78,0.72597427,1
1505573614,21587105,211.00,6.23615551,1
1505573614,21587103,211.00,18.76384449,1
1505573614,21587102,211.10,0.20000000,1
1505573614,21587101,211.31,0.04996451,1
1505573533,21587047,211.32,1.00000000,1
1505573530,21587046,212.27,1.70454757,0
1505573519,21586996,211.32,1.66841100,1
1505573519,21586993,211.32,0.00000300,1
1505573513,21586988,211.32,0.81504700,0
1505573512,21586987,211.57,1.11470000,1
1505573507,21586986,211.51,11.23000000,1
1505573504,21586985,211.51,1.00000000,1
1505573481,21586969,211.55,6.25601786,0
1505573480,21586967,211.92,0.55271968,0
1505573480,21586965,211.92,0.11814000,1
1505573478,21586962,211.93,0.17998551,0
1505573476,21586955,211.93,0.93284449,0
1505573475,21586954,211.53,0.03378000,0
1505573475,21586953,211.53,1.96622000,1
1505573466,21586948,211.94,0.04485433,0
1505573466,21586947,211.93,0.05605638,0
1505573464,21586942,211.12,0.94403070,0
1505573463,21586941,211.44,1.93194642,0
1505573463,21586939,211.31,0.94394362,0
1505573462,21586937,211.43,0.05605638,1
1505573462,21586936,211.44,0.04485433,1
1505573458,21586927,212.07,10.08707954,0
1505573451,21586909,212.09,0.48859400,1
1505573449,21586903,212.10,1.05066000,1
1505573448,21586902,212.10,0.27593510,1
1505573447,21586900,212.10,0.37560000,1
1505573446,21586897,212.51,1.96622000,0
1505573445,21586895,212.10,0.04157881,0
1505573445,21586894,212.10,0.02844009,0
1505573445,21586893,211.44,0.00000024,1
1505573445,21586892,211.63,3.67034000,0
1505573443,21586884,211.63,0.93665976,1
1505573434,21586874,211.43,3.75842098,1
1505573434,21586873,211.43,0.67053721,1
1505573434,21586872,211.60,0.04157881,1
1505573433,21586871,211.60,0.02844009,1
1505573433,21586870,211.61,0.97155991,1
1505573423,21586865,211.61,0.22390100,1
1505573423,21586864,211.62,3.33457000,1
1505573422,21586863,212.10,0.49454900,1
1505573422,21586862,212.10,0.78715200,1
1505573419,21586860,211.61,0.72597427,1
1505573418,21586858,211.43,3.79946279,1
1505573418,21586857,211.43,0.72371522,1
1505573417,21586856,211.44,0.37560000,1
1505573417,21586855,211.60,0.17880599,1
1505573417,21586854,212.18,0.32336800,1
1505573417,21586853,212.18,0.34716900,1
1505573412,21586847,212.65,2.00126000,0
1505573411,21586841,211.66,1.10252100,1
1505573411,21586839,211.66,1.34839549,1
1505573410,21586838,211.78,0.72255695,1
1505573410,21586836,212.03,0.93570387,1
1505573410,21586834,212.37,1.27334369,1
1505573408,21586832,212.03,0.96133900,1
1505573408,21586831,212.36,0.49297200,1
1505573406,21586830,212.14,0.37469658,1
1505573406,21586829,212.14,0.00000342,1
1505573406,21586827,212.14,3.49531100,0
1505573405,21586826,212.14,1.60380558,0
1505573404,21586825,212.17,0.08728842,1
1505573403,21586824,212.16,0.00000008,0
1505573403,21586821,212.16,1.11283000,1
1505573403,21586820,212.16,0.37600000,1
1505573403,21586819,212.16,0.21996682,1
1505573403,21586818,212.17,0.14579810,1
1505573398,21586813,212.98,0.08513000,0
1505573398,21586812,212.96,0.74910300,0
1505573398,21586811,212.95,0.80000000,0
1505573398,21586809,212.96,0.35955700,0
1505573390,21586804,212.96,4.65000000,0
1505573322,21586765,212.43,4.62631468,1
1505573322,21586764,212.51,0.08099865,1
1505573322,21586763,212.52,0.14572584,1
1505573322,21586762,212.52,1.71530083,1
1505573322,21586761,212.66,1.10866000,1
1505573253,21586719,213.36,4.47000000,1
1505573252,21586717,213.36,1.10503000,1
1505573250,21586706,213.35,0.28166400,0
1505573235,21586690,213.40,2.27528864,0
1505573231,21586685,213.42,0.36539190,0
1505573230,21586684,212.72,0.37470000,1
1505573230,21586683,212.91,0.00000018,1
1505573229,21586681,212.91,0.31000000,0
1505573228,21586680,212.91,2.51916882,0
1505573228,21586679,212.91,1.64108700,0
1505573226,21586676,212.92,0.30974418,1
1505573219,21586667,212.91,0.53331000,0
1505573218,21586666,212.97,0.31843212,1
1505573218,21586665,212.92,0.53330673,0
1505573217,21586663,212.92,2.45666327,0
1505573217,21586661,212.92,0.37500000,1
1505573216,21586660,212.96,1.10503000,1
1505573110,21586623,213.45,0.54480000,1
1505573103,21586620,213.45,4.47000000,1
1505573016,21586605,213.48,0.50126000,0
1505572979,21586596,213.51,0.16046227,1
1505572979,21586595,213.45,4.47000000,0
1505572953,21586588,213.53,0.04668414,0
1505572903,21586575,213.51,3.94000000,0
1505572903,21586574,213.30,0.53000000,0
1505572845,21586558,213.41,0.48502432,0
1505572844,21586557,213.41,4.47000000,0
1505572589,21586439,213.40,2.29620100,1
1505572585,21586436,213.00,0.22350300,0
1505572571,21586425,212.99,0.14596942,0
1505572544,21586417,213.00,0.59149700,0
1505572502,21586404,213.30,0.42341500,0
1505572480,21586394,213.02,0.42840413,0
1505572479,21586392,213.02,0.67628400,0
1505572479,21586391,213.01,0.37600000,0
1505572396,21586339,213.32,0.78138600,0
1505572380,21586327,212.61,1.00578524,0
1505572376,21586313,212.61,3.98667067,0
1505572375,21586310,212.61,4.46936100,0
1505572373,21586306,212.62,0.00062804,1
1505572373,21586304,212.62,2.99000000,0
1505572373,21586303,212.62,0.37000000,0
1505572373,21586300,212.62,1.10936696,0
1505572371,21586294,212.62,1.22063304,0
1505572371,21586292,212.62,1.48000000,0
1505572371,21586290,212.62,0.28400000,0
1505572371,21586289,212.62,0.37600000,0
1505572369,21586285,212.62,0.38000000,0
1505572369,21586284,212.62,1.94463304,0
1505572367,21586279,212.62,0.37536696,0
1505572367,21586277,212.62,1.11000000,0
1505572367,21586276,212.62,0.65945804,0
1505572359,21586261,212.62,0.37591487,0
1505572358,21586258,212.62,1.18462709,0
1505572358,21586257,212.62,1.14000000,0
1505572357,21586256,212.62,1.11000000,0
1505572356,21586252,212.62,1.11000000,0
1505572356,21586251,212.62,0.00008221,0
1505572356,21586250,212.62,1.10991779,0
1505572356,21586249,212.62,2.24625047,0
1505572354,21586247,212.62,1.11374953,0
1505572354,21586246,212.62,0.00000447,0
1505572353,21586244,212.62,1.11375000,0
1505572352,21586239,212.65,3.35624553,1
1505572351,21586236,212.64,4.47000000,1
1505572330,21586207,213.25,3.35624553,0
1505572328,21586204,212.54,0.19884085,1
1505572328,21586202,212.54,0.17726491,1
1505572328,21586201,212.55,0.25347424,1
1505572314,21586186,212.54,1.08045509,1
1505572314,21586184,212.55,6.41968391,1
1505572307,21586176,212.56,10.03000000,1
1505572302,21586175,213.03,3.02300000,0
1505572296,21586164,212.62,4.84628150,1
1505572296,21586163,212.67,0.37600000,1
1505572243,21586131,212.45,6.73700000,1
1505572243,21586130,213.63,0.35692880,1
1505572242,21586128,213.63,0.11000000,0
1505572159,21586061,213.14,1.00000000,1
1505572130,21586044,213.70,1.18500000,1
1505572105,21586028,213.70,0.81500000,1
1505572030,21585934,213.72,0.60468813,1
1505571984,21585913,214.21,1.35858869,0
1505571984,21585912,214.20,0.17156863,0
1505571984,21585911,214.19,0.50000000,0
1505571980,21585908,213.66,0.39766000,1
1505571980,21585907,213.67,0.10234000,1
1505571955,21585892,213.65,0.50000000,1
1505571942,21585889,214.20,1.82843137,0
1505571940,21585888,214.19,0.50000000,0
1505571935,21585886,213.63,0.50000000,1
1505571893,21585857,214.20,0.69103917,0
1505571879,21585843,214.02,0.50000000,0
1505571823,21585802,213.52,0.59714200,0
1505571816,21585790,213.52,0.50000000,1
1505571816,21585789,214.01,0.07006875,1
1505571816,21585788,214.01,0.49993125,1
1505571816,21585787,214.07,0.00006875,1
1505571813,21585785,214.21,1.98623294,0
1505571732,21585738,214.21,1.20126000,0
1505571689,21585703,214.21,0.91727744,0
1505571670,21585693,214.07,0.16190966,1
1505571630,21585668,214.07,0.18903703,0
1505571601,21585662,214.01,0.10967000,1
1505571564,21585637,214.07,4.65724447,0
1505571492,21585584,214.20,0.02608966,0
1505571492,21585583,214.12,0.01391034,0
1505571420,21585546,214.10,1.58939006,0
1505571420,21585545,214.12,0.69939566,0
1505571419,21585544,213.46,0.08692712,0
1505571419,21585543,213.40,1.10364000,0
1505571371,21585503,213.44,4.50126000,0
1505571331,21585451,213.43,2.28279979,0
1505571309,21585430,212.45,6.39630862,0
1505571309,21585429,212.72,0.68742579,1
1505571309,21585428,212.73,0.68733847,1
1505571309,21585427,212.96,3.00000000,1
1505571309,21585426,212.96,0.08692712,1
1505571296,21585419,212.95,2.81008526,1
1505571296,21585418,212.95,0.50410000,1
1505571296,21585417,212.96,4.84627474,1
1505571296,21585416,212.96,0.59954000,1
1505571291,21585412,213.62,4.47000000,0
1505571289,21585411,213.62,3.87216900,0
1505571289,21585410,213.58,0.59783100,0
1505571282,21585402,213.59,4.47000000,1
1505571218,21585358,213.76,4.47000000,0
1505571217,21585356,213.75,4.47000000,0
1505571216,21585355,213.76,4.47000000,0
1505571176,21585332,213.31,0.50321900,1
1505571158,21585319,213.05,1.12476000,1
1505571158,21585317,213.05,1.10105000,1
1505571038,21585246,213.84,0.15000000,0
1505570734,21585104,214.15,1.59434124,0
1505570713,21585101,214.15,0.07436983,0
1505570713,21585100,213.50,0.06946479,0
1505570711,21585098,213.20,0.08695816,0
1505570698,21585085,213.19,1.18520737,0
1505570693,21585081,213.05,1.12476000,0
1505570633,21585002,213.05,0.50000000,0
1505570614,21584982,213.05,0.68621800,0
1505570613,21584980,213.05,7.68902200,0
1505570612,21584974,212.72,0.68733847,0
1505570604,21584932,212.72,2.11409364,0
1505570602,21584930,212.72,2.11304816,0
1505570597,21584925,212.72,10.01885107,0
1505570548,21584908,212.88,1.79430736,0
1505570526,21584886,212.80,6.83049813,0
1505570515,21584869,212.80,0.16950187,0
1505570487,21584808,212.81,0.20459565,0
1505570474,21584796,212.79,0.47526761,0
1505570474,21584794,212.79,1.10242000,0
1505570438,21584758,212.44,0.72255695,1
1505570431,21584754,212.49,2.99073150,1
1505570431,21584753,212.70,0.08695816,1
1505570430,21584752,212.82,0.46952728,1
1505570429,21584751,212.82,0.24944227,1
1505570413,21584741,213.01,2.83047845,0
1505570413,21584740,213.00,0.47053521,0
1505570412,21584738,213.00,0.06946479,1
1505570411,21584737,213.01,0.02791000,0
1505570410,21584736,213.00,0.54000000,1
1505570404,21584730,213.01,0.54128914,1
1505570359,21584702,213.07,11.90458000,0
1505570359,21584701,213.13,1.10242000,1
1505570335,21584671,213.62,1.47248000,0
1505570334,21584670,213.62,2.27940600,0
1505570334,21584669,213.40,0.78866000,0
1505570331,21584668,213.40,0.31119000,0
1505570327,21584664,213.05,0.10000000,1
1505570317,21584652,213.40,1.43015000,0
1505570317,21584651,213.40,3.06806600,0
1505570317,21584650,213.40,1.40193400,0
1505570307,21584643,213.62,4.47000000,0
1505570307,21584642,213.62,1.09985000,0
1505570293,21584626,213.64,3.17972983,0
1505570292,21584625,213.63,7.38000000,0
1505570279,21584603,213.00,3.13738900,0
1505570279,21584602,213.00,6.86261100,0
1505570269,21584597,213.50,0.46952728,1
1505570268,21584596,213.54,0.24944227,1
1505570259,21584585,212.70,7.37597833,1
1505570259,21584584,213.50,0.71702167,1
1505570259,21584583,213.53,4.47000000,1
1505570258,21584582,214.00,0.25000000,1
1505570254,21584580,214.05,4.47000000,0
1505570253,21584575,214.05,4.47000000,0
1505570253,21584573,214.05,4.47000000,0
1505570243,21584558,214.05,0.13200000,0
1505570231,21584550,213.64,0.15268280,1
1505570231,21584549,213.64,3.18291121,1
1505570231,21584548,213.69,1.09985000,1
1505570231,21584547,213.70,1.70555599,1
1505570197,21584528,214.00,1.98643901,1
1505570197,21584527,214.00,0.17956099,1
1505570197,21584526,214.01,4.47000000,1
1505570183,21584521,214.20,4.14054135,0
1505570183,21584520,214.19,0.71702167,0
1505570183,21584519,214.08,10.00000000,1
1505570166,21584515,214.21,0.68021700,0
1505570166,21584512,214.20,0.34809700,0
1505570165,21584511,214.00,3.69200000,0
1505570109,21584491,214.00,6.30800000,0
1505570105,21584488,213.66,0.15000000,1
1505570104,21584486,213.65,0.46672624,0
1505570082,21584434,213.64,1.09735817,0
1505570064,21584385,213.64,1.28053200,0
1505570057,21584372,213.64,0.44238000,0
1505570043,21584352,213.22,0.24831800,1
1505570026,21584330,214.20,6.45331800,0
1505570017,21584315,213.34,1.91901649,0
1505570016,21584311,213.34,4.53430100,0
1505570008,21584270,213.34,1.28053185,0
1505569995,21584247,212.92,0.00088876,1
1505569995,21584246,212.92,1.26339124,1
1505569995,21584245,213.33,0.30943463,0
1505569989,21584230,213.34,10.00000000,0
1505569986,21584222,213.36,1.87092300,0
1505569980,21584205,213.42,2.00000000,0
1505569975,21584197,212.89,0.34463800,1
1505569973,21584194,212.89,1.10393000,1
1505569972,21584193,212.89,1.26428000,1
1505569971,21584191,212.88,1.75740000,1
1505569967,21584187,213.52,7.00000000,0
1505569961,21584184,212.86,0.48475800,1
1505569875,21584105,214.18,1.00126000,1
1505569873,21584098,213.16,1.10257453,0
1505569873,21584097,212.60,0.00008923,0
1505569867,21584088,212.33,3.00000000,1
1505569822,21584032,212.40,0.00000036,0
1505569800,21584002,212.40,3.76907700,0
1505569800,21584001,212.39,6.99991061,0
1505569798,21584000,212.40,3.23092264,0
1505569798,21583999,212.10,0.72371522,1
1505569795,21583993,212.11,5.19727663,1
1505569795,21583992,212.35,0.72062344,1
1505569794,21583991,212.38,2.21851990,1
1505569784,21583982,212.60,2.38083422,0
1505569706,21583916,213.00,3.54492180,1
1505569704,21583915,213.00,1.31000000,1
1505569703,21583914,213.00,1.31000000,1
1505569702,21583913,213.00,1.31000000,1
1505569701,21583912,213.00,1.31000000,1
1505569700,21583911,213.01,1.31751938,0
1505569692,21583904,213.01,0.92778209,1
1505569651,21583880,213.66,2.26965670,0
1505569639,21583873,213.01,1.59000000,1
1505569638,21583871,213.02,1.55201338,0
