date,tid,price,amount,type
1505606415,21611585,252.72,0.26495727,1
1505606412,21611578,252.83,0.13954013,1
1505606412,21611577,252.84,0.52000000,1
1505606411,21611576,252.84,1.15666453,1
1505606411,21611575,252.84,3.78848847,1
1505606410,21611573,252.84,0.52484700,1
1505606408,21611571,253.24,4.86000000,0
1505606408,21611569,253.24,0.08522849,0
1505606408,21611568,253.08,0.52477151,0
1505606408,21611566,252.83,4.76389128,1
1505606407,21611565,252.83,0.10891167,1
1505606407,21611563,252.99,0.00010276,1
1505606407,21611561,253.08,0.41186829,1
1505606406,21611559,253.08,0.11290322,1
1505606355,21611529,253.08,0.07522849,0
1505606354,21611528,253.08,0.60000000,0
1505606353,21611527,253.08,0.60000000,0
1505606352,21611526,253.08,0.60000000,0
1505606351,21611524,253.08,0.07477151,0
1505606351,21611523,253.08,0.52522849,0
1505606350,21611522,253.08,0.46000000,0
1505606350,21611521,253.08,0.13999399,0
1505606350,21611519,253.07,0.00000601,0
1505606350,21611518,253.06,0.46000000,0
1505606349,21611516,252.99,0.59989724,1
1505606349,21611515,252.99,0.00024506,1
1505606347,21611512,252.99,0.59975494,1
1505606347,21611511,252.99,0.00011067,1
1505606345,21611508,252.99,0.59988933,1
1505606345,21611507,252.99,0.00013439,1
1505606343,21611504,252.99,0.59986561,1
1505606340,21611499,252.99,0.51000000,0
1505606340,21611498,252.99,0.09000000,0
1505606340,21611497,252.98,0.51000000,0
1505606339,21611496,252.98,0.60000000,0
1505606338,21611495,252.98,0.60000000,0
1505606337,21611493,252.98,0.60000000,0
1505606336,21611492,252.99,0.60000000,1
1505606335,21611491,252.83,0.59900000,1
1505606295,21611482,252.83,7.20208833,1
1505606295,21611481,252.83,1.12522248,1
1505606295,21611480,252.84,0.19586919,1
1505606189,21611454,253.07,0.77800000,1
1505606127,21611427,253.38,5.99000000,0
1505606126,21611425,253.37,2.75000000,1
1505606121,21611424,253.37,0.26281668,0
1505606120,21611423,253.37,2.99718332,0
1505606120,21611422,253.37,0.55000000,0
1505606120,21611421,253.37,1.12281668,0
1505606119,21611420,253.30,0.18941035,1
1505606119,21611418,253.30,4.48058965,1
1505606111,21611416,253.30,3.00000000,0
1505606111,21611415,253.29,0.34983160,0
1505606111,21611414,253.21,0.07957875,0
1505605925,21611385,253.14,0.15299834,0
1505605867,21611368,252.85,0.22999500,0
1505605722,21611325,252.62,0.04000000,1
1505605421,21611285,252.62,0.30983160,1
1505605372,21611282,252.41,0.07983160,0
1505605372,21611281,252.40,0.23000000,0
1505605181,21611252,252.38,0.00000500,0
1505605179,21611248,252.39,0.22999500,1
1505605179,21611247,252.39,0.03600500,0
1505605176,21611244,252.39,0.22999500,0
1505605174,21611238,251.71,0.70444947,0
1505605174,21611237,251.71,0.26600000,0
1505605173,21611236,251.71,0.65663463,1
1505605151,21611221,252.06,0.26499500,0
1505605146,21611214,252.00,3.55506996,0
1505605145,21611213,252.00,2.62453700,0
1505605125,21611207,252.00,5.32002600,0
1505604937,21611124,251.20,2.10916840,0
1505604937,21611123,251.78,0.07983160,1
1505604935,21611122,251.86,0.26500000,1
1505604868,21611113,252.30,6.28274500,0
1505604856,21611107,252.41,1.41156100,0
1505604849,21611103,252.41,0.01022340,0
1505604849,21611102,252.41,0.07983160,0
1505604849,21611101,252.16,0.53000000,0
1505604849,21611100,252.15,0.19480900,0
1505604685,21611062,251.99,4.25573050,0
1505604674,21611057,251.57,0.78168000,0
1505604674,21611056,251.56,0.72000000,0
1505604662,21611042,251.57,7.68970400,0
1505604659,21611041,251.58,8.00000000,0
1505604654,21611039,251.60,0.05391300,0
1505604649,21611037,251.62,0.05564500,1
1505604647,21611034,251.62,3.51188200,0
1505604641,21611031,251.39,0.38060503,1
1505604641,21611030,251.40,0.23000000,1
1505604639,21611029,251.05,25.45237796,1
1505604638,21611028,251.06,2.58000000,1
1505604638,21611027,251.23,0.09981749,1
1505604638,21611026,251.63,0.29814949,1
1505604638,21611025,251.63,0.23000000,1
1505604637,21611024,251.63,0.07957875,1
1505604637,21611023,251.78,0.07983160,1
1505604637,21611022,251.84,0.10092241,1
1505604637,21611021,251.87,0.25938140,1
1505604637,21611020,251.88,0.23000000,1
1505604631,21611013,251.87,0.28250690,1
1505604631,21611012,251.87,0.06478310,1
1505604628,21611010,251.88,0.23000000,1
1505604590,21610991,252.20,0.23000000,1
1505604590,21610990,252.21,0.78168000,1
1505604572,21610984,252.55,0.78065000,0
1505604572,21610981,252.54,0.26500000,0
1505604274,21610818,251.94,0.00000376,0
1505604274,21610817,252.58,0.07957875,1
1505604274,21610816,253.28,0.26500000,1
1505604274,21610815,253.38,0.07932749,1
1505604274,21610814,253.40,0.25065000,1
1505604270,21610812,253.40,0.53000000,1
1505603942,21610761,253.48,0.57017346,0
1505603942,21610760,253.21,0.07957875,0
1505603942,21610759,253.02,0.54188830,0
1505603942,21610758,252.58,0.29814949,0
1505603942,21610757,252.57,0.77849000,0
1505603932,21610752,252.56,0.26491700,0
1505603877,21610745,252.58,0.23000000,0
1505603875,21610744,252.58,0.07957875,1
1505603862,21610743,253.02,0.31000000,1
1505603862,21610742,253.02,0.23000000,1
1505603679,21610703,253.07,0.26491700,1
1505603641,21610669,253.51,0.23000000,1
1505603496,21610599,253.58,1.12348900,0
1505603496,21610598,253.58,5.57651100,0
1505603491,21610597,253.34,1.92900000,1
1505603491,21610596,253.36,5.98100000,1
1505603490,21610595,253.36,7.68000000,1
1505603490,21610594,253.95,0.23000000,1
1505603276,21610538,254.42,0.00460000,0
1505603276,21610537,254.42,0.21540000,0
1505603176,21610525,254.00,2.00000000,1
1505603159,21610524,254.05,0.78309000,0
1505603158,21610523,254.05,0.22999500,0
1505603157,21610522,254.08,0.23000000,1
1505602977,21610491,254.43,0.78199000,0
1505602657,21610435,253.94,0.21801000,1
1505602655,21610434,253.99,0.78199000,1
1505602416,21610344,253.94,0.78215000,0
1505602416,21610343,253.93,0.23000000,0
1505602313,21610293,253.52,4.66807170,1
1505602312,21610292,253.53,0.78215000,1
1505602273,21610288,253.53,0.21540000,1
1505602273,21610287,253.74,0.09890000,1
1505601907,21610192,254.06,0.31370000,0
1505601907,21610191,254.05,0.69430500,0
1505601907,21610190,254.05,0.23000000,0
1505601904,21610183,253.74,5.98320000,1
1505601903,21610182,253.76,1.01680000,1
1505601867,21610159,253.76,0.58000000,1
1505601752,21610138,253.77,0.57000000,1
1505601451,21610066,254.29,0.42500000,0
1505601390,21610053,254.31,0.22999500,0
1505601298,21609995,253.75,15.11993444,1
1505601298,21609994,253.76,1.59680000,1
1505601297,21609993,253.76,0.61000000,1
1505601297,21609992,253.79,0.31370000,1
1505601297,21609991,253.98,0.77930000,1
1505601203,21609964,254.39,7.91000000,0
1505601181,21609951,254.40,0.11645000,0
1505601160,21609932,254.40,0.19894250,0
1505601160,21609931,254.40,0.89220427,0
1505601160,21609930,254.40,2.35731132,0
1505601158,21609927,253.85,0.11617093,1
1505601154,21609923,254.40,4.66048441,0
1505601154,21609921,254.39,0.31370000,0
1505601154,21609920,254.39,0.39804000,0
1505601153,21609917,254.39,0.38000000,0
1505601137,21609894,253.76,3.81839162,1
1505601137,21609893,253.77,0.95160838,1
1505601135,21609892,253.84,0.23000000,1
1505601103,21609876,253.81,0.37478310,0
1505601096,21609874,253.81,0.23000000,1
1505601088,21609872,254.00,0.59055118,1
1505601088,21609871,254.19,0.25149049,1
1505601088,21609870,254.20,0.23000000,1
1505600908,21609740,254.19,0.17531000,1
1505600908,21609739,254.21,0.23000000,1
1505600904,21609736,254.19,0.17527834,1
1505600904,21609735,254.20,0.00002360,1
1505600904,21609733,254.20,0.22997640,1
1505600863,21609689,254.20,7.14000000,0
1505600863,21609687,254.20,0.77000000,0
1505600861,21609680,254.20,1.12281668,1
1505600861,21609679,254.25,0.77804000,1
1505600801,21609611,254.99,3.40060394,0
1505600800,21609610,254.99,0.90771468,0
1505600800,21609609,254.98,0.60207883,0
1505600799,21609608,254.95,5.99181738,0
1505600660,21609475,253.77,2.16030000,0
1505600660,21609474,253.78,0.31370000,1
1505600657,21609466,254.95,1.00818262,0
1505600641,21609446,254.17,0.60393949,0
1505600641,21609445,254.00,0.10000000,0
1505600557,21609385,253.75,37.59099070,0
1505600548,21609363,253.25,20.76034969,0
1505600546,21609356,253.25,19.12378500,0
1505600546,21609355,253.25,29.31711800,0
1505600545,21609353,253.25,1.60522100,0
1505600538,21609335,253.25,17.36714800,0
1505600538,21609334,253.24,0.12000000,0
1505600491,21609298,253.25,0.35181612,0
1505600490,21609297,253.25,4.40959526,0
1505600489,21609296,253.24,0.16000000,0
1505600464,21609274,253.25,0.30823011,0
1505600464,21609273,253.24,0.14000000,0
1505600459,21609259,253.25,1.17063500,0
1505600459,21609258,253.24,0.00000500,0
1505600452,21609238,253.24,0.16999500,0
1505600440,21609214,253.25,14.67408100,0
1505600438,21609202,253.25,4.90443700,0
1505600436,21609196,253.25,1.73954700,0
1505600435,21609182,253.25,3.93879566,0
1505600427,21609154,253.25,0.14651000,0
1505600425,21609152,253.25,0.14000000,0
1505600425,21609150,253.25,3.58141700,0
1505600425,21609149,253.25,1.10570500,0
1505600425,21609148,253.25,1.66868100,0
1505600425,21609146,253.25,10.70600000,0
1505600424,21609143,253.25,9.46140600,0
1505600424,21609142,253.24,0.11000000,0
1505600423,21609139,253.25,1.22787300,0
1505600423,21609138,253.25,4.80360200,0
1505600423,21609137,253.25,1.13439800,0
1505600418,21609128,253.25,1.98765000,0
1505600416,21609121,253.25,1.28663100,0
1505600414,21609118,253.24,4.00445900,1
1505600412,21609108,253.24,0.11000000,0
1505600412,21609107,253.24,1.59986000,0
1505600412,21609104,253.24,0.14000000,0
1505600406,21609085,253.24,1.24754500,0
1505600406,21609084,253.24,2.30203600,0
1505600402,21609068,253.25,7.83400500,0
1505600400,21609064,253.25,15.50699200,0
1505600400,21609061,253.25,1.45548000,0
1505600399,21609060,253.25,3.81997000,0
1505600399,21609057,253.25,0.19000000,0
1505600398,21609056,253.25,0.80845500,0
1505600398,21609054,253.24,0.15000000,0
1505600397,21609052,253.25,5.09059300,0
1505600397,21609050,253.25,1.33544600,0
1505600396,21609049,253.25,9.29390000,0
1505600396,21609047,253.25,9.32366700,0
1505600395,21609044,253.25,9.32380000,0
1505600395,21609042,253.25,2.90703800,0
1505600391,21609031,253.25,0.58506900,0
1505600390,21609025,253.25,12.01811900,0
1505600385,21609014,253.25,0.11000000,0
1505600382,21609008,253.25,11.99517700,0
1505600380,21608989,253.25,6.39269800,0
1505600371,21608959,253.24,0.17000000,1
1505600370,21608957,253.25,5.08895916,0
1505600370,21608956,253.24,0.17000000,0
1505600369,21608955,253.21,0.07957875,0
1505600369,21608954,253.20,1.12728637,0
1505600369,21608951,252.98,2.48853149,0
1505600369,21608949,252.98,1.12728637,0
1505600367,21608942,252.98,3.25689600,0
1505600364,21608927,252.98,1.30415600,0
1505600359,21608910,252.98,0.21000000,0
1505600347,21608894,252.98,6.18393773,0
1505600346,21608888,252.98,0.25000000,0
1505600345,21608886,252.98,21.47560500,0
1505600345,21608885,252.97,0.20000000,0
1505600344,21608879,252.98,1.06727804,0
1505600342,21608868,252.98,12.17044483,0
1505600341,21608866,252.98,8.00000000,0
1505600341,21608858,252.98,15.04213600,0
1505600340,21608854,252.98,3.65261500,0
1505600339,21608851,252.98,28.88172000,0
1505600335,21608820,252.98,5.78192800,0
1505600335,21608819,252.98,13.83294707,0
1505600334,21608808,252.98,16.96346530,0
1505600334,21608807,252.97,8.45626914,0
1505600333,21608805,252.97,0.17991786,0
1505600333,21608803,252.97,0.23000000,0
1505600332,21608802,252.97,0.43801300,0
1505600332,21608793,252.98,3.47631700,0
1505600332,21608792,252.97,0.18000000,0
1505600331,21608789,252.98,9.30420000,0
1505600330,21608785,252.98,7.81260400,0
1505600330,21608784,252.98,1.27441900,0
1505600330,21608781,252.98,12.52703800,0
1505600330,21608779,252.98,77.70000000,0
1505600330,21608777,252.98,9.70654300,0
1505600325,21608756,252.98,0.60393949,0
1505600323,21608738,252.98,117.43589569,0
1505600323,21608736,252.98,33.03691991,0
1505600321,21608717,252.98,18.33858132,0
1505600320,21608711,252.98,1.16817185,0
1505600319,21608709,252.98,0.12000000,0
1505600316,21608697,252.98,2.00000000,0
1505600306,21608687,252.98,0.12000000,0
1505600293,21608679,252.98,0.12000000,0
1505600280,21608661,252.98,0.12000000,0
1505600272,21608657,252.98,22.65216700,0
1505600272,21608656,252.98,72.45983300,0
1505600272,21608655,252.97,5.24016700,0
1505600266,21608645,252.97,0.12000000,0
1505600261,21608637,252.97,4.63983300,0
1505600256,21608627,252.98,0.12000000,0
1505600255,21608625,252.98,5.18819669,0
1505600254,21608619,252.98,0.15000000,0
1505600253,21608616,252.98,14.48379700,0
1505600252,21608613,252.97,0.12000000,0
1505600250,21608606,252.98,7.76282120,0
1505600249,21608602,252.98,24.47154600,0
1505600249,21608600,252.98,25.69000000,0
1505600245,21608594,252.98,0.87595300,0
1505600241,21608579,252.98,0.12000000,0
1505600234,21608533,252.98,26.10000000,0
1505600233,21608530,252.98,77.70000000,0
1505600232,21608527,252.98,1.98616700,0
1505600232,21608525,252.97,6.39625100,0
1505600232,21608524,252.97,3.60374900,0
1505600184,21608507,252.98,12.61165900,0
1505600183,21608506,252.98,13.80134100,0
1505600160,21608500,252.98,5.41334300,0
1505600149,21608492,252.98,8.80174600,0
1505600112,21608483,252.98,1.97489900,0
1505600104,21608477,252.98,0.06919200,0
1505600017,21608458,252.98,0.46633300,0
1505600017,21608456,252.98,8.58407100,0
1505600016,21608455,252.98,1.93889000,0
1505600015,21608453,252.98,1.91990215,0
1505600015,21608452,252.98,9.29632200,0
1505600014,21608451,252.98,1.42463000,0
1505600011,21608450,252.98,24.00000000,0
1505600009,21608449,252.98,0.87594200,0
1505600005,21608446,252.98,2.00000000,0
1505600004,21608445,252.98,1.37359543,0
1505600004,21608444,252.98,3.32124553,0
1505599999,21608443,252.98,1.94024192,0
1505599999,21608442,252.98,0.59747016,0
1505599992,21608434,252.98,4.78440983,0
1505599989,21608431,252.98,11.43865700,0
1505599989,21608430,252.98,3.29349758,0
1505599988,21608429,252.98,0.70000000,0
1505599988,21608428,252.97,0.12000000,0
1505599986,21608426,252.98,8.00000000,0
1505599982,21608423,252.98,3.07323433,0
1505599982,21608422,252.98,2.56298957,0
1505599982,21608420,252.98,6.03470314,0
1505599981,21608416,252.98,1.99940208,0
1505599979,21608413,252.98,1.98757529,0
1505599979,21608412,252.98,9.93236100,0
1505599975,21608403,252.98,2.17170400,0
1505599975,21608402,252.97,0.14000000,0
1505599973,21608399,252.98,12.26577000,0
1505599972,21608397,252.98,2.20857900,0
1505599972,21608396,252.98,11.84456400,0
1505599971,21608394,252.98,0.66909700,0
1505599971,21608393,252.98,2.12326200,0
1505599971,21608391,252.97,0.21000000,0
1505599961,21608384,252.98,14.17852312,0
1505599961,21608382,252.97,0.21000000,0
1505599947,21608371,252.98,24.00000000,0
1505599945,21608370,252.98,15.99752400,0
1505599945,21608369,252.98,2.57722359,0
1505599945,21608368,252.97,0.24000000,0
1505599924,21608357,252.98,1.76890900,0
1505599923,21608356,252.98,8.93259794,0
1505599922,21608355,252.97,0.12202006,0
1505599922,21608354,252.97,0.21797994,0
1505599922,21608353,252.96,0.78202006,0
1505599919,21608347,252.98,4.19197000,0
1505599919,21608346,252.97,0.26500500,0
1505599919,21608344,252.97,0.26499500,0
1505599919,21608343,252.96,0.26500000,0
1505599913,21608335,252.41,1.42542125,1
1505599913,21608333,252.58,0.26500000,1
1505599913,21608332,252.58,0.07957875,1
1505599911,21608331,252.83,0.23000000,1
1505599890,21608325,252.97,0.44989000,0
1505599840,21608308,252.98,0.70993200,0
1505599840,21608305,252.98,0.45528700,0
1505599838,21608300,252.98,0.75000000,0
1505599836,21608299,252.98,4.62905900,0
1505599836,21608298,252.98,2.34661554,0
1505599835,21608296,252.98,2.47497114,0
1505599835,21608295,252.97,0.71000000,0
1505599826,21608286,252.98,11.85100000,0
1505599822,21608284,252.98,62.82170168,0
1505599821,21608283,252.97,0.84000000,0
1505599821,21608282,252.97,9.30500000,0
1505599821,21608281,252.96,0.31580032,0
1505599375,21608101,252.59,1.19191363,1
1505599375,21608100,253.13,1.12728637,1
1505599373,21608099,253.14,0.31580000,1
1505599320,21608091,253.13,0.00000032,0
1505599319,21608087,253.13,0.23000000,1
1505599318,21608085,253.15,0.10000000,1
1505599316,21608083,253.74,0.35000000,0
1505599308,21608077,253.75,1.04983087,0
1505599308,21608076,253.74,1.25000000,0
1505599308,21608075,253.38,1.12614072,0
1505599308,21608074,253.16,0.23000000,0
1505599308,21608073,253.15,0.81095981,0
1505599308,21608072,253.15,0.31520100,0
1505599308,21608071,253.15,0.21786760,0
1505599265,21608060,253.12,0.31520000,1
1505599245,21608051,253.15,0.31520000,1
1505599240,21608050,253.13,0.76398921,1
1505599240,21608049,253.13,0.36215151,1
1505599240,21608048,253.15,0.21785000,1
1505599240,21608045,253.16,0.01214501,1
1505599240,21608042,253.16,0.21785499,1
1505599203,21608022,253.74,0.02364532,0
1505599186,21608008,253.75,1.22637625,0
1505599186,21608007,253.74,2.07000000,0
1505599186,21608006,253.73,0.21814000,0
1505599186,21608005,253.71,0.87557546,0
1505599186,21608004,253.27,0.02990829,0
1505599186,21608003,253.12,0.58000000,0
1505599015,21607965,253.31,0.21768994,0
1505599009,21607960,252.62,0.07800000,1
1505598990,21607955,253.32,0.87557546,1
1505598973,21607945,253.32,0.21814000,1
1505598973,21607944,253.33,0.78186000,1
1505598698,21607838,253.43,0.37934804,0
1505598698,21607837,253.37,0.14297186,0
1505598698,21607836,253.36,0.57109636,0
1505598694,21607825,253.35,7.86667500,0
1505598694,21607824,253.35,1.12332500,0
1505598587,21607773,253.35,2.69084692,0
1505598586,21607772,253.35,0.68967604,0
1505598586,21607771,253.28,0.54000000,0
1505598586,21607770,253.21,0.07918283,0
1505598586,21607769,253.20,0.26500000,0
1505598586,21607768,252.80,2.37341772,0
1505598577,21607765,252.83,3.95539500,0
1505598576,21607763,252.81,0.36599510,0
1505598473,21607743,252.83,4.07857449,0
1505598473,21607742,252.83,0.31570000,0
1505598466,21607739,252.66,0.31570000,0
1505598456,21607738,252.60,0.78413000,0
1505598456,21607737,252.59,0.37198917,0
1505598424,21607702,252.58,0.07918283,1
1505598423,21607700,252.63,0.54417386,1
1505598423,21607699,252.64,0.26500000,1
1505598423,21607698,252.77,0.31570000,1
1505598421,21607692,252.63,4.59457800,1
1505598420,21607691,252.63,1.01868500,1
1505598418,21607687,252.63,3.14756314,1
1505598418,21607686,252.74,1.12925500,1
1505598418,21607685,252.76,0.86193386,1
1505598416,21607679,252.76,1.51186897,1
1505598414,21607671,252.74,0.83660400,1
1505598413,21607670,252.74,0.40811200,1
1505598341,21607655,253.03,0.78413000,1
1505598341,21607654,253.03,0.50005923,1
1505598222,21607634,253.23,0.20394308,0
1505598222,21607633,253.23,1.42000000,0
1505598211,21607618,252.75,1.96586400,0
1505598210,21607617,252.74,0.40811717,0
1505598210,21607615,252.74,1.96586400,0
1505598204,21607609,252.75,4.62907500,0
1505598204,21607607,252.74,0.00000500,0
1505598204,21607606,252.74,0.31539500,0
1505598163,21607553,252.75,2.70566100,1
1505598155,21607542,252.75,0.27433900,1
1505598150,21607529,252.74,2.39562700,1
1505598143,21607514,252.75,3.98000000,0
1505598142,21607513,252.75,0.82400041,1
1505598142,21607512,252.75,1.69208800,1
1505598142,21607509,252.75,0.39501239,1
1505598141,21607505,252.75,0.38889920,1
1505598141,21607503,252.75,0.00774600,1
1505598141,21607500,252.75,6.65555400,1
1505598136,21607496,252.74,21.07944000,1
1505598135,21607493,252.74,2.12136900,1
1505598134,21607491,252.75,1.34651262,1
1505598130,21607485,252.74,3.52943013,1
1505598130,21607484,252.75,3.64000000,1
1505598127,21607480,252.74,3.64375000,1
1505598126,21607477,252.79,0.31540000,1
1505598126,21607476,253.00,1.42000000,1
1505598126,21607475,253.11,0.57109636,1
1505598126,21607474,253.12,0.14297186,1
1505598124,21607472,253.14,3.02820574,0
1505598122,21607465,253.15,4.01544400,0
1505598119,21607463,253.14,6.65274400,1
1505598112,21607459,253.12,0.40925633,1
1505598112,21607458,253.13,2.36879780,1
1505598107,21607447,253.60,0.51877800,0
1505598107,21607446,253.59,0.55122200,0
1505598103,21607436,253.11,0.55122200,1
1505598102,21607430,253.72,0.00011824,1
1505598092,21607423,253.72,1.99988176,1
1505598091,21607419,253.10,1.09000000,1
1505598079,21607406,253.75,105.10115318,0
1505598079,21607405,253.72,0.31000000,0
1505598079,21607404,253.72,1.53000000,0
1505598079,21607403,253.25,0.09896901,0
1505598079,21607402,253.25,37.95987781,0
1505598078,21607401,253.10,5.00000000,0
1505598068,21607398,253.00,0.58000000,1
1505598061,21607394,253.25,1.46321600,0
1505598048,21607381,253.25,0.15919000,0
1505598043,21607376,253.25,0.15919000,0
1505598032,21607372,253.25,0.15919000,0
1505598021,21607365,253.24,0.20865463,1
1505598005,21607343,253.25,0.10030600,0
1505598003,21607338,253.25,0.10026100,0
1505597998,21607336,253.25,0.10026100,0
1505597983,21607332,253.25,0.10000000,0
1505597979,21607325,253.25,6.70000000,0
1505597973,21607309,253.24,0.10134537,1
1505597968,21607301,253.24,1.69000000,1
1505597965,21607297,253.25,24.60796500,0
1505597962,21607290,253.25,7.00277000,0
1505597962,21607289,253.25,28.69346548,0
1505597962,21607287,253.24,9.28653452,0
1505597962,21607285,253.24,2.02000000,0
1505597961,21607282,253.24,0.10006300,0
1505597958,21607279,253.24,0.10006300,0
1505597954,21607274,253.24,0.10001300,0
1505597951,21607271,253.24,0.10001300,0
1505597946,21607269,253.24,0.10019000,0
1505597943,21607265,253.24,0.10019000,0
1505597942,21607261,253.21,0.00039591,0
1505597942,21607260,253.21,0.07878692,0
1505597942,21607259,253.21,0.07918283,0
1505597941,21607258,253.00,0.55353503,0
1505597941,21607257,253.00,1.26637200,0
1505597941,21607256,252.99,0.31613622,0
1505597940,21607255,253.00,2.00000000,0
1505597939,21607252,253.00,0.02388200,0
1505597939,21607251,253.00,2.38766800,0
1505597938,21607249,252.99,0.31620000,0
1505597935,21607244,253.00,0.19886300,0
1505597930,21607241,252.98,0.10004300,0
1505597917,21607233,252.99,1.33091576,0
1505597917,21607232,252.99,0.09163524,0
1505597916,21607231,252.99,2.28000000,0
1505597916,21607230,252.98,0.96037300,0
1505597892,21607218,252.98,0.03858400,0
1505597834,21607202,252.97,2.00000000,0
1505597733,21607172,252.99,1.48030752,0
1505597733,21607171,252.99,3.00969248,0
1505597733,21607170,252.98,0.51000000,0
1505597728,21607162,252.39,0.63028822,1
1505597726,21607158,252.39,3.95551092,1
1505597724,21607155,253.00,1.18976100,0
1505597724,21607154,253.00,2.93345400,0
1505597722,21607148,252.99,3.01000000,0
1505597722,21607147,252.95,1.36000000,0
1505597722,21607146,252.58,0.07918279,0
1505597722,21607145,252.41,0.07943443,0
1505597722,21607144,252.40,0.00000596,0
1505597722,21607143,252.40,0.22558300,0
1505597714,21607131,252.39,0.62936089,1
1505597700,21607113,252.39,3.06033762,0
1505597631,21607059,252.40,2.64178598,1
1505597629,21607055,252.40,0.62000000,0
1505597615,21607047,252.40,0.31620000,0
1505597613,21607040,252.40,0.00008663,0
1505597613,21607039,252.40,10.18672974,0
1505597603,21607030,252.06,0.24100052,0
1505597602,21607029,252.06,0.61425439,0
1505597602,21607026,252.06,0.27174561,0
1505597602,21607025,252.05,0.23000000,0
1505597592,21607016,252.02,0.23005610,0
1505597592,21607015,251.72,0.00000500,0
1505597590,21607010,251.72,0.22999500,0
1505597483,21606959,251.82,1.09299885,0
1505597483,21606958,251.82,7.45897856,0
1505597482,21606957,251.54,0.00008959,0
1505597482,21606956,251.53,0.23000000,0
1505597476,21606952,251.54,0.78870041,0
1505597474,21606950,251.55,0.22999500,0
1505597217,21606833,251.81,0.78491257,0
1505597217,21606832,251.61,0.00387743,0
1505597217,21606831,251.57,0.26600000,0
1505597217,21606830,251.56,0.23000000,0
1505597186,21606825,250.98,0.00387743,1
1505597186,21606823,251.19,0.26600000,1
1505597186,21606822,251.32,0.78879000,1
1505597096,21606811,251.78,0.07943443,1
1505597096,21606810,251.81,0.24100052,1
1505597029,21606805,251.81,0.88600000,1
1505596944,21606764,252.58,0.00039591,1
1505596943,21606761,252.58,0.07878692,1
1505596935,21606749,252.99,2.56804616,0
1505596934,21606748,252.97,10.65436385,1
1505596934,21606747,252.41,0.07943443,0
1505596934,21606746,252.40,0.46000000,0
1505596934,21606745,252.27,0.33651145,0
1505596933,21606744,252.26,0.35445462,0
1505596933,21606743,251.49,0.31720000,0
1505596931,21606742,251.48,0.23000000,1
1505596931,21606741,251.48,0.78827000,0
1505596908,21606731,251.20,0.03405707,1
1505596907,21606730,251.21,0.31720000,1
1505596907,21606729,251.23,0.78827000,1
1505596881,21606722,251.03,0.80096645,1
1505596874,21606715,251.69,0.43498968,0
1505596874,21606714,251.61,0.07968762,0
1505596874,21606713,251.57,0.61092095,0
1505596874,21606712,251.53,0.23000000,0
1505596841,21606690,250.81,0.07994244,0
1505596590,21606595,250.00,0.38417000,1
1505596590,21606594,250.00,0.40799000,1
1505596588,21606588,250.00,0.08019889,0
1505596588,21606587,250.00,0.32779097,0
1505596578,21606584,249.94,0.21080700,1
1505596577,21606583,249.20,0.08045700,0
1505596564,21606575,248.03,0.61887674,1
1505596558,21606568,248.01,0.19952476,0
1505596558,21606567,248.01,0.19924851,0
1505596558,21606566,248.02,2.97000000,0
1505596557,21606565,248.50,0.29896901,1
1505596557,21606564,248.58,0.08045700,1
1505596556,21606563,249.22,0.61397544,1
1505596556,21606562,249.28,0.38350919,1
1505596556,21606561,249.28,0.23000000,1
1505596556,21606560,249.38,0.08019889,1
1505596555,21606559,249.57,0.07400000,1
1505596555,21606558,249.95,0.19951990,1
1505596554,21606557,249.99,8.46345024,1
1505596552,21606554,249.98,0.31810000,0
1505596517,21606548,250.00,0.85410903,1
1505596517,21606547,250.01,0.31810000,1
1505596508,21606537,250.27,0.23000000,0
1505596504,21606529,250.29,3.28087418,1
1505596498,21606521,250.10,1.58026259,1
1505596498,21606520,250.11,2.96447307,1
1505596498,21606519,250.11,1.57526812,1
1505596492,21606518,250.11,0.72043377,1
1505596472,21606509,250.11,0.80519250,1
1505596471,21606508,250.11,0.60861856,1
1505596466,21606507,250.10,0.80551457,1
1505596442,21606492,250.01,5.00000000,1
1505596374,21606472,250.27,0.54360400,1
1505596371,21606467,250.27,2.79000000,1
1505596370,21606464,250.27,0.31794099,0
1505596351,21606428,250.00,1.27711613,1
1505596350,21606423,250.00,3.80271536,1
1505596345,21606393,250.00,1.62682619,1
1505596342,21606383,250.00,1.61236104,1
1505596318,21606376,250.00,2.14313600,1
1505596299,21606367,250.00,3.45303500,1
1505596299,21606366,250.01,0.23000000,1
1505596097,21606286,250.00,8.51326993,1
1505596097,21606285,250.01,2.03000000,1
1505596097,21606284,250.02,0.31810000,1
1505596097,21606283,250.02,0.23000000,1
1505596077,21606265,250.00,9.61946468,1
1505596077,21606264,250.02,0.23000000,1
1505596077,21606263,250.03,10.15053532,1
1505596058,21606253,250.00,0.36419684,1
1505596058,21606252,250.00,8.07306770,1
1505596058,21606251,250.00,0.10000000,1
1505596053,21606247,250.01,2.19744651,1
1505596052,21606244,250.01,0.61397544,1
1505596049,21606238,250.14,0.61155378,1
1505596049,21606236,250.18,0.07994244,1
1505596049,21606234,250.19,0.68500000,1
1505596048,21606230,250.20,0.38350919,0
1505596047,21606227,250.20,0.23000000,1
1505596042,21606175,250.18,0.61155378,1
1505596042,21606174,250.22,0.61155378,1
1505596041,21606173,250.28,4.44444023,1
1505596041,21606171,250.29,0.23000000,1
1505596041,21606170,250.30,0.18720568,1
1505596031,21606146,250.29,2.39023651,0
1505596031,21606145,250.29,0.23000000,1
1505596022,21606109,250.27,0.23000000,1
1505596021,21606108,250.28,1.59705130,1
1505596009,21606097,251.21,1.95644693,1
1505596003,21606094,250.43,0.62708141,1
1505595993,21606089,250.98,0.07968762,1
1505595992,21606088,251.00,0.78707217,1
1505595992,21606087,251.11,0.23000000,1
1505595987,21606086,251.00,0.74312827,1
1505595987,21606084,251.00,1.86513822,1
1505595981,21606073,251.09,0.43372300,1
1505595981,21606072,251.16,0.23000000,1
1505595981,21606070,251.21,0.79216000,1
1505595975,21606063,251.56,0.05020000,1
1505595947,21606036,251.68,2.38397966,0
1505595944,21606035,251.57,0.31620000,0
1505595942,21606033,251.56,0.15863500,0
1505595942,21606032,251.56,0.05020000,0
1505595942,21606031,251.55,0.26600000,0
1505595941,21606028,251.56,0.58219500,0
1505595852,21605972,251.32,2.76355764,1
1505595851,21605971,251.32,2.38736447,1
1505595851,21605969,251.34,0.12644236,1
1505595845,21605959,251.34,0.05173595,0
1505595840,21605950,251.34,1.53970500,1
1505595838,21605942,251.78,0.07943443,1
1505595838,21605941,251.80,0.23000000,1
1505595834,21605934,251.79,0.23000000,1
1505595827,21605927,251.94,0.31620000,0
1505595823,21605922,251.94,0.71159468,1
1505595823,21605921,251.94,0.46280532,1
1505595823,21605920,251.95,0.31620000,1
1505595823,21605919,251.96,0.43498968,1
1505595823,21605918,252.10,0.79103000,1
1505595822,21605917,252.10,0.23000000,1
1505595822,21605916,252.11,0.26599500,1
1505595760,21605891,252.41,0.00000283,1
1505595759,21605889,252.41,0.26599717,1
1505595759,21605888,252.58,0.07918283,1
1505595759,21605887,252.59,0.10800000,1
1505595713,21605870,252.78,7.00584735,0
1505595643,21605860,253.01,0.43317600,0
1505595643,21605859,252.96,0.10000000,0
1505595643,21605858,252.96,0.51000000,0
1505595643,21605857,252.59,0.07980000,0
1505595642,21605856,252.59,0.11800000,0
1505595637,21605853,252.59,0.11800000,1
1505595380,21605769,252.90,0.99488973,1
1505595379,21605767,252.89,2.37257306,0
1505595379,21605766,252.35,0.08817221,0
1505595379,21605763,252.34,0.26600000,0
1505595342,21605754,251.02,8.00073708,0
1505595342,21605753,251.78,0.08817221,1
1505595342,21605752,251.87,0.31580000,1
1505595342,21605751,251.87,2.37570264,1
1505595341,21605750,252.40,0.50000000,1
1505595341,21605748,252.67,0.26600000,1
1505595341,21605747,252.76,0.78763062,1
1505595340,21605746,252.77,0.33651145,1
1505595324,21605715,252.99,5.37098700,1
1505595324,21605714,252.99,2.45901300,1
1505595324,21605713,252.99,1.94000000,1
1505595322,21605711,252.99,0.23000000,0
1505595239,21605695,253.24,0.60000000,0
1505595239,21605694,253.22,0.78754000,0
1505595239,21605693,253.21,0.23000000,0
1505595238,21605692,253.21,0.33594284,0
1505595238,21605691,253.00,0.88361609,0
1505595223,21605688,252.76,0.33541100,1
1505595222,21605685,252.77,0.78754000,1
1505595189,21605670,253.25,13.65854204,0
1505595189,21605669,253.24,0.72000000,0
1505595188,21605668,253.24,4.33551600,0
1505595188,21605667,253.23,2.36938751,0
1505595188,21605666,253.21,1.12101600,0
1505595188,21605665,253.20,0.23000000,0
1505595187,21605664,253.19,2.01859100,1
1505595186,21605663,253.19,0.54694745,0
1505595174,21605651,252.74,0.54685707,1
1505595174,21605650,252.74,0.00053184,1
1505595119,21605640,253.23,1.16834100,0
1505595119,21605639,253.20,0.23000000,0
1505595116,21605637,252.74,1.12101600,1
1505595098,21605628,253.25,23.92000000,0
1505595097,21605627,253.24,0.85000000,0
1505595097,21605626,253.24,0.23000000,0
1505595080,21605623,253.25,23.76000000,0
1505595078,21605622,253.24,1.01000000,0
1505595078,21605621,253.24,0.23000000,0
1505595059,21605612,253.25,48.57000000,0
1505595058,21605611,253.25,0.04260000,0
1505595057,21605610,253.24,1.20000000,0
1505595057,21605609,253.24,0.23000000,0
1505595041,21605601,253.25,10.48522050,0
1505595040,21605600,253.24,2.19991906,1
1505595040,21605599,253.24,0.23000000,1
1505595040,21605598,253.24,6.15344859,1
1505595039,21605597,253.24,0.59514762,1
1505595039,21605596,253.24,2.84626423,1
1505595039,21605595,253.24,1.43000000,0
1505595039,21605594,253.24,1.06000000,0
1505595030,21605591,253.25,0.00761177,0
1505595030,21605590,253.24,0.53265496,0
1505595028,21605581,253.25,20.53408153,0
1505595028,21605579,253.25,0.52978847,1
1505595027,21605578,253.24,1.70000000,0
1505595027,21605576,253.17,0.57000000,0
1505595027,21605575,253.17,0.31600000,1
1505595027,21605574,253.06,1.12013000,0
1505595026,21605572,252.86,0.23000000,0
1505594952,21605543,252.73,0.65361609,1
1505594822,21605525,252.73,0.23000000,0
1505594641,21605464,252.46,0.74600000,1
1505594639,21605463,252.47,0.31600000,1
1505594589,21605425,252.46,1.09520029,1
1505594451,21605364,252.44,0.20387063,1
1505594420,21605354,252.39,0.03366900,1
1505594418,21605351,252.38,0.28711700,1
1505594371,21605334,253.22,0.95787100,1
1505594371,21605333,253.22,0.07745800,1
1505594352,21605315,253.25,4.54277825,0
1505594352,21605314,253.24,1.54000000,0
1505594350,21605310,253.24,0.29106200,0
1505594349,21605306,253.24,0.29106200,0
1505594333,21605286,253.25,1.93900050,0
1505594333,21605284,253.24,0.04864950,0
1505594329,21605275,253.24,2.32064445,0
1505594326,21605271,253.25,6.98952908,0
1505594326,21605270,253.24,0.26500200,0
1505594326,21605267,253.24,1.62499800,0
1505594325,21605264,253.22,0.15253700,1
1505594325,21605263,253.23,0.07746300,1
1505594324,21605262,253.24,0.30500200,0
1505594323,21605261,253.22,0.23000000,0
1505594311,21605250,253.24,0.28454740,0
1505594311,21605249,253.23,0.30752417,0
1505594311,21605248,252.82,0.55000000,0
1505594311,21605246,252.41,0.00000443,0
1505593697,21605051,252.41,0.07943000,0
1505593683,21605042,252.02,0.00009177,0
1505593682,21605041,252.02,3.99990823,0
1505593440,21604955,251.76,0.52232462,0
1505593438,21604954,251.77,0.26699500,1
1505593437,21604952,251.83,0.00837583,0
1505593437,21604950,251.77,0.26700000,0
1505593430,21604943,251.35,1.82629657,0
1505593428,21604940,251.78,0.07943443,1
1505593244,21604878,252.11,1.27466143,0
1505593244,21604877,252.11,0.78941000,0
1505593243,21604876,252.11,0.26700000,1
1505593137,21604775,252.17,0.31590000,1
1505593089,21604751,253.00,0.87977905,1
1505593085,21604746,253.00,1.98758894,1
1505593082,21604733,253.00,1.00000000,1
1505593081,21604731,253.00,1.11284900,1
1505593079,21604729,253.00,3.86736800,1
1505593078,21604728,253.03,2.37123044,1
1505593078,21604727,253.04,0.21193334,1
1505593025,21604703,253.24,0.70000000,0
1505592986,21604690,253.25,17.15340100,0
1505592986,21604689,253.24,0.83000000,0
1505592909,21604679,253.25,13.10232700,0
1505592908,21604678,253.25,76.71000000,0
1505592907,21604677,253.24,0.99000000,0
1505592872,21604668,253.25,12.62040000,0
1505592868,21604667,253.25,96.47680100,0
1505592865,21604664,253.25,0.75154985,0
1505592863,21604659,253.25,1.74325765,0
1505592862,21604657,253.25,0.57325765,0
1505592862,21604655,253.24,1.17000000,0
1505592860,21604652,253.25,4.24605842,0
1505592844,21604643,253.25,18.69001200,0
1505592844,21604642,253.25,0.45629700,0
1505592844,21604640,253.24,0.00000500,0
1505592839,21604635,253.24,1.38999500,0
1505592825,21604630,253.25,1.65000000,0
1505592825,21604625,253.25,76.05000000,0
1505592824,21604624,253.24,1.65000000,0
1505592744,21604610,253.25,24.00000000,0
1505592742,21604609,253.24,1.97000000,0
1505592694,21604599,253.24,0.14534900,0
1505592657,21604594,253.24,0.28867000,0
1505592644,21604586,253.25,4.14811856,0
1505592644,21604583,253.25,12.91008884,0
1505592643,21604578,253.25,43.32017000,0
1505592641,21604572,253.25,58.47320507,0
1505592639,21604569,253.25,77.70000000,0
1505592639,21604568,253.24,1.64000000,0
1505592619,21604564,253.25,8.67000000,0
1505592619,21604562,253.24,1.94000000,0
1505592596,21604547,253.24,2.30999500,1
1505592595,21604546,253.23,0.00000500,0
1505592588,21604544,253.23,0.22999500,0
1505592474,21604513,253.23,0.23000000,0
1505592458,21604508,253.00,3.63806718,0
1505592457,21604507,252.99,0.23000000,0
1505592347,21604492,253.00,3.46058924,0
1505592347,21604491,252.99,0.23000000,0
1505592294,21604477,253.00,0.29197000,0
1505592293,21604475,253.00,2.07960629,0
1505592287,21604471,253.00,2.69976729,0
1505592287,21604469,252.97,0.23000000,0
1505592287,21604468,252.96,0.78703200,0
1505592258,21604451,253.00,7.83000000,0
1505592258,21604450,252.99,0.23000000,0
1505592217,21604430,252.84,0.78703200,1
1505592001,21604354,253.75,2.03164900,0
1505592001,21604353,253.74,2.75000000,0
1505592001,21604352,253.73,0.23000000,0
1505591998,21604349,253.03,0.26600000,1
1505591997,21604347,253.02,0.23000000,0
1505591972,21604336,253.06,8.74883709,0
1505591972,21604335,253.05,2.37107291,0
1505591960,21604332,253.05,0.31580000,0
1505591836,21604308,253.30,1.61605578,0
1505591835,21604306,253.29,2.33416135,0
1505591582,21604203,252.21,0.95338817,1
1505591573,21604202,252.02,1.93000000,1
1505591572,21604201,252.18,0.23000000,1
1505591572,21604200,252.18,0.31580000,1
1505591572,21604199,252.18,0.26600000,1
1505591563,21604197,252.18,1.38077318,1
1505591561,21604196,253.00,0.29702889,1
1505591561,21604195,253.00,2.92887075,1
1505591551,21604192,253.75,7.65410837,1
1505591551,21604190,253.66,1.56000000,0
1505591551,21604189,253.30,0.05000000,0
1505591549,21604188,253.25,0.23000000,1
1505591549,21604187,253.25,2.30583402,0
1505591545,21604186,253.00,1.87521285,1
1505591545,21604185,253.01,0.49852694,1
1505591540,21604184,253.01,1.87328478,1
1505591495,21604175,253.00,1.26414000,1
1505591486,21604170,253.00,1.26283100,1
1505591485,21604165,253.00,2.37191651,1
1505591427,21604134,253.00,6.62487132,0
1505591427,21604133,253.00,3.37512868,0
1505591406,21604123,253.00,16.82770000,0
1505591406,21604122,252.99,0.78658000,0
1505591374,21604107,252.99,9.91815200,1
1505591321,21604069,252.00,2.54605476,0
1505591321,21604068,251.99,0.31530000,0
1505591319,21604066,252.00,4.80926400,0
1505591319,21604065,252.00,5.44164800,0
1505591319,21604064,252.00,21.01216700,0
1505591318,21604063,252.00,5.07707100,0
1505591317,21604062,252.00,5.44164800,0
1505591317,21604061,252.00,8.46911400,0
1505591317,21604060,252.00,2.80753000,0
1505591317,21604058,252.00,1.83006400,0
1505591317,21604056,251.99,12.38000000,0
1505591316,21604055,252.00,9.83394574,0
1505591316,21604054,251.99,2.24000000,0
1505591314,21604053,252.07,12.38000000,1
1505591314,21604052,252.07,2.48000000,1
1505591314,21604051,252.31,2.37562748,1
1505591314,21604050,252.37,0.31530000,1
1505591314,21604049,252.38,14.46398602,1
1505591313,21604048,252.80,0.71658000,1
1505591222,21604015,252.80,0.07000000,1
1505591202,21603995,252.79,1.26553023,1
1505591201,21603991,252.79,1.26748731,1
1505591201,21603989,252.79,0.69981202,1
1505591199,21603987,252.79,0.60722355,0
1505591199,21603986,252.50,3.45761290,0
1505591190,21603973,252.50,14.54238757,0
1505591189,21603972,252.41,0.07943443,0
1505591173,21603955,252.00,18.00000047,0
1505591167,21603954,252.00,2.88831100,0
1505591166,21603953,252.00,38.48905000,0
1505591166,21603952,252.00,3.48660000,0
1505591166,21603951,251.99,0.65000000,0
1505591157,21603946,252.00,100.00000000,0
1505591152,21603937,252.00,15.42100000,0
1505591151,21603934,252.00,24.96750000,0
1505591150,21603931,252.00,25.35333333,0
1505591150,21603930,252.00,0.13704700,0
1505591149,21603929,252.00,12.00000000,0
1505591149,21603928,252.00,6.00000000,0
1505591148,21603926,252.00,0.05053836,0
1505591148,21603924,252.00,25.34349206,0
1505591147,21603922,252.00,2.62660000,0
1505591146,21603918,252.00,0.19992353,0
1505591146,21603917,252.00,77.70000000,0
1505591145,21603914,252.00,0.87261900,0
1505591145,21603913,251.99,0.77000000,0
1505591139,21603909,252.00,1.99916666,0
1505591138,21603904,252.00,1.99916666,0
1505591137,21603901,252.00,8.93911159,0
1505591136,21603894,252.00,3.98710316,0
1505591134,21603888,252.00,0.53799442,0
1505591133,21603883,252.00,63.15763500,0
1505591132,21603882,252.00,37.92597622,0
1505591132,21603881,251.99,0.64872500,0
1505591131,21603878,251.99,0.33127500,1
1505591130,21603877,252.00,0.15111800,0
1505591130,21603875,252.00,6.00000000,0
1505591130,21603874,252.00,12.00000000,0
1505591129,21603871,252.00,39.56351600,0
1505591129,21603870,251.99,0.33128000,0
1505591125,21603865,251.99,0.64911400,0
1505591119,21603864,251.99,0.11960600,0
1505591077,21603801,252.00,0.02228300,0
1505591072,21603797,252.00,0.06075800,0
1505591072,21603796,251.99,1.31000000,0
1505591064,21603791,252.00,24.00000000,0
1505591062,21603786,252.00,6.55108900,0
1505591057,21603785,252.00,11.72777777,0
1505591056,21603784,251.99,0.94277645,0
1505591053,21603783,251.99,0.60722355,0
1505590993,21603750,252.00,68.42377400,0
1505590992,21603749,251.99,1.84000000,0
1505590983,21603741,252.00,1.38178200,0
1505590981,21603739,252.00,0.21297900,0
1505590980,21603738,252.00,2.71574268,0
1505590978,21603735,252.00,30.99023809,0
1505590977,21603733,252.00,10.01001000,0
1505590976,21603728,252.00,32.62911923,0
1505590976,21603727,252.00,56.28824900,0
1505590976,21603724,252.00,54.36100000,0
1505590975,21603721,252.00,8.94653200,0
1505590975,21603720,252.00,1.70000000,0
1505590975,21603719,251.99,1.30000000,0
1505590960,21603707,252.00,3.00000000,0
1505590960,21603706,252.00,5.68046500,0
1505590960,21603705,252.00,7.16166350,0
1505590960,21603702,251.99,1.51000000,0
1505590946,21603692,251.99,1.78999419,1
1505590945,21603689,252.00,12.77466618,0
1505590915,21603672,252.00,4.45895313,0
1505590915,21603671,251.99,2.38104687,0
1505590915,21603670,251.99,1.53000000,0
1505590914,21603667,251.88,1.70152275,0
1505590914,21603665,251.88,1.43913494,0
1505590908,21603663,251.50,2.79543998,0
1505590908,21603661,251.50,2.40650823,0
1505590908,21603660,251.49,0.79070900,0
1505590811,21603630,251.00,0.38155378,1
1505590811,21603628,251.01,0.23000000,1
1505590799,21603607,251.00,0.61155378,1
1505590794,21603600,251.56,1.70152275,1
1505590794,21603599,252.00,1.39115395,0
1505590794,21603597,251.98,1.82000000,0
1505590794,21603596,251.57,0.78884605,0
1505590788,21603588,251.56,0.17939000,1
1505590780,21603572,251.56,0.61131900,1
1505590751,21603544,252.00,11.52934000,0
1505590751,21603543,251.99,2.16000000,0
1505590717,21603510,252.00,19.65344200,0
1505590713,21603508,252.00,3.35827700,0
1505590713,21603507,252.00,61.07300100,0
1505590713,21603506,252.00,6.19849700,0
1505590713,21603505,252.00,29.73567500,0
1505590713,21603504,252.00,1.01000000,0
1505590711,21603500,252.00,4.79055439,0
1505590710,21603495,252.00,17.38463700,0
1505590710,21603494,251.99,2.61536300,0
1505590709,21603492,251.99,0.28463700,0
1505590706,21603489,252.00,1.76725000,0
1505590703,21603485,252.00,1.98789682,0
1505590702,21603483,252.00,2.37992063,0
1505590701,21603478,252.00,14.46761904,0
1505590700,21603474,252.00,4.46839396,0
1505590700,21603472,251.99,1.43924604,0
1505590697,21603462,251.99,2.00075396,0
1505590694,21603458,252.00,12.91634924,0
1505590694,21603455,252.00,1.09515000,0
1505590694,21603453,252.00,4.77000000,0
1505590686,21603441,251.99,4.09000000,0
1505590686,21603440,251.94,0.78948000,0
1505590626,21603359,252.00,9.32895893,0
1505590626,21603358,251.99,10.67104107,0
1505590592,21603341,251.05,0.67530421,1
1505590582,21603332,251.00,0.61155378,1
1505590580,21603329,251.01,0.66000000,1
1505590580,21603327,251.68,0.37792079,1
1505590580,21603325,251.68,0.23000000,1
1505590574,21603319,251.73,0.54277020,1
1505590570,21603311,251.78,0.07943443,1
1505590570,21603310,251.98,0.35434620,1
1505590569,21603309,251.98,0.00123171,1
1505590569,21603308,252.00,1.00000000,1
1505590543,21603260,252.38,0.04316610,0
1505590542,21603259,252.50,0.30683390,1
1505590542,21603258,252.51,0.23000000,1
1505590530,21603239,252.50,0.56000000,1
1505590461,21603168,254.47,1.32696301,0
1505590456,21603150,254.49,0.31420000,0
1505590448,21603134,252.71,1.51551490,0
1505590448,21603133,252.71,1.27460029,0
1505590448,21603131,252.71,0.05471187,0
1505590447,21603127,252.71,1.27460294,0
1505590446,21603126,252.71,0.31420000,0
1505590445,21603124,252.71,0.22000000,1
1505590445,21603123,252.72,0.78948000,1
1505590443,21603119,252.73,0.11000000,0
1505590440,21603113,255.15,1.91813188,1
1505590440,21603112,255.15,3.34163688,1
1505590439,21603111,254.59,0.04913220,0
1505590439,21603110,254.00,0.26400000,1
1505590438,21603109,253.79,0.31440000,1
1505590437,21603108,253.79,0.78617000,0
1505590437,21603107,253.79,0.23000000,0
1505590237,21602987,252.50,0.37792079,1
1505590237,21602986,252.51,0.23000000,1
1505590236,21602984,252.50,0.77001330,1
1505590233,21602973,252.50,2.98523201,1
1505590233,21602972,252.51,0.31440000,0
1505590232,21602971,252.78,0.27068953,1
1505590232,21602970,252.78,0.03924041,1
1505590232,21602969,252.78,0.29482933,1
1505590232,21602967,253.40,0.95000000,1
1505590232,21602966,253.40,0.05000000,1
1505590231,21602964,253.60,0.69671528,1
1505590231,21602962,253.80,0.26400000,1
1505590231,21602961,253.80,1.08812346,0
1505590229,21602953,253.86,2.09944645,0
1505590229,21602947,253.87,1.08342035,0
1505590227,21602942,253.87,1.26982293,0
1505590227,21602941,253.60,0.30328472,1
1505590224,21602931,253.88,11.99473400,1
1505590224,21602929,253.89,1.20526800,0
1505590204,21602911,254.53,17.31818979,0
1505590204,21602910,254.53,0.26300000,0
1505590204,21602909,254.51,17.43500000,0
1505590166,21602883,254.00,2.49320116,0
1505590136,21602868,254.00,1.34422790,0
1505590136,21602866,253.95,6.95010116,0
1505590135,21602864,253.95,1.26989884,0
1505590134,21602858,253.95,4.06044020,0
1505590133,21602854,254.00,4.45690000,0
1505590133,21602853,253.98,0.31310000,0
1505590133,21602851,253.95,1.26963564,0
1505590132,21602849,253.96,4.77600074,0
1505590129,21602843,254.00,0.04913220,0
1505590128,21602842,254.00,20.00000000,1
1505590128,21602841,254.00,0.01673525,1
1505590128,21602840,254.07,0.31310000,1
1505590128,21602839,254.08,0.26300000,1
1505590128,21602838,254.09,5.32000000,1
1505590084,21602824,255.11,0.00000076,1
1505590081,21602822,255.11,0.05884962,1
1505590081,21602821,255.11,0.05885038,1
1505590067,21602814,255.12,0.00010853,1
1505590065,21602810,255.12,0.78606147,1
1505590056,21602806,255.68,0.49422630,0
1505590047,21602805,255.72,0.31240000,0
1505590047,21602804,255.50,0.05876056,0
1505590047,21602803,255.50,0.05876056,0
1505590047,21602802,255.01,0.04901968,0
1505590000,21602763,254.64,3.89446437,1
1505590000,21602762,254.64,1.72822046,1
1505590000,21602761,254.64,1.02000000,1
1505590000,21602760,254.64,0.49000000,1
1505589997,21602752,254.93,0.78676000,0
1505589997,21602751,254.92,0.23000000,0
1505589996,21602750,254.91,0.46071175,0
1505589996,21602749,254.52,0.03928825,0
1505589995,21602746,254.00,0.19937827,1
1505589995,21602745,254.02,0.03928825,1
1505589995,21602744,254.63,7.57460395,1
1505589995,21602743,254.63,0.48539605,1
1505589881,21602694,254.01,3.62843292,1
1505589881,21602693,254.02,7.03254740,1
1505589881,21602692,254.50,1.00000000,1
1505589881,21602691,254.51,0.04901968,1
1505589881,21602690,254.61,8.06000000,1
1505589881,21602688,254.62,0.23000000,1
1505589849,21602674,254.52,0.46816880,1
1505589849,21602673,255.12,0.05875149,1
1505589849,21602672,255.12,0.05876057,1
1505589849,21602671,255.37,0.07827073,1
1505589844,21602667,255.99,0.06751329,0
1505589843,21602666,254.51,7.43143862,1
1505589843,21602665,255.41,0.78676000,1
1505589837,21602660,255.39,0.32977678,1
1505589837,21602659,255.39,0.79035322,1
1505589837,21602658,255.40,0.31240000,1
1505589787,21602632,255.99,0.89577824,0
1505589787,21602631,255.98,0.78502000,0
1505589787,21602630,255.57,0.00289514,0
1505589671,21602505,255.57,1.35467486,0
1505589612,21602415,255.57,0.13941000,0
1505589570,21602405,255.57,0.50302000,1
1505589553,21602395,255.57,0.28200000,1
1505589516,21602383,255.97,0.22999500,0
1505589324,21602224,255.40,0.06500216,1
1505589324,21602223,255.64,0.05869699,1
1505589324,21602222,255.92,1.00000000,1
1505589324,21602221,255.93,0.84867100,1
1505589322,21602219,255.93,1.25648000,1
1505589322,21602218,255.94,0.00008600,1
1505589319,21602216,255.94,0.99991400,1
1505589284,21602192,256.00,10.00000000,0
1505589212,21602168,256.03,0.02636700,0
1505589196,21602158,256.03,0.02148600,0
1505589189,21602154,256.00,0.00000552,0
1505589184,21602148,256.00,4.96393500,0
1505589181,21602143,256.00,5.03605948,0
1505589181,21602142,255.78,0.22149852,0
1505589178,21602135,255.78,0.36029547,0
1505589178,21602134,255.77,0.07826277,0
1505589177,21602133,255.73,0.14322976,0
1505589177,21602132,255.40,0.24729284,1
1505589177,21602131,255.72,0.06500716,1
1505589177,21602130,255.72,0.32853384,0
1505589177,21602129,255.72,0.06501231,0
1505589176,21602128,255.67,0.07820124,0
1505589176,21602127,255.41,0.00001045,0
1505589165,21602116,255.41,0.05870027,0
1505589165,21602115,255.41,0.05871072,0
1505589165,21602114,255.38,0.00000501,0
1505589165,21602111,255.38,0.78556499,0
1505588890,21601969,255.00,5.30710565,1
1505588890,21601968,255.00,13.88450980,1
1505588890,21601967,255.03,0.05871073,1
1505588890,21601966,255.03,0.05871073,1
1505588889,21601964,255.09,1.85102433,1
1505588889,21601961,255.11,1.59714800,1
1505588889,21601960,255.11,0.31230000,1
1505588889,21601959,255.29,0.07820125,1
1505588888,21601957,255.39,0.07826278,1
1505588888,21601956,255.39,0.23000000,0
1505588888,21601955,255.52,0.58179399,1
1505588886,21601953,255.53,0.78557000,1
1505588886,21601952,255.53,0.23000000,1
1505588792,21601888,256.00,5.42735500,1
1505588790,21601877,256.00,9.60984595,1
1505588790,21601876,256.00,4.77000000,1
1505588788,21601873,256.00,0.39161380,0
1505588788,21601872,256.00,0.54000000,0
1505588788,21601870,255.96,0.05000000,0
1505588788,21601869,255.86,0.05000000,0
1505588788,21601868,255.82,0.05000000,0
1505588787,21601867,255.78,1.79000000,0
1505588787,21601866,255.78,6.27037611,0
1505588781,21601861,255.78,1.78962389,0
1505588708,21601804,255.78,0.07814346,0
1505588707,21601803,255.66,0.05000000,0
1505588707,21601802,255.66,0.05000000,0
1505588707,21601801,255.65,0.08930000,0
1505588707,21601800,255.62,0.05000000,0
1505588707,21601799,255.59,0.00000590,0
1505588668,21601750,255.57,0.02000000,0
1505588662,21601729,255.58,1.92811200,0
1505588656,21601724,255.59,0.19669000,0
1505588653,21601713,255.58,0.04327300,0
1505588652,21601712,255.58,1.02331500,0
1505588647,21601690,255.58,0.19668500,0
1505588645,21601680,255.59,0.06661156,0
1505588645,21601679,255.58,0.19669044,0
1505588644,21601675,255.58,0.06330956,0
1505588644,21601671,255.58,0.97000000,0
1505588644,21601669,255.58,5.61000000,0
1505588643,21601666,255.58,1.22132644,0
1505588642,21601662,255.58,0.26330200,0
1505588641,21601659,255.58,0.77001330,0
1505588639,21601653,255.58,0.19535826,0
1505588639,21601652,255.58,0.00000039,0
1505588638,21601649,255.58,3.18227200,0
1505588638,21601648,255.58,2.42772761,0
1505588638,21601646,255.58,2.44965039,0
1505588638,21601643,255.51,0.05000000,0
1505588638,21601641,255.36,0.05000000,0
1505588592,21601582,255.58,5.61034961,0
1505588592,21601581,255.58,0.78544000,0
1505588592,21601580,255.13,0.07566739,0
1505588464,21601523,254.96,0.08930000,1
1505588464,21601522,254.97,0.05000000,1
1505588431,21601500,255.12,0.05000000,1
1505588294,21601459,255.13,0.25896602,1
1505588294,21601458,255.14,0.78544000,1
1505588294,21601457,255.14,2.92992659,1
1505588208,21601401,255.60,1.25770200,0
1505588201,21601396,255.60,0.58784064,0
1505588195,21601393,255.61,10.00000000,0
1505588194,21601392,255.51,0.05000000,0
1505588191,21601388,254.99,2.00000000,1
1505588183,21601385,255.50,1.00000000,0
1505588183,21601384,255.50,1.00000000,0
1505588183,21601382,255.47,0.05000000,0
1505588182,21601381,255.41,0.00000451,0
1505588182,21601379,255.41,0.04999549,0
1505588182,21601378,255.24,0.04890477,0
1505588182,21601377,255.21,0.05000000,0
1505588182,21601376,255.11,0.05890924,0
1505588181,21601375,255.11,0.31868050,0
1505588164,21601338,255.10,0.18000000,0
1505588159,21601335,255.10,0.05000000,0
1505588132,21601323,255.11,0.11841950,0
1505588132,21601322,255.07,0.14058767,0
1505588132,21601321,255.06,0.05000000,0
1505588132,21601320,255.00,0.21611352,0
1505588131,21601319,254.99,0.31290000,1
1505588131,21601317,254.86,0.05890924,0
1505588131,21601316,254.60,0.07854566,0
1505588129,21601315,254.56,0.63733400,0
1505588075,21601289,254.56,0.14987600,0
1505588042,21601268,254.55,5.71283336,0
1505588026,21601264,253.59,0.19636418,1
1505588026,21601262,253.60,4.07721609,0
1505588025,21601261,253.75,0.05000000,1
1505588025,21601260,254.05,0.05000000,1
1505588025,21601259,254.30,0.05000000,1
1505588025,21601258,254.50,0.05000000,1
1505587963,21601228,254.95,7.72650900,0
1505587933,21601181,254.60,0.05000000,0
1505587888,21601157,254.66,0.14987600,0
1505587849,21601146,253.61,0.88675669,1
1505587805,21601109,253.59,0.26063108,1
1505587805,21601108,253.81,0.05000000,1
1505587805,21601107,254.00,0.78388648,1
1505587805,21601106,254.16,0.00332344,1
1505587804,21601104,254.16,0.04667656,1
1505587804,21601103,254.19,0.00434144,1
1505587804,21601102,254.20,0.23000000,1
1505587803,21601101,254.21,0.78721000,1
1505587797,21601094,254.28,1.10273735,1
1505587796,21601092,254.28,0.31290000,1
1505587796,21601091,254.28,0.94425000,1
1505587786,21601081,254.19,0.43710000,1
1505587786,21601080,254.26,0.31290000,1
1505587785,21601078,254.46,0.05000000,1
1505587785,21601077,254.71,0.05000000,1
1505587785,21601076,254.91,0.05000000,1
1505587767,21601067,254.99,0.40000000,0
1505587734,21601028,255.00,0.78388648,1
1505587721,21601003,255.00,0.59949549,1
1505587716,21600991,255.00,2.35321803,1
1505587706,21600988,255.00,0.31340000,0
1505587706,21600987,254.40,0.95000000,0
1505587705,21600986,254.40,0.05000000,0
1505587675,21600975,255.07,0.43989898,0
1505587675,21600974,255.06,0.04494494,0
1505587675,21600973,254.89,0.03133771,0
1505587674,21600972,254.89,0.03917607,0
1505587674,21600971,254.47,0.02512895,0
1505587670,21600968,254.45,1.00000000,1
1505587647,21600951,253.66,5.38874044,1
1505587646,21600950,253.00,5.12290120,0
1505587646,21600948,253.60,8.06000000,1
1505587646,21600947,253.61,0.04494000,1
1505587646,21600946,253.63,0.31340000,1
1505587645,21600945,253.65,9.07524558,1
1505587643,21600942,253.97,0.74282000,0
1505587633,21600938,253.97,0.02512895,0
1505587632,21600936,253.97,0.01976611,0
1505587612,21600913,253.99,7.97622560,0
1505587612,21600912,253.98,0.08377440,0
1505587611,21600911,253.98,0.05000000,1
1505587610,21600909,253.99,0.03133771,0
1505587610,21600908,253.99,8.06000000,0
1505587609,21600905,254.00,8.06000000,0
1505587608,21600904,254.39,8.06000000,1
1505587608,21600903,254.39,1.66113462,1
1505587599,21600900,254.39,0.69749727,1
1505587599,21600899,254.39,0.03917607,1
1505587595,21600898,254.39,0.78772000,1
1505587594,21600896,254.38,6.57382875,1
1505587594,21600895,254.39,0.58048665,1
1505587586,21600891,254.38,8.06000000,1
1505587586,21600890,254.38,0.05000000,1
1505587586,21600888,254.73,0.05000000,1
1505587586,21600887,254.74,0.04890477,1
1505587583,21600881,254.74,0.05889533,1
1505587583,21600880,254.74,0.05889533,1
1505587583,21600879,254.99,0.07845013,1
1505587582,21600877,255.00,0.13945097,1
1505587581,21600875,255.10,0.07859512,1
1505587581,21600873,255.35,0.05894625,1
1505587581,21600872,255.61,0.05894616,1
1505587581,21600871,256.00,0.13942924,1
1505587580,21600870,256.00,2.68546313,1
1505587576,21600858,256.00,0.78277000,1
1505587575,21600855,256.00,12.72394532,1
1505587575,21600854,256.00,0.13942924,1
1505587574,21600853,256.00,0.05885637,0
1505587574,21600852,255.99,0.05000000,0
1505587574,21600851,255.98,2.34393312,0
1505587574,21600850,255.74,0.05885637,0
1505587573,21600849,255.63,0.05000000,0
1505587573,21600848,255.61,0.57774205,0
1505587573,21600847,255.49,0.07847516,0
1505587573,21600846,255.47,0.31110000,0
1505587559,21600836,255.55,0.19618787,0
1505587558,21600833,255.00,0.58603922,1
1505587530,21600812,255.01,0.43831281,1
1505587530,21600809,255.01,0.13942924,1
1505587530,21600808,255.03,0.05000000,1
1505587530,21600807,255.28,0.05000000,1
1505587529,21600806,255.48,0.05000000,1
1505587529,21600804,255.63,0.02700276,1
1505587528,21600803,255.63,0.02299724,1
1505587259,21600545,255.64,0.05000000,1
1505587259,21600543,255.84,0.05000000,1
1505587259,21600542,255.99,0.05000000,1
1505587228,21600516,256.00,0.01981881,1
1505587228,21600515,256.01,0.18309119,1
1505587227,21600514,256.01,0.59967881,1
1505587222,21600509,256.00,0.20601837,1
1505587222,21600508,256.01,0.39354615,1
1505587220,21600506,256.01,0.14322976,1
1505587216,21600498,256.00,2.90316300,1
1505587215,21600497,256.00,5.54917176,1
1505587215,21600496,256.01,0.31110000,1
1505587215,21600495,256.02,4.38622224,1
1505587212,21600493,255.63,0.05000000,0
1505587212,21600492,255.24,0.53837397,0
1505587212,21600491,255.23,0.05000000,0
1505587212,21600490,255.22,0.05900500,0
1505587212,21600489,254.99,0.07879383,0
1505587211,21600488,254.99,0.05909536,0
1505587211,21600487,254.98,0.24978912,0
1505587211,21600486,254.98,0.23000000,0
1505587176,21600457,254.61,0.07851156,0
1505587176,21600456,254.00,0.17127756,0
1505587173,21600452,254.23,0.07851157,1
1505587173,21600451,254.61,0.05909537,1
1505587173,21600450,254.61,0.07879384,1
1505587158,21600444,255.01,2.02564100,1
1505587138,21600433,255.01,1.95333100,1
1505587121,21600425,255.00,0.05900500,1
1505587121,21600424,255.00,0.07867334,1
1505587120,21600423,255.22,0.19668323,0
1505587119,21600420,255.01,2.02558100,1
1505587114,21600416,254.92,0.05000000,0
1505587113,21600415,254.88,0.05000000,0
1505587113,21600414,254.58,0.05000000,0
1505587113,21600413,254.33,0.05000000,0
1505587113,21600412,254.13,0.05000000,0
1505587086,21600398,253.98,0.05000000,0
1505587070,21600385,253.92,0.31060000,0
1505586954,21600290,253.58,0.07974472,1
1505586861,21600177,255.24,0.57720471,0
1505586861,21600176,255.23,0.78436000,0
1505586861,21600174,254.32,0.03924041,0
1505586860,21600173,254.19,0.04907564,0
1505586857,21600168,253.82,0.27068953,0
1505586856,21600167,253.82,0.03924041,0
1505586856,21600166,253.82,0.29482933,1
1505586853,21600161,253.16,0.07373805,1
1505586853,21600160,253.69,0.23000000,1
1505586853,21600159,253.70,0.05044000,1
1505586848,21600146,253.16,3.87479567,1
1505586848,21600145,253.68,0.36776676,1
1505586847,21600143,253.16,8.96530524,1
1505586847,21600141,253.16,4.85234849,1
1505586847,21600140,253.69,0.04907564,1
1505586846,21600139,256.03,0.05000000,0
1505586845,21600138,253.52,0.60364151,1
1505586845,21600136,253.60,0.05000000,1
1505586845,21600134,253.69,0.23000000,1
1505586842,21600121,253.70,0.68746629,1
1505586842,21600120,255.28,2.29356030,1
1505586839,21600114,254.85,0.04892471,0
1505586838,21600109,253.68,1.11557868,1
1505586835,21600099,253.75,0.36674256,1
1505586835,21600098,253.75,0.60506436,1
1505586835,21600096,254.35,0.04892471,1
1505586834,21600091,254.00,0.05000000,1
1505586834,21600090,254.01,0.45376084,1
1505586834,21600087,254.35,0.05000000,1
1505586833,21600086,254.65,0.05000000,1
1505586833,21600084,254.90,0.05000000,1
1505586833,21600083,255.10,0.05000000,1
1505586833,21600081,255.25,0.05000000,1
1505586828,21600043,255.26,0.14653577,0
1505586827,21600038,255.26,0.31060000,0
1505586825,21600034,255.26,0.78396409,0
1505586824,21600033,255.26,5.39317324,0
1505586824,21600032,255.26,5.96682676,0
1505586824,21600029,255.26,1.31371472,1
1505586824,21600026,255.26,8.68628528,1
1505586824,21600025,256.07,0.78392000,1
1505586821,21600016,257.38,1.69947159,1
1505586821,21600015,256.05,6.17215575,1
1505586821,21600009,255.99,4.81349679,1
1505586820,21600005,257.38,50.09164348,1
1505586819,21600003,257.38,8.06000000,1
1505586818,21599994,257.39,0.59371084,1
1505586816,21599981,256.05,0.91745744,1
1505586816,21599976,257.41,42.89127108,1
1505586815,21599974,257.41,14.05100000,1
1505586815,21599971,256.91,0.04987071,0
1505586815,21599970,256.57,0.07400000,0
1505586814,21599968,256.04,0.04987071,0
1505586814,21599965,255.91,0.59982302,0
1505586812,21599958,255.26,0.43678785,0
1505586807,21599950,255.26,0.00450521,0
1505586805,21599946,255.25,0.23000000,0
1505586794,21599931,253.68,4.22150727,1
1505586786,21599907,255.26,0.09999606,1
1505586785,21599902,255.26,0.60364151,1
1505586784,21599899,255.26,0.04987071,0
1505586784,21599898,254.55,0.04987071,0
1505586784,21599896,254.32,0.37358101,0
1505586784,21599895,254.32,0.23000000,0
1505586783,21599893,254.29,0.14987616,0
1505586782,21599887,254.29,0.45376629,0
1505586782,21599886,253.93,0.04987071,0
1505586782,21599885,253.87,0.05000000,0
1505586782,21599884,253.80,0.05000000,0
1505586776,21599855,253.57,0.05000000,0
1505586776,21599853,253.50,0.05000000,0
1505586776,21599850,253.50,0.72662076,0
1505586775,21599846,253.16,0.23000000,1
1505586775,21599845,253.50,10.84851049,0
1505586774,21599839,253.50,15.60718636,0
1505586771,21599825,253.50,0.71874788,0
1505586771,21599823,253.50,7.45178900,0
1505586760,21599779,253.50,45.21759000,0
1505586754,21599755,253.50,1.40709500,0
1505586754,21599751,253.50,11.61559900,0
1505586752,21599737,253.50,77.70000000,0
1505586752,21599735,253.50,1.40709500,0
1505586751,21599732,253.50,1.56000000,0
1505586746,21599693,253.50,9.36739788,0
1505586742,21599680,253.50,1.36044400,0
1505586735,21599667,253.50,45.10347000,0
1505586735,21599666,253.50,5.00000000,0
1505586735,21599663,253.50,14.55230200,0
1505586734,21599660,253.50,7.29218100,0
1505586727,21599646,253.50,1.00000000,0
1505586724,21599639,253.50,14.52528000,0
1505586716,21599628,253.50,14.52528000,0
1505586712,21599617,253.50,6.00184200,0
1505586708,21599600,253.50,6.23786400,0
1505586707,21599596,253.49,6.54158969,0
1505586706,21599589,253.49,3.69209830,0
1505586705,21599585,253.49,18.68905700,0
1505586705,21599581,252.93,0.02000000,1
1505586703,21599575,253.49,14.52240478,0
1505586697,21599558,253.49,14.52048800,0
1505586691,21599544,253.49,0.60364245,0
1505586690,21599543,253.49,8.56824000,0
1505586689,21599541,253.48,2.36705065,0
1505586689,21599540,253.48,0.15812225,0
1505586689,21599539,253.48,0.08598763,0
1505586689,21599538,253.32,0.05000000,0
1505586683,21599521,253.28,0.87304617,0
1505586683,21599520,253.28,0.05942256,0
1505586683,21599519,253.25,0.05000000,0
1505586683,21599518,253.12,0.05000000,0
1505586682,21599517,253.05,0.05000000,0
1505586682,21599516,253.04,0.05933117,0
1505586666,21599472,253.03,3.44999978,0
1505586666,21599470,252.97,0.05000000,0
1505586666,21599469,252.90,0.05000000,0
1505586666,21599468,252.81,0.07913595,0
1505586666,21599467,252.81,0.07923056,0
1505586665,21599466,252.65,0.00933571,0
1505586658,21599463,252.39,3.44659069,1
1505586649,21599450,252.65,0.04000000,0
1505586644,21599447,252.57,9.49236119,0
1505586644,21599446,252.56,2.47775281,0
1505586615,21599385,252.33,0.69348000,1
1505586612,21599383,252.33,6.42629691,0
1505586612,21599382,252.33,16.12798900,0
1505586605,21599375,252.31,1.44779100,0
1505586581,21599360,252.32,0.05000000,0
1505586581,21599359,252.32,0.05000000,0
1505586495,21599301,252.57,2.27890739,0
1505586490,21599299,252.57,0.48890773,0
1505586490,21599298,252.42,0.05941331,0
1505586490,21599297,252.42,0.05941331,0
1505586488,21599295,251.98,0.03952154,1
1505586483,21599283,251.98,1.78319979,0
1505586480,21599280,251.99,0.03020000,0
1505586480,21599279,251.99,3.43414460,1
1505586480,21599278,251.99,6.53286912,1
1505586480,21599277,252.00,0.13633967,1
1505586480,21599276,252.04,0.05941332,1
1505586480,21599275,252.04,0.05941332,1
1505586480,21599274,252.14,0.05000000,1
1505586479,21599273,252.17,0.04269019,1
1505586479,21599272,252.34,0.05000000,1
1505586388,21599235,252.49,0.05000000,1
1505586351,21599225,252.54,0.14235700,0
1505586265,21599168,252.50,0.25617846,0
1505586265,21599167,252.43,0.05932154,0
1505586193,21599115,252.43,0.05932154,0
1505586191,21599108,252.00,0.93901132,1
1505586191,21599107,252.05,0.05932155,1
1505586191,21599105,252.05,0.05932155,1
1505586191,21599104,252.13,0.05000000,1
1505586191,21599103,252.15,0.04933571,1
1505586189,21599102,252.19,1.54806903,1
1505586189,21599101,252.17,3.22657254,0
1505586189,21599100,252.17,1.07645903,0
1505586179,21599092,252.16,1.27766227,1
1505586178,21599089,252.16,0.79348000,0
1505586178,21599086,252.43,0.07913596,1
1505586178,21599084,252.43,0.07923057,1
1505586177,21599083,252.82,0.87304617,1
1505586175,21599080,252.82,0.07901389,1
1505586174,21599079,252.82,0.07910836,1
1505586174,21599078,252.15,0.12413398,1
1505586174,21599077,252.31,0.07901390,1
1505586174,21599076,252.40,0.07910837,1
1505586174,21599075,252.43,0.05000000,1
1505586174,21599074,252.48,1.00000000,1
1505586173,21599073,252.66,0.05933118,1
1505586173,21599072,252.68,0.05000000,1
1505586173,21599071,252.80,0.19886712,1
1505586172,21599070,252.80,0.98981973,1
1505586172,21599069,252.81,0.31550000,1
1505586172,21599068,252.81,0.08598763,1
1505586172,21599067,252.90,0.05942257,1
1505586168,21599060,253.49,9.86247978,0
1505586168,21599059,253.46,0.11073369,0
1505586167,21599057,253.40,0.05000000,0
1505586167,21599056,253.39,0.71830586,0
1505586167,21599054,253.29,0.05933108,0
1505586165,21599052,253.27,3.91636388,1
1505586165,21599050,253.27,1.02935591,0
1505586151,21599038,252.81,1.02935591,1
1505586151,21599036,252.88,0.05000000,1
1505586151,21599035,252.91,0.05933109,1
1505586151,21599034,253.03,0.05000000,1
1505586143,21599013,253.39,1.28169414,0
1505586143,21599012,253.30,0.05923975,0
1505586143,21599011,253.05,0.05923975,0
1505586136,21599001,253.04,0.00000602,0
1505586119,21598981,253.04,0.22999398,0
1505586113,21598973,253.04,0.23000000,0
1505585958,21598890,253.04,0.23000000,0
1505585880,21598815,252.84,0.23000000,1
1505585845,21598750,252.79,0.07898633,0
1505585787,21598706,252.70,0.19746583,0
1505585786,21598705,252.50,0.16236156,1
1505585779,21598703,252.48,0.31194844,0
1505585778,21598702,252.69,1.18830836,0
1505585778,21598701,252.50,2.79259795,0
1505585778,21598700,252.49,0.34000000,0
1505585769,21598690,252.50,0.20740205,0
1505585763,21598687,252.64,0.32000000,0
1505585722,21598663,252.94,6.95323002,0
1505585685,21598629,252.97,3.64226301,0
1505585685,21598628,252.96,0.23000000,0
1505585685,21598627,252.39,0.05000000,0
1505585674,21598619,253.38,1.11284139,0
1505585674,21598618,253.37,0.23000000,0
1505585666,21598614,251.99,0.03942499,1
1505585664,21598608,251.99,8.43833439,0
1505585664,21598607,251.99,4.05441761,0
1505585663,21598604,251.99,1.27920383,0
1505585663,21598600,251.99,6.57229411,0
1505585662,21598597,251.99,1.27906562,0
1505585660,21598593,251.99,1.27900485,0
1505585659,21598592,252.00,2.01583004,1
1505585658,21598591,252.02,8.06000000,1
1505585658,21598590,252.03,12.42000000,1
1505585658,21598589,252.11,0.07926317,1
1505585658,21598588,252.12,13.30434818,1
1505585587,21598454,252.84,0.05000000,1
1505585587,21598453,253.00,2.86856689,1
1505585584,21598446,253.00,1.99901186,1
1505585573,21598425,253.00,5.58604000,1
1505585571,21598420,253.00,11.33117441,1
1505585571,21598418,253.01,2.36334420,1
1505585571,21598416,253.01,0.72583739,1
1505585570,21598414,253.01,0.38700400,1
1505585570,21598413,253.02,0.64973000,1
1505585570,21598412,253.05,0.03940000,1
1505585546,21598386,253.02,0.14458000,1
1505585479,21598324,253.00,18.21520684,0
1505585468,21598301,253.00,2.00000000,0
1505585467,21598298,253.00,8.78479316,0
1505585467,21598296,253.00,4.00000000,0
1505585467,21598293,253.00,4.27174302,0
1505585455,21598267,252.99,0.05000000,0
1505585450,21598264,252.99,0.12868933,0
1505585416,21598234,253.00,0.18000000,0
1505585416,21598233,252.62,0.05947707,0
1505585402,21598213,252.62,0.00000005,0
1505585402,21598212,252.37,0.05947712,0
1505585402,21598211,252.11,0.07930283,0
1505585399,21598210,253.00,0.19825698,0
1505585398,21598209,252.90,1.43185451,0
1505585398,21598208,252.44,0.05000000,0
1505585381,21598185,252.04,0.00002499,0
1505585368,21598177,252.04,0.04997501,0
1505585363,21598170,250.71,0.95963784,1
1505585357,21598158,252.00,0.05000000,0
1505585357,21598157,252.00,1.96583004,0
1505585355,21598151,252.00,1.00468700,0
1505585350,21598135,251.99,2.38104687,1
1505585334,21598099,251.99,3.02051200,0
1505585332,21598096,252.00,2.02848296,0
1505585332,21598094,251.69,0.00000404,0
1505585329,21598088,251.69,0.04999596,0
1505585329,21598087,251.39,0.00000404,0
1505585320,21598077,251.38,0.23000000,0
1505585303,21598054,251.39,0.04999596,0
1505585303,21598053,251.29,0.05000000,0
1505585303,21598052,251.28,0.61155378,0
1505585303,21598051,251.14,0.05000000,0
1505585303,21598050,251.13,0.00000026,0
1505585295,21598026,251.13,2.21623500,0
1505585274,21597975,250.94,0.05000000,0
1505585274,21597974,250.79,0.05000000,0
1505585222,21597902,251.00,3.85728274,1
1505585217,21597893,251.00,8.04499800,1
1505585217,21597892,251.00,3.43836400,1
1505585216,21597891,251.00,2.94540300,1
1505585214,21597880,251.00,0.14642425,1
1505585213,21597875,251.00,1.72035669,1
1505585211,21597868,250.39,0.05000000,0
1505585130,21597786,250.03,1.12607094,0
1505585130,21597785,250.00,0.05950732,0
1505585129,21597783,250.00,0.02149356,0
1505585129,21597782,249.99,0.00000026,0
1505585124,21597779,249.99,5.65051800,0
1505585120,21597772,249.44,0.20000000,0
1505585053,21597699,249.60,0.06033574,0
1505585053,21597698,249.35,0.06033584,0
1505585053,21597697,249.24,0.05407253,0
1505585053,21597696,249.20,0.08126157,0
1505585049,21597692,248.99,0.56480112,0
1505585047,21597690,248.99,0.24235816,0
1505585036,21597678,249.10,0.08044791,0
1505585036,21597676,249.00,0.07988377,0
1505585036,21597675,248.75,0.05997321,0
1505585035,21597674,248.75,0.00875232,0
1505585028,21597672,248.74,0.02278435,1
1505585027,21597670,248.74,0.31870000,0
1505585027,21597668,248.73,10.02157722,0
1505585027,21597667,247.88,0.02278435,0
1505585026,21597666,247.88,0.54646690,0
1505585026,21597662,247.88,0.05000000,1
1505585018,21597659,248.75,0.05122089,0
1505585017,21597657,247.88,3.27364857,0
1505585017,21597656,247.89,0.13118722,0
1505585016,21597655,248.24,0.08032521,1
1505585016,21597654,248.24,0.53611589,1
1505585016,21597653,248.33,0.05000000,1
1505585015,21597652,248.38,0.05997322,1
1505585015,21597651,248.38,0.05997322,1
1505585015,21597650,248.58,0.08126157,1
1505585015,21597648,248.58,0.05407253,0
1505585014,21597647,248.63,0.07988378,1
1505585014,21597645,248.73,0.05000000,1
1505585014,21597644,248.73,0.08044792,1
1505585013,21597643,248.74,0.11976200,1
1505585013,21597642,248.74,0.81060545,1
1505585013,21597641,248.98,0.06033585,1
1505585012,21597639,249.08,0.05000000,1
1505585012,21597638,249.23,0.06033575,1
1505585012,21597636,249.38,0.05000000,1
1505585012,21597635,249.38,0.08100088,1
1505585011,21597633,249.63,0.05000000,1
1505585011,21597631,249.78,1.12607094,1
1505585009,21597620,249.83,0.05000000,1
1505585005,21597605,249.98,0.05000000,1
1505584993,21597571,249.99,0.43399207,0
1505584993,21597570,249.99,0.14686064,0
1505584967,21597554,249.99,0.35313936,0
1505584901,21597523,249.99,0.00003167,1
1505584901,21597521,249.99,0.45809833,1
1505584878,21597507,249.77,0.34902928,1
1505584878,21597506,249.86,0.31870000,1
1505584856,21597492,250.86,11.14000000,0
1505584855,21597491,250.77,0.12458622,0
1505584805,21597426,251.00,0.39725602,1
1505584805,21597425,251.00,4.97036454,1
1505584804,21597422,251.00,2.00000000,0
1505584804,21597421,250.99,0.50000000,0
1505584804,21597420,250.00,2.78859960,0
1505584803,21597413,250.00,4.95030167,0
1505584803,21597411,250.00,5.97882274,0
1505584803,21597410,250.00,1.72103049,0
1505584803,21597408,250.00,0.73236570,0
1505584802,21597407,250.00,0.24926739,0
1505584802,21597405,250.00,1.53659893,0
1505584802,21597400,250.00,10.25896414,0
1505584801,21597398,250.00,3.32841094,0
1505584790,21597320,250.00,2.95563840,0
1505584790,21597319,250.00,0.50000000,0
1505584789,21597318,250.00,0.13000000,0
1505584789,21597314,249.61,0.06024391,0
1505584789,21597310,249.60,12.29495769,0
1505584789,21597304,249.60,0.24504231,0
1505584789,21597302,249.39,0.05000000,0
1505584789,21597299,249.36,0.06024391,0
1505584789,21597296,249.24,0.05000000,0
1505584788,21597293,249.20,0.05779608,0
1505584788,21597291,249.20,0.02346549,0
1505584788,21597289,249.19,0.05000000,0
1505584788,21597288,249.18,0.08032521,0
1505584784,21597254,249.18,0.53611589,0
1505584784,21597249,249.11,0.08032521,0
1505584780,21597212,249.01,0.07976188,0
1505584779,21597211,248.99,0.05000000,0
1505584779,21597210,248.99,0.04975000,0
1505584779,21597209,248.89,0.11977226,0
1505584776,21597196,248.89,0.08022774,0
1505584776,21597194,248.84,0.02803817,0
1505584775,21597193,248.84,0.09172909,0
1505584768,21597170,248.83,1.28162900,0
1505584768,21597169,248.83,1.01719900,0
1505584766,21597168,248.83,0.81063972,0
1505584756,21597139,248.84,1.01056783,0
1505584756,21597138,248.84,0.15000000,0
1505584756,21597137,248.76,0.05988162,0
1505584756,21597136,248.76,0.05988162,0
1505584756,21597135,248.39,0.00000393,0
1505584755,21597134,248.39,0.08152000,0
1505584741,21597105,248.15,1.30074238,1
1505584735,21597102,247.77,0.29499957,1
1505584735,21597101,247.78,0.08152393,1
1505584735,21597099,248.15,1.82372700,1
1505584733,21597095,248.15,1.65226489,0
1505584732,21597094,248.14,0.13138311,0
1505584728,21597093,248.15,0.17146700,0
1505584705,21597086,248.39,0.05988163,1
1505584705,21597085,248.39,0.05988163,1
1505584705,21597084,248.43,0.05000000,1
1505584705,21597083,248.44,0.23000000,1
1505584689,21597069,248.58,0.05000000,1
1505584688,21597068,248.58,0.05779608,1
1505584688,21597067,248.59,0.23000000,1
1505584651,21597055,248.58,0.02346549,1
1505584651,21597054,248.59,0.02803817,1
1505584650,21597052,248.64,0.07976189,1
1505584522,21597022,248.59,1.10229692,1
1505584436,21596991,248.84,0.05000000,1
1505584404,21596949,248.85,0.22885000,1
1505584366,21596925,248.86,0.04960881,1
1505584365,21596924,248.85,0.00001119,0
1505584361,21596922,248.85,6.32596828,1
1505584333,21596914,248.85,6.85742496,0
1505584332,21596911,248.99,0.00025000,1
1505584331,21596909,248.99,0.04975000,1
1505584214,21596876,249.00,6.57011561,1
1505584213,21596875,249.00,1.28281694,1
1505584212,21596872,249.00,1.28343826,1
1505584210,21596870,249.00,1.28313976,1
1505584210,21596868,249.00,1.52948111,1
1505584209,21596866,249.01,1.28059278,1
1505584207,21596860,249.00,1.52940999,1
1505584207,21596859,249.00,2.94463493,0
1505584207,21596858,248.69,0.05000000,0
1505584206,21596857,248.55,0.05000000,0
1505584206,21596856,248.51,0.10000000,0
1505584206,21596855,248.40,0.08112035,0
1505584190,21596851,248.24,0.05000000,0
1505584156,21596836,248.21,0.63047412,0
1505583965,21596780,248.20,0.05000000,0
1505583965,21596779,248.05,0.05000000,0
1505583964,21596778,248.04,0.05000000,0
1505583964,21596777,247.90,0.05000000,0
1505583964,21596775,247.85,0.05000000,0
1505583964,21596774,247.84,0.05000000,0
1505583964,21596773,247.79,0.05000000,0
1505583964,21596771,247.70,0.05000000,0
1505583964,21596770,247.65,0.05000000,0
1505583957,21596763,247.59,0.05000000,0
1505583957,21596762,247.59,0.02099125,0
1505583957,21596761,247.59,0.06039186,0
1505583951,21596758,247.57,0.99417798,0
1505583950,21596755,247.57,0.20081302,0
1505583950,21596753,247.57,3.80500900,0
1505583950,21596752,247.48,0.04052794,0
1505583950,21596751,247.45,0.05000000,0
1505583950,21596749,247.41,1.13572499,0
1505583949,21596748,247.30,0.01873807,0
1505583897,21596713,247.29,4.00000000,1
1505583890,21596712,247.29,0.05000000,0
1505583881,21596705,247.01,0.76101972,1
1505583881,21596704,247.14,0.05000000,1
1505583880,21596702,247.29,0.05000000,0
1505583830,21596670,247.30,0.03126193,0
1505583830,21596669,247.04,0.00000438,0
1505583687,21596580,247.00,0.99000000,0
1505583660,21596555,247.01,0.05000000,1
1505583610,21596497,247.02,0.00003374,1
1505583605,21596492,247.02,0.08728038,0
1505583605,21596491,247.01,0.81098400,0
1505583603,21596482,246.60,0.93454810,0
1505583600,21596474,246.60,3.81515190,1
1505583600,21596471,246.61,0.02030000,1
1505583599,21596464,246.60,2.31052210,1
1505583599,21596462,246.60,0.29051770,1
1505583569,21596446,247.01,0.10664400,1
1505583557,21596434,247.01,0.09071000,1
1505583557,21596433,247.03,0.40929000,1
1505583541,21596429,247.03,0.02022794,0
1505583534,21596424,247.01,0.40169400,1
1505583532,21596422,247.00,1.50019000,1
1505583530,21596414,247.00,5.23101215,1
1505583529,21596412,247.00,1.50019000,1
1505583527,21596404,247.00,10.82628200,1
1505583527,21596403,247.00,1.50019000,1
1505583525,21596400,247.00,1.50019000,1
1505583522,21596399,247.00,5.31617429,1
1505583522,21596398,247.00,0.81106000,0
1505583522,21596397,247.00,0.04039020,0
1505583522,21596396,246.98,0.23000000,0
1505583485,21596362,246.85,0.00052500,1
1505583485,21596361,246.86,0.75036000,1
1505583468,21596347,246.86,0.06070000,1
1505583468,21596346,247.00,0.05000000,1
1505583440,21596327,247.03,0.04030000,0
1505583413,21596302,246.94,0.23000000,0
1505583325,21596251,247.01,0.22999500,0
1505583302,21596227,246.96,1.53438600,0
1505583296,21596220,247.02,0.32300976,0
1505583290,21596197,246.98,0.23000000,1
1505583289,21596195,246.64,0.33742930,1
1505583289,21596194,246.66,0.06052795,1
1505583289,21596193,246.66,0.22999500,1
1505583288,21596192,246.98,0.80950500,1
1505583287,21596191,247.04,0.06043048,0
1505583287,21596190,246.98,0.80951088,0
1505583287,21596189,246.79,0.06043486,0
1505583287,21596188,246.71,0.09383378,0
1505583287,21596187,246.66,0.23000000,0
1505583207,21596172,246.52,1.99983976,1
1505583207,21596171,246.53,0.05000000,0
1505583207,21596170,246.53,0.05000000,0
1505583206,21596169,246.53,0.05000000,0
1505583195,21596164,246.55,0.08057982,0
1505583195,21596163,246.54,0.23000000,0
1505583194,21596162,246.18,0.00008916,0
1505583192,21596159,246.18,0.52960456,0
1505583191,21596157,246.18,0.09383378,1
1505583183,21596151,246.90,0.03380704,0
1505583181,21596150,246.65,0.10723861,0
1505583180,21596149,245.38,7.31082878,0
1505583180,21596148,245.90,0.99000000,1
1505583180,21596147,245.92,5.42000000,1
1505583179,21596146,246.12,0.62165883,1
1505583179,21596145,246.18,0.10723861,1
1505583179,21596144,246.51,14.63389480,1
1505583178,21596142,246.56,0.45461000,1
1505583146,21596114,246.57,0.35714929,1
1505583138,21596102,246.91,0.22999500,0
1505583083,21596068,246.92,0.35669300,0
1505583058,21596058,246.94,0.42380000,0
1505583056,21596051,246.94,0.03001700,0
1505583056,21596050,246.94,0.23000000,0
1505582960,21595960,246.95,0.23000000,0
1505582927,21595945,246.98,0.58051000,0
1505582926,21595944,246.92,0.23000000,0
1505582921,21595930,246.98,0.81054000,1
1505582920,21595929,246.98,0.12456843,0
1505582920,21595928,246.94,0.27816470,0
1505582920,21595927,246.93,0.23000000,0
1505582906,21595920,246.59,1.10874245,0
1505582905,21595916,246.78,0.05000000,1
1505582901,21595910,246.93,0.05000000,1
1505582895,21595898,246.94,0.07103745,1
1505582891,21595889,246.96,0.32309996,1
1505582884,21595864,246.94,7.72181549,1
1505582884,21595863,246.97,0.27818655,1
1505582884,21595855,246.97,0.85753844,1
1505582884,21595854,246.98,0.27819000,1
1505582883,21595852,246.98,0.53235000,1
1505582785,21595801,246.94,1.00294477,0
1505582785,21595800,246.93,0.62165883,0
1505582785,21595799,246.86,0.06040389,0
1505582785,21595798,246.71,0.01366377,0
1505582785,21595797,246.62,0.08053853,0
1505582744,21595769,246.71,0.08017001,0
1505582743,21595767,246.53,0.17126330,0
1505582731,21595752,246.53,0.17908000,0
1505582716,21595731,246.44,0.23000000,1
1505582714,21595725,246.44,0.50000000,0
1505582714,21595724,246.36,0.28778813,0
1505582714,21595722,246.35,0.23000000,0
1505582694,21595707,246.17,0.81321000,0
1505582694,21595706,246.16,0.23000000,0
1505582445,21595508,245.77,0.05000000,0
1505582424,21595487,245.60,0.40876600,1
1505582400,21595476,245.81,0.13817816,0
1505582400,21595475,245.80,0.32310000,0
1505582382,21595465,245.82,0.06058819,1
1505582340,21595451,246.06,0.06058809,1
1505582338,21595450,246.07,0.22720004,1
1505582338,21595449,246.07,0.06058809,1
1505582309,21595440,246.07,0.50000000,1
1505582293,21595431,246.07,0.35034330,1
1505582293,21595430,246.07,0.00005770,1
1505582288,21595428,246.07,0.35140408,1
1505582275,21595420,246.07,0.46174822,1
1505582275,21595419,246.18,0.09383378,1
1505582236,21595370,246.91,0.45227458,0
1505582230,21595365,246.19,0.40583900,1
1505582226,21595359,246.54,6.07144695,1
1505582226,21595357,246.55,0.32310000,1
1505582226,21595355,247.57,10.40453205,1
1505582226,21595353,247.49,0.05000000,0
1505582225,21595349,247.25,0.82885509,0
1505582225,21595346,247.24,0.30385230,0
1505582225,21595345,247.21,0.05000000,0
1505582224,21595344,247.21,11.81593556,1
1505582224,21595343,247.19,0.05000000,0
1505582224,21595342,247.19,0.05000000,0
1505582223,21595341,247.01,0.05000000,0
1505582223,21595340,246.94,0.05000000,0
1505582223,21595339,246.93,0.05000000,0
1505582222,21595338,246.84,0.05000000,0
1505582222,21595337,246.78,0.05000000,0
1505582221,21595336,246.74,0.88467954,0
1505582221,21595335,246.71,0.09383378,0
1505582220,21595334,246.54,0.05000000,0
1505582220,21595333,246.44,0.06049468,0
1505582220,21595332,246.42,0.05000000,0
1505582219,21595331,246.29,0.05000000,0
1505582219,21595330,246.20,0.06049468,0
1505582217,21595327,245.95,0.00065958,0
1505582211,21595320,245.29,0.81580000,1
1505582211,21595318,245.94,0.08078437,0
1505582211,21595316,245.94,0.00030000,0
1505582210,21595315,245.91,0.09413970,0
1505582210,21595314,245.00,0.28885294,0
1505582209,21595312,245.00,1.09661000,0
1505582209,21595311,244.99,0.27300000,0
1505582208,21595308,245.00,28.03480800,0
1505582208,21595306,245.00,55.59579500,0
1505582207,21595302,245.00,1.30432059,0
1505582207,21595299,245.00,47.95800200,0
1505582206,21595296,245.00,0.62520500,0
1505582206,21595295,245.00,1.30449226,0
1505582206,21595294,245.00,0.98679800,0
1505582205,21595290,245.00,0.14138484,0
1505582204,21595289,245.00,1.30448868,0
1505582203,21595286,245.00,1.98765000,0
1505582203,21595285,245.00,1.99918000,0
1505582202,21595284,245.00,1.17984000,0
1505582202,21595283,244.99,0.19000000,0
1505582201,21595278,245.38,0.09413970,1
1505582201,21595277,245.52,0.27300000,1
1505582200,21595276,245.57,0.08078438,1
1505582200,21595275,245.72,0.81580000,1
1505582173,21595262,245.94,0.49970000,0
1505582173,21595261,245.94,0.14830000,0
1505582037,21595205,245.94,0.66674000,0
1505582000,21595187,245.95,0.08000000,0
1505581991,21595183,245.40,0.18496000,1
1505581991,21595182,245.42,0.81504000,1
1505581953,21595158,245.33,0.14100701,0
1505581951,21595155,246.12,0.00000385,1
1505581950,21595154,246.12,0.05000000,0
1505581950,21595153,245.91,0.09413970,0
1505581950,21595152,245.91,0.09413645,0
1505581916,21595131,245.87,0.05000000,0
1505581865,21595098,245.67,0.00032060,0
1505581805,21595072,245.67,0.04967940,0
1505581805,21595071,245.66,0.72032060,0
1505581805,21595070,245.52,0.01000000,0
1505581790,21595049,245.52,0.04000000,0
1505581684,21594968,245.12,0.09413970,0
1505581682,21594967,245.91,0.00000325,0
1505581682,21594966,245.13,0.05494011,0
1505581682,21594965,245.11,0.09444762,0
1505581681,21594963,245.10,0.04400606,0
1505581681,21594962,244.82,0.62822296,0
1505581679,21594959,245.10,0.22899394,0
1505581679,21594958,244.83,0.04400606,0
1505581677,21594955,244.33,0.62824868,1
1505581675,21594951,244.29,0.96821157,1
1505581674,21594950,244.33,0.04400606,1
1505581674,21594949,244.33,0.00009003,1
1505581674,21594948,244.33,0.25030372,1
1505581674,21594946,244.33,0.09404000,1
1505581674,21594945,244.33,0.06039595,1
1505581674,21594944,244.33,0.06039595,1
1505581674,21594943,244.33,0.02255672,1
1505581670,21594942,244.33,0.05788926,1
1505581670,21594941,244.33,0.08057780,1
1505581669,21594940,244.58,0.09444762,1
1505581669,21594939,244.63,0.05494011,1
1505581669,21594938,244.63,0.05000000,1
1505581669,21594937,245.52,0.31240000,1
1505581669,21594936,245.52,0.09420000,1
1505581668,21594935,245.52,0.23000000,1
1505581667,21594933,245.53,0.34974521,1
1505581655,21594926,244.63,0.30286030,0
1505581654,21594925,244.93,0.05000000,1
1505581654,21594924,245.18,0.05000000,1
1505581654,21594923,245.38,0.09413970,1
1505581653,21594922,245.50,0.23000000,0
1505581652,21594921,245.50,0.27300000,1
1505581638,21594914,245.47,1.00000000,1
1505581629,21594908,245.46,1.00000000,1
1505581621,21594900,245.42,0.32428868,0
1505581620,21594898,245.42,0.67571132,1
1505581614,21594891,245.41,0.67580000,1
1505581612,21594888,245.42,0.32420000,1
1505581597,21594864,245.93,0.27314711,1
1505581597,21594863,245.93,1.40000000,0
1505581596,21594861,245.93,2.75957670,0
1505581596,21594860,245.93,2.92584630,0
1505581596,21594859,245.91,0.09413970,0
1505581590,21594853,245.22,0.40786030,1
1505581590,21594852,245.38,0.09413970,1
1505581588,21594851,245.39,0.23000000,1
1505581588,21594850,245.39,0.26800000,1
1505581586,21594846,245.99,2.37457700,1
1505581584,21594845,245.99,1.78500000,0
1505581584,21594843,245.93,10.49705119,0
1505581580,21594841,245.39,1.00000000,1
1505581573,21594840,245.98,0.60975186,1
1505581571,21594838,245.98,0.20175314,0
1505581571,21594837,245.98,0.60975686,0
1505581571,21594836,245.91,0.09413970,0
1505581570,21594835,245.38,1.00000000,0
1505581570,21594833,245.38,0.08109844,0
1505581569,21594831,245.38,0.09413970,1
1505581563,21594829,245.90,0.26685289,0
1505581563,21594828,245.28,0.72800000,0
1505581561,21594827,245.28,0.27200000,1
1505581560,21594826,246.09,4.31407930,0
1505581559,21594825,246.09,0.05000000,0
1505581559,21594823,245.94,0.05000000,0
1505581559,21594822,245.91,0.09413970,0
1505581554,21594817,245.59,0.23564970,1
1505581554,21594815,245.18,0.57586030,0
1505581554,21594813,245.38,0.05000000,1
1505581553,21594812,245.38,0.09413970,1
1505581553,21594811,245.53,0.05000000,1
1505581553,21594810,245.58,0.23000000,1
1505581502,21594753,245.54,2.43520303,1
1505581502,21594752,245.56,0.23000000,1
1505581501,21594751,245.57,8.06000000,1
1505581459,21594745,246.18,0.09383378,1
1505581455,21594743,246.29,0.06058263,1
1505581455,21594742,246.29,0.02020521,1
1505581436,21594728,246.67,0.58013813,1
1505581436,21594727,246.67,0.08057022,1
1505581435,21594726,246.67,0.06048931,1
1505581435,21594725,246.67,0.09373217,1
1505581435,21594724,245.10,0.37536359,0
1505581434,21594722,245.38,0.09373217,1
1505581434,21594721,245.74,0.06048932,1
1505581434,21594720,245.74,0.06048932,1
1505581434,21594719,245.99,0.08057023,1
1505581434,21594718,246.08,0.08070221,1
1505581434,21594717,246.33,0.06043316,1
1505581433,21594709,246.74,0.26304678,0
1505581433,21594708,246.72,0.03294160,0
1505581432,21594707,246.72,0.06039594,0
1505581432,21594705,246.72,0.00009003,0
1505581432,21594703,246.72,0.09342757,0
1505581432,21594702,246.71,0.06034009,0
1505581432,21594701,246.67,2.43239956,0
1505581432,21594700,246.46,0.08057779,0
1505581432,21594699,246.37,0.08044597,0
1505581431,21594698,246.12,0.02745434,0
1505581430,21594694,246.12,0.03294160,0
1505581430,21594693,246.12,0.06039594,0
1505581430,21594692,245.11,0.00009003,0
1505581429,21594689,245.11,0.25030372,0
1505581427,21594686,245.11,0.09404000,1
1505581426,21594685,245.75,0.06039595,1
1505581426,21594684,245.75,0.06039595,1
1505581426,21594683,246.00,0.08044598,1
1505581426,21594682,246.09,0.08057780,1
1505581425,21594678,246.68,0.66396800,0
1505581425,21594677,246.68,2.39225463,0
1505581424,21594676,246.47,0.08045358,0
1505581424,21594675,246.38,0.08032192,0
1505581424,21594674,246.13,0.32450000,0
1505581424,21594673,246.13,0.06030271,0
1505581424,21594672,246.13,0.06030271,0
1505581424,21594671,245.91,0.09373217,0
1505581423,21594670,245.74,0.27100000,0
1505581423,21594669,245.11,0.09403876,0
1505581422,21594667,243.79,34.64568750,1
1505581422,21594665,244.27,0.05000000,1
1505581421,21594664,244.58,0.09403876,1
1505581421,21594663,244.72,0.05000000,1
1505581421,21594662,244.72,0.27100000,0
1505581421,21594661,245.00,0.15000000,1
1505581420,21594660,245.12,0.05000000,1
1505581420,21594659,245.31,0.62591746,1
1505581419,21594658,245.38,0.09373217,1
1505581419,21594657,245.47,0.05000000,1
1505581419,21594656,245.49,0.32450000,1
1505581418,21594654,245.76,0.06030272,1
1505581418,21594653,245.76,0.06030272,1
1505581418,21594652,245.77,0.05000000,1
1505581418,21594651,245.80,0.08034841,1
1505581417,21594650,246.01,0.08032193,1
1505581417,21594649,246.02,0.05000000,1
1505581417,21594648,246.02,0.23000000,0
1505581415,21594647,246.03,0.23000000,1
1505581391,21594644,246.10,0.08045359,1
1505581381,21594642,246.11,2.97000000,0
1505581381,21594641,246.11,0.91000000,0
1505581381,21594640,246.11,4.18839529,0
1505581375,21594639,246.11,2.96639714,0
1505581363,21594628,246.11,0.81178000,1
1505581363,21594627,246.18,0.09342757,1
1505581337,21594617,246.45,5.76640085,0
1505581328,21594612,246.20,1.13180220,0
1505581328,21594611,246.20,6.76785770,1
1505581327,21594610,246.22,0.05000000,1
1505581327,21594609,246.34,0.06034010,1
1505581327,21594608,246.37,0.05000000,1
1505581327,21594607,246.72,7.12000000,0
1505581326,21594606,246.49,8.06000000,0
1505581326,21594605,246.49,0.81052485,0
1505581326,21594604,246.49,0.23000000,0
1505581303,21594577,246.37,2.94902083,1
1505581303,21594575,246.38,0.40741000,1
1505581241,21594552,246.38,0.40310900,1
1505581228,21594542,246.86,0.96555537,0
1505581228,21594541,246.86,0.05000000,0
1505581228,21594540,246.79,0.08164757,0
1505581227,21594539,246.74,0.05000000,0
1505581227,21594538,246.72,0.06024717,0
1505581226,21594537,246.59,0.23000000,1
1505581225,21594536,246.59,0.05000000,0
1505581219,21594528,246.37,3.07597917,0
1505581207,21594524,246.37,0.05000000,1
1505581207,21594523,246.38,0.00000044,1
1505581111,21594491,246.38,1.90732000,1
1505581104,21594482,246.52,0.05000000,1
1505581000,21594392,246.53,0.64669700,0
1505580994,21594389,246.48,0.08032956,0
1505580983,21594381,246.53,0.16333299,0
1505580982,21594379,246.40,0.89578959,1
1505580982,21594377,246.40,0.59993864,1
1505580980,21594372,246.40,0.38100000,1
1505580976,21594369,246.15,0.02614320,0
1505580962,21594351,246.17,0.00012922,1
1505580961,21594349,246.17,0.02614108,1
1505580959,21594342,246.16,2.43349026,0
1505580899,21594309,246.25,0.20388000,0
1505580870,21594296,246.22,0.05000000,0
1505580870,21594295,246.22,0.05000000,0
1505580774,21594212,246.46,0.20368416,0
1505580658,21594160,246.07,0.18000000,0
1505580657,21594159,246.18,0.05000000,1
1505580641,21594147,246.07,0.22876557,1
1505580640,21594146,246.07,0.58107443,1
1505580640,21594144,246.18,0.08164757,1
1505580619,21594126,246.19,0.22986312,1
1505580606,21594114,246.91,6.44264052,0
1505580594,21594109,246.44,0.06039168,0
1505580594,21594108,246.24,0.08189057,0
1505580594,21594107,246.24,0.62591746,0
1505580586,21594104,246.22,0.02099125,0
1505580586,21594103,246.19,0.06039186,0
1505580585,21594100,246.17,0.08112035,0
1505580582,21594098,246.05,0.08052274,1
1505580581,21594096,245.24,0.00136783,0
1505580581,21594095,245.58,0.08052275,0
1505580580,21594094,245.82,0.06039187,0
1505580580,21594093,246.07,0.06039169,0
1505580579,21594091,243.44,0.53906959,0
1505580578,21594089,244.33,0.09147592,1
1505580577,21594086,247.97,8.00342024,0
1505580577,21594085,246.60,0.05000000,0
1505580577,21594084,246.45,0.06029858,0
1505580577,21594083,246.45,0.05000000,0
1505580577,21594082,246.43,0.80833000,0
1505580577,21594081,246.43,0.23000000,0
1505580577,21594078,246.20,0.06029867,0
1505580577,21594076,245.96,0.08039836,0
1505580576,21594075,245.62,0.02814677,0
1505580576,21594074,245.62,0.02814677,0
1505580576,21594073,244.89,0.05492860,0
1505580576,21594072,244.33,0.09147592,0
1505580575,21594071,243.44,6.57907787,1
1505580575,21594070,243.44,0.05000000,1
1505580575,21594069,243.44,1.03252493,0
1505580575,21594067,243.45,1.51827136,1
1505580575,21594066,243.45,0.05492860,0
1505580574,21594062,243.78,0.09147592,1
1505580574,21594060,243.82,0.62809443,1
1505580574,21594059,243.94,0.05000000,1
1505580573,21594057,244.39,0.05000000,1
1505580573,21594056,244.79,0.05000000,1
1505580573,21594055,245.02,0.09731568,1
1505580572,21594054,245.02,0.29720118,1
1505580572,21594053,245.02,0.23000000,1
1505580572,21594052,245.14,0.05000000,1
1505580572,21594051,245.25,0.02814678,1
1505580572,21594049,245.25,0.02814678,1
1505580571,21594047,245.44,0.05000000,1
1505580571,21594045,245.50,0.02049083,1
1505580571,21594044,245.50,2.93000000,0
1505580570,21594042,245.59,0.08039837,1
1505580570,21594041,245.69,0.05000000,1
1505580570,21594040,245.83,0.06029868,1
1505580569,21594038,245.89,0.05000000,1
1505580569,21594036,246.04,0.05000000,1
1505580568,21594034,246.08,0.80833000,0
1505580567,21594033,246.08,0.06029859,1
1505580412,21593968,247.90,0.66115369,1
1505580412,21593967,246.46,0.06020563,0
1505580411,21593966,246.25,0.05000000,0
1505580411,21593965,246.21,0.06020563,0
1505580411,21593964,246.20,0.32158920,0
1505580410,21593963,246.05,0.75907821,0
1505580371,21593948,246.05,0.04962833,0
1505580371,21593947,245.97,0.08027417,0
1505580371,21593946,245.51,0.00000220,0
1505580371,21593945,245.51,0.14199000,0
1505580370,21593944,245.51,0.47502370,1
1505580367,21593942,245.50,0.01700000,1
1505580367,21593941,245.51,0.23000000,1
1505580362,21593937,245.50,0.10704609,1
1505580361,21593936,246.10,0.05000000,0
1505580361,21593934,246.06,0.11932586,0
1505580361,21593933,246.05,1.48760836,0
1505580356,21593927,246.06,0.20267414,0
1505580217,21593863,245.54,0.05000000,1
1505580217,21593862,245.69,0.05000000,1
1505580217,21593861,245.70,0.23000000,1
1505580165,21593845,245.70,0.23000000,1
1505580117,21593828,245.70,0.23000000,1
1505580055,21593766,245.70,0.23000000,1
1505580055,21593762,245.70,1.31900691,1
1505580035,21593728,245.70,0.99053100,1
1505580035,21593727,245.72,0.23000000,1
1505580016,21593707,245.70,1.07070900,1
1505580013,21593701,245.71,0.23000000,1
1505580000,21593682,245.70,1.42296600,0
1505580000,21593680,245.80,0.23000000,1
1505579988,21593672,245.79,0.09731568,0
1505579987,21593669,245.79,0.29720118,0
1505579985,21593665,245.79,0.23000000,1
1505579980,21593661,245.77,0.93336700,1
1505579980,21593660,245.89,0.05000000,1
1505579980,21593659,245.90,0.22728000,1
1505579980,21593657,246.04,0.05000000,1
1505579968,21593637,245.77,7.86686740,1
1505579966,21593632,245.77,0.19301100,0
1505579965,21593628,245.77,7.86698900,1
1505579964,21593625,245.77,0.19301100,1
1505579962,21593616,244.00,0.62909836,1
1505579960,21593609,246.06,0.22714744,0
1505579959,21593607,245.76,0.19851271,1
1505579959,21593606,245.77,0.32200000,1
1505579959,21593605,245.78,1.45072829,1
1505579955,21593600,245.76,1.34685220,1
1505579955,21593598,245.76,0.30155280,1
1505579954,21593596,245.76,0.32159500,1
1505579952,21593590,246.03,1.35236200,1
1505579951,21593588,246.03,6.70763800,1
1505579945,21593577,245.77,0.00000004,0
1505579945,21593575,245.77,1.35236196,1
1505579936,21593566,246.05,0.80857000,1
1505579936,21593565,246.07,0.23000000,1
1505579913,21593537,247.53,0.32557669,1
1505579912,21593536,246.62,0.32160000,0
1505579851,21593504,246.54,0.00000398,0
1505579770,21593457,246.53,0.30155280,0
1505579770,21593454,246.53,0.32159500,0
1505579753,21593437,246.54,0.05454000,0
1505579697,21593397,246.03,0.69614770,1
1505579697,21593396,246.03,0.30385230,1
1505579694,21593395,246.03,0.82885509,1
1505579694,21593394,246.04,0.05454398,1
1505579689,21593391,246.02,0.18183553,1
1505579689,21593390,246.03,0.32160000,1
1505579689,21593389,246.04,0.23000000,1
1505579637,21593361,249.00,5.20778138,0
1505579637,21593360,248.98,20.10700000,0
1505579637,21593359,248.65,0.13000000,0
1505579637,21593358,247.60,20.00000000,0
1505579637,21593357,247.57,2.42355697,0
1505579637,21593356,247.20,0.19211000,0
1505579637,21593355,246.28,0.00000034,0
1505579636,21593354,246.26,1.13166131,0
1505579636,21593353,246.25,0.80789000,0
1505579615,21593340,245.13,0.73695380,1
1505579608,21593332,245.11,0.05481379,0
1505579608,21593331,244.77,0.06062402,0
1505579608,21593330,244.52,0.06066887,0
1505579606,21593323,244.13,6.31067452,0
1505579606,21593322,244.13,0.05481379,0
1505579605,21593320,244.35,0.06066888,1
1505579605,21593319,244.50,2.00000000,1
1505579605,21593318,244.50,4.12400489,0
1505579604,21593317,244.60,0.06062403,1
1505579604,21593316,244.61,0.23068277,1
1505579604,21593313,246.00,1.02186981,1
1505579603,21593310,246.01,1.13166131,1
1505579587,21593304,246.02,0.19211000,1
1505579587,21593303,246.02,0.80789000,1
1505579349,21593051,246.28,1.13043091,0
1505579349,21593050,246.00,0.27081009,0
1505579348,21593049,246.00,4.22918991,0
1505579348,21593048,246.00,3.22302525,0
1505579348,21593047,245.80,0.23000000,0
1505579348,21593046,245.80,0.04081084,0
1505579344,21593042,245.79,3.53000000,0
1505579304,21592989,245.75,5.00000000,0
1505579304,21592988,245.75,3.93400000,0
1505579304,21592987,244.99,0.06600000,0
1505579171,21592934,244.78,0.73337000,0
1505579170,21592933,244.78,0.27272700,0
1505579164,21592930,244.78,5.12981654,0
1505579164,21592929,244.78,0.06057946,0
1505579164,21592927,244.77,0.81200000,0
1505579112,21592906,244.53,0.06062423,0
1505579065,21592892,244.31,0.00004035,0
1505579028,21592880,244.31,0.08067326,0
1505579024,21592875,243.84,1.43465449,0
1505579024,21592874,243.85,12.47000000,0
1505579024,21592873,243.85,7.53768066,0
1505579023,21592872,244.14,0.08071362,1
1505579023,21592869,244.36,0.06062424,1
1505579023,21592868,244.42,0.19130000,1
1505579022,21592866,244.42,0.25122845,0
1505579022,21592865,244.61,0.06057947,1
1505579022,21592864,244.81,0.04070000,1
1505579020,21592863,244.97,0.23000000,1
1505579020,21592862,245.00,2.44289200,1
1505579020,21592860,245.00,0.32643000,1
1505579020,21592859,245.00,0.23002100,1
1505578960,21592830,245.97,0.22158916,0
1505578957,21592817,245.97,0.10000000,1
1505578914,21592788,246.03,0.00000025,1
1505578908,21592780,246.03,1.13043100,1
1505578866,21592767,246.03,6.92630000,0
1505578866,21592766,246.03,0.81200000,1
1505578866,21592765,246.04,0.32170000,1
1505578855,21592755,246.00,0.00000542,0
1505578853,21592748,245.96,0.30054573,0
1505578852,21592746,245.64,1.98868600,1
1505578852,21592741,245.64,0.21128100,1
1505578849,21592737,246.00,7.22798000,0
1505578843,21592721,246.00,8.04000000,0
1505578839,21592717,245.97,1.15896900,0
1505578839,21592716,245.95,0.10000000,0
1505578839,21592714,245.96,13.31752000,0
1505578819,21592678,245.62,1.13232600,0
1505578819,21592674,245.61,0.23000000,1
1505578819,21592672,245.61,1.54059128,0
1505578818,21592671,245.61,0.90230600,0
1505578818,21592670,245.47,0.23002600,0
1505578818,21592669,245.47,0.09557400,0
1505578817,21592668,245.47,0.23000000,0
1505578786,21592608,244.80,0.32560000,1
1505578783,21592605,244.79,0.06053493,0
1505578783,21592604,244.62,0.06053493,0
1505578783,21592603,244.54,0.06057963,0
1505578749,21592584,244.53,0.02012684,0
1505578749,21592583,244.34,0.19136182,0
1505578749,21592582,244.32,0.08065417,0
1505578749,21592581,244.31,0.81774000,0
1505578749,21592580,244.14,0.08063817,0
1505578652,21592537,244.14,0.19136182,1
1505578652,21592536,244.15,0.08065418,1
1505578652,21592534,244.37,0.00000002,1
1505578652,21592531,244.37,0.06057962,1
1505578646,21592523,244.45,0.60626553,1
1505578646,21592522,244.45,0.21147447,1
1505578646,21592520,244.62,0.06053494,1
1505578594,21592466,244.18,4.50000000,1
1505578593,21592465,245.00,3.87697450,0
1505578593,21592464,244.80,0.06049044,0
1505578593,21592463,244.61,0.27200000,0
1505578593,21592462,244.55,0.06053506,0
1505578593,21592461,244.54,0.23000000,0
1505578557,21592447,244.52,1.07314376,1
1505578555,21592443,244.51,0.81753000,0
1505578526,21592431,244.38,0.26476493,0
1505578526,21592430,244.38,0.06053507,1
1505578460,21592407,244.50,0.22998062,1
1505578419,21592379,244.48,0.11931446,1
1505578364,21592353,244.39,0.80743427,1
1505578363,21592351,244.39,4.35147948,1
1505578363,21592350,244.41,0.27200000,1
1505578363,21592349,244.64,0.23000000,1
1505578358,21592344,244.46,1.07656330,1
1505578358,21592343,244.63,0.05645746,1
1505578352,21592338,244.72,0.32530000,1
1505578253,21592203,244.77,0.05024301,0
1505578253,21592202,244.77,0.27100000,0
1505578158,21592145,244.63,0.00403299,1
1505578158,21592144,244.95,0.27100000,1
1505578158,21592143,244.98,0.81753000,1
1505578151,21592139,245.53,1.47223385,1
1505578151,21592138,245.53,0.37894523,0
1505577967,21592033,245.98,2.43088677,0
1505577963,21592029,246.00,3.41908215,0
1505577961,21592028,245.30,1.96465708,0
1505577960,21592027,244.79,0.81819000,0
1505577955,21592025,244.81,0.06044598,0
1505577955,21592024,244.56,0.06049053,0
1505577952,21592023,244.32,0.27200000,0
1505577950,21592017,244.38,1.89673575,0
1505577950,21592015,244.33,0.08059477,0
1505577949,21592013,244.38,1.30724698,0
1505577949,21592010,243.82,41.27904063,0
1505577949,21592008,244.16,0.08059478,1
1505577949,21592007,244.16,35.93303266,0
1505577948,21592005,244.33,0.82141927,1
1505577948,21592004,244.39,0.06049054,1
1505577947,21592003,244.40,14.46398602,0
1505577946,21592002,244.40,2.36399451,1
1505577941,21591995,244.43,0.05024301,1
1505577941,21591994,244.64,0.06044599,1
1505577847,21591945,245.39,0.27200000,1
1505577846,21591944,245.42,0.68270000,1
1505577832,21591938,245.46,0.13549000,1
1505577829,21591933,245.45,4.15127123,1
1505577763,21591861,246.00,0.18425548,0
1505577755,21591847,246.00,1.95937500,0
1505577755,21591846,246.00,5.97427000,0
1505577755,21591844,246.00,4.95117800,0
1505577755,21591843,246.00,3.69467132,0
1505577754,21591841,245.99,0.10000000,0
1505577754,21591839,245.99,0.05452768,0
1505577754,21591837,245.64,0.10000000,0
1505577753,21591834,245.63,3.53000000,0
1505577748,21591817,245.63,8.85238300,0
1505577748,21591815,245.49,0.10000000,0
1505577748,21591814,245.24,0.10000000,0
1505577747,21591813,245.04,0.10000000,0
1505577695,21591719,245.01,2.44897078,1
1505577687,21591700,245.00,4.37807200,1
1505577686,21591698,245.00,11.38873800,1
1505577686,21591697,245.00,6.41164100,1
1505577686,21591696,245.00,12.13346800,1
1505577685,21591694,245.00,4.93046600,1
1505577685,21591692,245.00,32.47182300,1
1505577685,21591690,245.00,18.61901800,1
1505577684,21591689,245.00,3.48792600,1
1505577684,21591688,245.00,1.44258600,1
