date,tid,price,amount,type
1505606189,21611453,1.17295,167.68829,0
1505605063,21611166,1.16668,60.00000,1
1505604994,21611131,1.17295,209.51611,0
1505604637,21611019,1.17295,74.57568,0
1505604629,21611011,1.17295,49.34098,0
1505603381,21610567,1.17295,294.46352,0
1505603380,21610564,1.17295,122.84015,0
1505603376,21610562,1.17295,206.42859,0
1505603374,21610558,1.17295,83.47096,0
1505603287,21610545,1.17295,24.62150,0
1505602974,21610490,1.17295,1595.44794,0
1505602974,21610489,1.17294,219.73844,0
1505602417,21610346,1.17294,152.94900,0
1505601939,21610204,1.16614,50.00000,1
1505601176,21609942,1.17295,25.23946,0
1505601157,21609926,1.17295,25.11615,0
1505601154,21609918,1.17295,62.39965,0
1505601153,21609915,1.17295,210.01571,0
1505601153,21609913,1.17295,208.78375,0
1505601152,21609912,1.17295,209.59993,0
1505601151,21609908,1.17295,187.21727,0
1505601106,21609881,1.17295,37.71837,0
1505601065,21609846,1.17295,72.28826,0
1505601065,21609844,1.17200,1.06823,0
1505600870,21609714,1.17200,104.63867,0
1505600869,21609713,1.17200,149.72861,0
1505600869,21609712,1.17200,50.90999,0
1505600869,21609710,1.17200,248.89002,0
1505600868,21609709,1.17200,37.20999,0
1505600868,21609708,1.17200,72.65777,0
1505600868,21609706,1.17200,223.26795,0
1505600867,21609705,1.17200,37.21000,0
1505600867,21609704,1.17200,117.96400,0
1505600866,21609703,1.17200,117.91575,0
1505600866,21609701,1.17200,117.81132,0
1505600866,21609699,1.17200,47.81127,0
1505600829,21609647,1.17200,61.86005,0
1505600809,21609629,1.17200,8.09593,0
1505600806,21609626,1.17200,16.46455,0
1505600805,21609623,1.17200,86.12497,0
1505600804,21609617,1.17200,5.85614,0
1505600804,21609614,1.17200,39.11819,0
1505600777,21609601,1.17200,128.77687,0
1505600769,21609590,1.17200,394.47884,0
1505600767,21609588,1.17200,32.40676,0
1505600766,21609584,1.17200,124.81397,0
1505600765,21609581,1.17200,20.72848,0
1505600759,21609566,1.17200,25.38079,0
1505600752,21609551,1.17200,0.69966,0
1505600751,21609548,1.17200,99.01000,0
1505600750,21609546,1.17200,62.00038,0
1505600750,21609543,1.17200,30.20339,0
1505600744,21609531,1.17200,34.54930,0
1505600489,21609295,1.17199,988.41288,1
1505600468,21609279,1.17199,50.00000,1
1505600455,21609247,1.17200,202.51985,0
1505600447,21609234,1.17200,31.52640,0
1505600446,21609230,1.17200,30.91414,0
1505600440,21609211,1.17200,56.57265,0
1505600438,21609203,1.17200,85.08940,0
1505600437,21609200,1.17200,19.76720,0
1505600436,21609197,1.17200,83.79763,0
1505600436,21609193,1.17200,1.34490,0
1505600435,21609185,1.17200,252.89510,0
1505600434,21609178,1.17200,590.83531,0
1505600429,21609158,1.17200,449.93028,0
1505600427,21609155,1.17200,475.90227,0
1505600424,21609144,1.17200,35.71017,0
1505600407,21609091,1.17199,46.81683,0
1505600405,21609075,1.17199,51.49963,0
1505600394,21609038,1.17200,945.84680,0
1505600381,21608994,1.17200,161.42880,0
1505600380,21608993,1.17200,421.43000,0
1505600380,21608991,1.17200,385.08720,0
1505600379,21608986,1.17200,609.68065,0
1505600373,21608966,1.17200,656.71367,0
1505600372,21608962,1.17200,638.50122,0
1505600369,21608947,1.17200,126.46365,0
1505600344,21608877,1.17200,197.67850,0
1505600343,21608876,1.17200,1271.47231,0
1505600343,21608874,1.17200,972.88839,0
1505600342,21608872,1.17200,252.45160,0
1505600342,21608869,1.17200,80.03759,0
1505600341,21608865,1.17200,153.01998,0
1505600341,21608864,1.17200,644.31566,0
1505600341,21608859,1.17200,578.72679,0
1505600340,21608856,1.17200,17.04504,0
1505600340,21608855,1.17200,165.15999,0
1505600340,21608853,1.17200,9.06806,0
1505600338,21608848,1.17200,255.97270,0
1505600338,21608845,1.17200,716.60924,0
1505600337,21608841,1.17200,878.42000,0
1505600337,21608837,1.17200,185.13000,0
1505600337,21608833,1.17200,60.53699,0
1505600336,21608832,1.17200,61.36380,0
1505600336,21608829,1.17200,21.93024,0
1505600336,21608825,1.17200,209.02783,0
1505600335,21608821,1.17200,74.68164,0
1505600335,21608818,1.17200,775.22176,0
1505600334,21608815,1.17200,183.23564,0
1505600334,21608813,1.17200,286.85514,0
1505600330,21608787,1.17200,671.60486,0
1505600330,21608782,1.17200,266.52313,0
1505600329,21608772,1.17200,190.29180,0
1505600328,21608770,1.17200,1096.45106,0
1505600328,21608768,1.17200,29.71415,0
1505600325,21608760,1.17199,1289.56000,1
1505600325,21608758,1.17200,411.02986,0
1505600325,21608753,1.17200,110.13561,0
1505600324,21608746,1.17200,82.17671,0
1505600324,21608743,1.17200,61.29392,0
1505600323,21608740,1.17200,1067.49591,0
1505600323,21608733,1.17199,786.02717,0
1505600257,21608629,1.17199,847.54706,0
1505600252,21608608,1.17199,113.17780,0
1505600238,21608551,1.17199,1337.34993,0
1505599826,21608285,1.17198,52.16925,0
1505599658,21608247,1.16555,50.00000,1
1505599482,21608164,1.17199,188.38775,0
1505599480,21608159,1.17200,340.91314,0
1505599479,21608158,1.17200,1430.07706,0
1505599479,21608157,1.17200,45.82997,0
1505599478,21608156,1.17200,61.30001,0
1505599478,21608154,1.17200,128.41154,0
1505599478,21608151,1.17200,96.70999,0
1505599477,21608149,1.17200,744.13824,0
1505599477,21608146,1.17200,60.00000,0
1505599476,21608145,1.17200,107.12999,0
1505599476,21608144,1.17200,46.58001,0
1505599476,21608143,1.17200,228.74785,0
1505599475,21608142,1.17200,153.01000,0
1505599475,21608141,1.17200,45.88000,0
1505599475,21608140,1.17200,2156.97000,0
1505599474,21608139,1.17200,1094.18292,0
1505599474,21608137,1.17200,225.88601,0
1505599474,21608136,1.17200,373.25283,0
1505599473,21608135,1.17200,131.26999,0
1505599473,21608134,1.17200,229.47186,0
1505599472,21608133,1.17200,619.41709,0
1505599472,21608132,1.17200,349.02557,0
1505599472,21608131,1.17199,1246.24420,0
1505599319,21608088,1.17199,75.70000,0
1505599318,21608086,1.17199,71.20365,0
1505599313,21608079,1.17198,130.00000,0
1505599240,21608046,1.17199,49.63277,0
1505599240,21608043,1.17199,12.76680,0
1505599239,21608041,1.17198,260.00000,0
1505599189,21608011,1.17101,19.11238,0
1505598702,21607840,1.17101,1892.83330,0
1505598698,21607834,1.17101,997.14932,0
1505598697,21607830,1.17101,516.74000,0
1505598697,21607829,1.17100,0.01000,0
1505598696,21607827,1.17100,999.99000,0
1505598694,21607823,1.17099,498.59623,0
1505598694,21607820,1.17000,0.01000,0
1505598684,21607805,1.17000,999.99000,0
1505598199,21607595,1.17101,196.01000,0
1505598110,21607453,1.17101,188.38513,0
1505598110,21607450,1.17101,189.76987,0
1505598106,21607445,1.17100,470.00000,0
1505598085,21607416,1.17100,311.72370,0
1505598054,21607389,1.17100,312.85497,0
1505598019,21607364,1.17100,679.67427,1
1505598019,21607363,1.17098,917.42070,0
1505598019,21607362,1.17000,3.62790,0
1505598011,21607355,1.17000,62.72916,0
1505598010,21607354,1.17000,66.35706,0
1505598010,21607353,1.17000,153.04999,0
1505598010,21607352,1.17000,815.60143,0
1505598007,21607346,1.17000,291.15856,0
1505598006,21607344,1.17000,171.59641,0
1505597976,21607324,1.17000,180.17908,0
1505597976,21607323,1.17000,14.25885,0
1505597975,21607320,1.17000,234.81342,0
1505597975,21607318,1.17000,7.33799,0
1505597974,21607312,1.17000,21.91000,0
1505597973,21607306,1.17000,21.91399,0
1505597962,21607291,1.17000,6.33159,0
1505597962,21607286,1.17000,9.37827,0
1505597962,21607283,1.17000,5.92014,0
1505597961,21607280,1.17000,21.63000,0
1505597942,21607262,1.17000,68.29000,0
1505597933,21607243,1.17000,229.05000,0
1505597736,21607178,1.17000,650.12000,0
1505597728,21607163,1.17000,135.82861,0
1505597726,21607159,1.17000,852.42000,0
1505597714,21607132,1.16998,135.63109,0
1505597702,21607120,1.16998,659.51000,0
1505597667,21607092,1.16997,125.47000,0
1505597665,21607088,1.16998,125.64281,0
1505597660,21607084,1.16998,380.19371,0
1505597649,21607070,1.16998,48.61771,0
1505597631,21607060,1.16998,569.34348,0
1505597619,21607048,1.16998,68.14000,0
1505597614,21607044,1.16998,271.14685,0
1505597610,21607034,1.16998,61.99492,0
1505597581,21607001,1.16504,6.60709,1
1505597579,21606996,1.16505,44.28647,1
1505597236,21606856,1.16505,44.81353,1
1505597016,21606804,1.16998,1603.82227,0
1505596945,21606767,1.17000,17.07721,0
1505596943,21606763,1.16998,15.90087,0
1505596509,21606539,1.16501,68.41202,1
1505596508,21606538,1.16501,49.45881,1
1505596503,21606528,1.16501,705.57335,1
1505596423,21606484,1.16501,297.37516,1
1505596371,21606468,1.16501,2555.72700,0
1505596371,21606466,1.16501,554.57249,1
1505596370,21606465,1.16501,68.40259,1
1505596351,21606430,1.16998,542.97494,0
1505596351,21606427,1.16998,552.19673,0
1505596351,21606426,1.16502,259.55122,0
1505596059,21606257,1.16501,435.59279,1
1505596041,21606168,1.16501,208.47630,1
1505596035,21606164,1.16501,378.15571,1
1505596032,21606150,1.16501,23.64232,1
1505596022,21606110,1.16501,957.38706,1
1505596008,21606096,1.16501,135.12999,1
1505595968,21606055,1.16998,284.29312,0
1505595845,21605960,1.16501,38.52999,1
1505595845,21605958,1.16501,38.49221,1
1505595841,21605953,1.16501,156.27493,1
1505595839,21605947,1.16501,306.07693,1
1505595837,21605939,1.16501,156.27493,1
1505595829,21605928,1.16501,156.32489,1
1505595042,21605606,1.17000,70.69378,0
1505595042,21605605,1.16998,0.00622,0
1505595041,21605604,1.16998,92.76374,0
1505595041,21605602,1.16998,312.21626,0
1505595039,21605593,1.16998,229.43612,0
1505595030,21605589,1.16998,115.17697,0
1505595029,21605585,1.16998,113.36981,0
1505595028,21605584,1.16998,114.38000,0
1505595028,21605580,1.16998,115.42084,0
1505594776,21605520,1.16501,50.00000,1
1505594463,21605371,1.16998,1621.11707,0
1505594365,21605330,1.16998,121.41667,0
1505594355,21605319,1.16998,1891.93267,0
1505594343,21605294,1.16998,274.16843,0
1505594336,21605290,1.16998,316.31802,0
1505594330,21605277,1.16998,106.47525,0
1505594312,21605252,1.16998,20.35507,0
1505592561,21604531,1.16501,60.00000,1
1505592287,21604467,1.16501,444.00000,1
1505591364,21604100,1.16998,1008.43837,0
1505591360,21604096,1.17000,396.49025,0
1505591360,21604095,1.17000,611.93992,0
1505591358,21604093,1.16998,850.37597,0
1505591358,21604092,1.16998,156.52403,0
1505591207,21604007,1.16998,130.65812,0
1505591203,21603999,1.16998,561.76785,0
1505591202,21603992,1.16998,151.05000,0
1505591193,21603976,1.16998,1058.94345,0
1505590663,21603405,1.16500,66.35706,1
1505590658,21603399,1.16500,66.35706,1
1505590638,21603364,1.16500,153.04999,1
1505590629,21603362,1.16500,1106.75999,1
1505590573,21603316,1.16500,366.03434,1
1505590571,21603315,1.16500,234.81342,1
1505590568,21603304,1.16500,57.49357,1
1505590553,21603277,1.16500,9.37827,1
1505590484,21603190,1.16500,2447.51999,1
1505590459,21603157,1.16500,611.93992,1
1505590453,21603146,1.16593,609.83957,1
1505590452,21603145,1.16593,187.90999,1
1505590449,21603135,1.16593,551.95735,1
1505590448,21603132,1.16593,11.87091,1
1505590365,21603083,1.16601,262.74999,0
1505590365,21603082,1.16601,254.73796,0
1505590254,21602997,1.16593,1637.29449,1
1505590231,21602963,1.16593,485.90770,1
1505590230,21602955,1.16593,515.21999,1
1505590226,21602937,1.16601,924.24746,1
1505590225,21602935,1.16601,254.73796,1
1505590222,21602927,1.16601,263.37614,1
1505590168,21602884,1.16601,555.55270,1
1505590166,21602882,1.16601,543.65744,1
1505590136,21602867,1.16607,350.19256,1
1505590136,21602865,1.16607,278.59738,1
1505590135,21602862,1.16601,1458.42830,1
1505590135,21602860,1.16606,470.66139,1
1505590135,21602859,1.16606,414.61699,1
1505590133,21602850,1.16604,542.78028,0
1505590131,21602846,1.16604,1041.40510,0
1505589998,21602753,1.16603,1085.77822,1
1505589996,21602748,1.16602,62.19794,1
1505589993,21602741,1.16602,724.68470,0
1505589992,21602738,1.16603,957.41999,1
1505589990,21602728,1.16602,1971.79999,1
1505589681,21602525,1.16602,2.65409,1
1505589681,21602524,1.16604,460.00000,1
1505589668,21602503,1.16603,60.00000,1
1505588978,21602055,1.16603,214.94769,1
1505588795,21601897,1.17200,909.15732,0
1505588794,21601896,1.17200,121.46999,0
1505588794,21601895,1.17200,50.57960,0
1505588793,21601894,1.17200,47.58340,0
1505588793,21601892,1.17200,49.23999,0
1505588793,21601890,1.17200,152.89476,0
1505588792,21601889,1.17200,531.60234,0
1505588792,21601886,1.17200,234.45260,0
1505588791,21601885,1.17200,186.53675,0
1505588791,21601881,1.17200,420.98935,0
1505588790,21601879,1.17200,420.98935,0
1505588790,21601878,1.17200,12.35468,0
1505588789,21601875,1.17200,182.74849,0
1505588668,21601752,1.17200,225.88618,0
1505588668,21601751,1.17200,421.39427,0
1505588667,21601749,1.17200,502.20017,0
1505588667,21601745,1.17200,318.36982,0
1505588666,21601744,1.17200,101.67018,0
1505588666,21601742,1.17200,319.72409,0
1505588665,21601740,1.17200,421.39427,0
1505588665,21601739,1.17200,421.39427,0
1505588665,21601737,1.17200,183.14482,0
1505588664,21601735,1.17200,244.22103,0
1505588664,21601733,1.17200,276.81966,0
1505588663,21601731,1.17200,22.44508,0
1505588651,21601703,1.17200,173.80156,0
1505588650,21601701,1.17200,101.77461,0
1505588646,21601688,1.17200,94.47203,0
1505588646,21601686,1.17200,113.25873,0
1505588646,21601685,1.17200,46.14999,0
1505588645,21601684,1.17200,1408.00999,0
1505588645,21601682,1.17200,113.29527,0
1505588644,21601678,1.17200,135.97117,0
1505588644,21601674,1.17200,271.20052,0
1505588644,21601668,1.17200,277.09514,0
1505588643,21601665,1.17200,389.73522,0
1505588641,21601657,1.17200,248.74796,0
1505588604,21601616,1.17199,647.49439,0
1505588604,21601615,1.17099,1.06520,0
1505588518,21601551,1.17099,998.93480,0
1505588517,21601550,1.17099,177.15875,0
1505588469,21601528,1.17099,30.32930,0
1505588433,21601506,1.17099,41.58019,0
1505588431,21601504,1.17099,359.73999,0
1505588431,21601502,1.17099,305.89498,0
1505588431,21601501,1.17099,10.88246,0
1505588360,21601481,1.17099,97.72000,0
1505588290,21601454,1.17099,227.66000,0
1505587967,21601230,1.17099,461.39469,0
1505587963,21601225,1.17098,601.48907,0
1505587960,21601218,1.17098,1054.05779,0
1505587957,21601210,1.17099,15.20533,0
1505587957,21601207,1.17097,227.48209,0
1505587830,21601132,1.16594,472.59465,1
1505587827,21601128,1.16594,472.59465,1
1505587723,21601015,1.16594,333.67542,1
1505587723,21601013,1.16595,236.15000,1
1505587612,21600914,1.16594,381.81677,1
1505587610,21600907,1.16597,10.94136,1
1505587584,21600885,1.17099,117.93598,0
1505587583,21600883,1.17099,30.44431,0
1505587576,21600857,1.17099,73.38243,0
1505587530,21600811,1.16595,0.00999,0
1505587348,21600629,1.17099,1430.23604,0
1505587347,21600627,1.17093,1.04475,0
1505587343,21600623,1.17093,1296.87295,0
1505587339,21600617,1.17093,1882.92315,0
1505587336,21600614,1.17093,127.49158,0
1505587334,21600612,1.16505,80.00000,1
1505587264,21600549,1.17093,32.77181,0
1505587260,21600548,1.17093,10.92013,0
1505587220,21600505,1.17092,31.28160,0
1505586954,21600289,1.17093,17.25113,0
1505586827,21600040,1.17091,124.33258,1
1505586826,21600035,1.17093,100.72450,0
1505586822,21600018,1.17092,35.32589,0
1505586819,21600004,1.17091,1348.34257,0
1505586818,21599995,1.17092,741.16727,0
1505586816,21599982,1.17093,530.00000,0
1505586815,21599973,1.17092,3981.76230,0
1505586815,21599972,1.17091,470.00000,0
1505586789,21599914,1.16502,70.00000,1
1505586787,21599910,1.17091,117.72514,0
1505586787,21599908,1.17000,0.15872,0
1505586781,21599881,1.17000,112.02328,0
1505586780,21599880,1.17000,85.61870,0
1505586777,21599860,1.16999,108.22724,0
1505586773,21599833,1.16999,253.13033,0
1505586773,21599832,1.16977,0.19019,0
1505586772,21599827,1.16979,155.80791,1
1505586763,21599791,1.16977,94.68640,0
1505586762,21599789,1.16977,99.32994,0
1505586762,21599787,1.16977,11.69121,0
1505586754,21599748,1.16500,112.18200,1
1505586484,21599291,1.16500,85.61870,1
1505586484,21599289,1.16501,287.12998,1
1505586483,21599287,1.16502,85.08832,1
1505586482,21599281,1.16502,14.24162,1
1505586284,21599178,1.16502,115.15465,1
1505586265,21599166,1.16502,68.44518,1
1505586214,21599141,1.16501,29.67348,1
1505586212,21599137,1.16502,460.29001,1
1505586212,21599136,1.16502,919.70999,1
1505586212,21599132,1.16593,0.05875,1
1505586211,21599126,1.16593,11.69121,1
1505586191,21599109,1.16593,9.25359,1
1505586169,21599064,1.16593,100.82939,1
1505586120,21598985,1.16593,49.97999,1
1505586113,21598974,1.16593,49.96870,1
1505586081,21598967,1.16593,313.64901,1
1505585666,21598613,1.16593,1422.45333,1
1505585665,21598612,1.16596,742.94782,1
1505585665,21598611,1.16596,276.86759,1
1505585663,21598605,1.16595,2702.69738,0
1505585663,21598603,1.16593,276.82581,1
1505585663,21598602,1.16593,1422.45333,1
1505585662,21598599,1.16595,276.28626,1
1505585661,21598596,1.16594,193.37176,1
1505585652,21598579,1.16594,100.52865,1
1505585647,21598566,1.16593,342.83689,1
1505585644,21598561,1.16594,1138.06146,0
1505585644,21598560,1.16594,428.83853,1
1505585642,21598555,1.16594,419.33460,1
1505585641,21598551,1.17099,466.78072,0
1505585641,21598550,1.17098,171.65964,0
1505585404,21598218,1.17002,17.11149,1
1505585369,21598179,1.17002,10.78820,1
1505585279,21597994,1.17099,153.65483,0
1505585279,21597992,1.17093,0.01000,0
1505585271,21597965,1.17093,665.68000,0
1505585269,21597959,1.17093,824.70000,0
1505585266,21597948,1.17093,995.69000,0
1505585265,21597940,1.17093,994.32000,0
1505585235,21597922,1.17093,519.60000,0
1505585214,21597883,1.17092,232.30000,0
1505585213,21597877,1.17000,0.15724,0
1505585212,21597870,1.17000,31.29144,0
1505585150,21597808,1.17000,968.55132,0
1505585150,21597806,1.17000,23.28868,0
1505585146,21597801,1.17000,105.54394,0
1505585145,21597800,1.17000,133.64606,0
1505585099,21597739,1.17000,12.00062,0
1505585027,21597671,1.16502,115.34552,1
1505585012,21597640,1.17000,869.18335,0
1505585012,21597637,1.17000,367.75334,0
1505585011,21597634,1.17000,90.80000,0
1505585011,21597632,1.17000,278.59999,0
1505585011,21597629,1.17000,435.15761,0
1505585010,21597624,1.17000,8.60852,0
1505585009,21597619,1.17000,92.67060,0
1505585008,21597617,1.17000,173.17291,0
1505585007,21597609,1.17000,18.80729,0
1505585006,21597607,1.17000,209.31944,0
1505585005,21597604,1.17000,32.77070,0
1505585004,21597602,1.17000,39.66256,0
1505585004,21597597,1.17000,16.93533,0
1505585003,21597595,1.17000,0.74983,0
1505585003,21597593,1.17000,1794.38115,0
1505585002,21597588,1.17000,207.46234,0
1505585000,21597582,1.17000,202.85527,0
1505584999,21597577,1.17000,281.07556,0
1505584843,21597490,1.17000,208.20768,0
1505584838,21597481,1.17000,208.06790,0
1505584833,21597474,1.17000,207.11939,0
1505584830,21597471,1.17000,186.22221,0
1505584827,21597466,1.17000,206.97021,0
1505584809,21597435,1.17000,207.58854,0
1505584803,21597415,1.17000,207.43881,0
1505584799,21597384,1.17000,155.49864,0
1505584798,21597381,1.17000,207.28908,0
1505584795,21597375,1.17000,203.95508,0
1505584795,21597370,1.17000,245.97764,0
1505584794,21597366,1.17000,415.24929,0
1505584794,21597361,1.17000,1849.39307,0
1505584793,21597354,1.17000,207.14933,0
1505584792,21597340,1.17000,209.67978,0
1505584790,21597323,1.17000,213.96836,0
1505584789,21597317,1.17000,213.62935,0
1505584789,21597307,1.17000,105.20865,0
1505584789,21597300,1.17000,206.99959,0
1505584788,21597290,1.17000,217.29374,0
1505584788,21597287,1.17000,497.02919,0
1505584787,21597283,1.17000,222.25999,0
1505584787,21597277,1.17000,496.45066,0
1505584786,21597271,1.17000,104.33584,0
1505584786,21597268,1.17000,795.36020,0
1505584786,21597264,1.17000,214.89683,0
1505584785,21597257,1.17000,237.97415,0
1505584784,21597251,1.17000,279.84204,0
1505584784,21597246,1.17000,42.63999,0
1505584783,21597243,1.17000,17.30905,0
1505584783,21597241,1.17000,171.55356,0
1505584782,21597237,1.17000,172.51036,0
1505584782,21597234,1.17000,148.12667,0
1505584781,21597227,1.17000,247.05284,0
1505584781,21597221,1.17000,16.91280,0
1505584780,21597217,1.17000,38.27101,0
1505584780,21597216,1.17000,16.83158,0
1505584780,21597213,1.17000,277.54999,0
1505584779,21597208,1.17000,25.39908,0
1505584779,21597207,1.17000,34.82739,0
1505584778,21597205,1.17000,17.36352,0
1505584778,21597204,1.17000,4.33761,0
1505584777,21597203,1.17000,262.85836,0
1505584690,21597072,1.17000,79.75929,0
1505584688,21597064,1.17000,208.12373,0
1505584650,21597053,1.17000,27.85469,0
1505584522,21597021,1.17000,233.96580,0
1505584404,21596950,1.17000,49.55074,0
1505584361,21596923,1.17000,1344.13674,0
1505584332,21596912,1.17000,10.62996,0
1505584330,21596908,1.17000,130.22374,0
1505584216,21596882,1.17000,155.65981,0
1505584215,21596881,1.17000,783.14217,0
1505584215,21596880,1.17000,86.20902,0
1505584214,21596878,1.17000,527.50697,0
1505584214,21596877,1.17000,259.73493,0
1505584212,21596874,1.17000,9.80985,0
1505584211,21596871,1.17000,273.58960,0
1505584210,21596869,1.17000,325.17969,0
1505584209,21596867,1.17000,253.20101,0
1505584208,21596863,1.17000,281.47984,0
1505584208,21596861,1.17000,42.77016,0
1505584130,21596835,1.17000,133.61537,0
1505584045,21596815,1.17000,546.86807,0
1505584044,21596813,1.17000,240.63648,0
1505583964,21596776,1.17000,99.23930,0
1505583938,21596724,1.16903,26.29162,1
1505583881,21596703,1.17000,171.04272,0
1505583744,21596638,1.16904,156.34825,1
1505583660,21596556,1.17000,10.54543,0
1505583649,21596537,1.17000,50.94705,0
1505583615,21596511,1.17000,63.15901,0
1505583613,21596509,1.17000,92.38949,0
1505583612,21596507,1.17000,18.50424,0
1505583611,21596505,1.17000,33.06000,0
1505583611,21596504,1.17000,58.56576,0
1505583611,21596502,1.17000,39.09087,0
1505583610,21596499,1.17000,351.79577,0
1505583607,21596493,1.16904,80.09076,1
1505583604,21596488,1.16904,80.09076,1
1505583603,21596480,1.17000,498.52423,0
1505583602,21596479,1.17000,53.63118,0
1505583601,21596478,1.17000,52.02742,0
1505583601,21596476,1.17000,157.47999,0
1505583601,21596475,1.17000,194.78782,0
1505583600,21596472,1.17000,47.91397,0
1505583599,21596468,1.17000,47.94384,0
1505583599,21596463,1.17000,157.03601,0
1505583309,21596245,1.17000,147.93111,0
1505583309,21596244,1.17000,8.11767,0
1505583308,21596243,1.17000,46.69232,0
1505583307,21596242,1.17000,54.76108,0
1505583307,21596241,1.17000,105.37782,0
1505583306,21596238,1.17000,86.22230,0
1505583306,21596236,1.17000,192.86128,0
1505583305,21596233,1.17000,69.06929,0
1505583305,21596229,1.17000,150.37237,0
1505583296,21596216,1.17000,1813.08686,0
1505583295,21596212,1.17000,67.37755,0
1505583293,21596211,1.17000,205.78405,0
1505583292,21596209,1.17000,797.61605,0
1505583292,21596207,1.17000,133.22747,0
1505583291,21596202,1.17000,404.99066,0
1505583291,21596200,1.17000,338.09680,0
1505583192,21596158,1.16904,548.26865,1
1505583147,21596119,1.17000,75.19000,0
1505582923,21595938,1.17000,293.13188,0
1505582908,21595925,1.17000,199.88204,0
1505582908,21595923,1.17000,33.55796,0
1505582906,21595918,1.17000,10.53561,0
1505582902,21595913,1.17000,43.72042,0
1505582902,21595911,1.17000,10.54201,0
1505582901,21595906,1.17000,58.64956,0
1505582896,21595900,1.17000,8.21707,0
1505582895,21595897,1.17000,6.76110,0
1505582892,21595890,1.17000,68.13079,0
1505582884,21595861,1.16999,26.36491,0
1505582884,21595859,1.16999,923.63509,0
1505582884,21595858,1.16901,26.33071,0
1505582636,21595667,1.16900,0.00594,1
1505582603,21595609,1.16900,60.21386,1
1505582599,21595601,1.16900,25.32340,1
1505582226,21595358,1.17000,211.47344,0
1505582226,21595352,1.16998,138.74031,0
1505582225,21595350,1.16998,153.35000,0
1505582205,21595293,1.16501,29.76999,0
1505582204,21595288,1.16501,255.42173,1
1505581746,21595005,1.17000,211.55153,0
1505581308,21594584,1.17000,498.97000,0
1505581305,21594579,1.16998,1363.48310,0
1505581246,21594557,1.16998,503.71800,0
1505581239,21594547,1.16998,84.63000,0
1505581230,21594543,1.16998,241.80500,0
1505581023,21594417,1.16998,174.11978,0
1505581004,21594400,1.16998,269.03047,0
1505581004,21594399,1.16998,344.03494,0
1505580983,21594380,1.16998,126.22000,0
1505580982,21594378,1.16998,188.46646,0
1505580981,21594375,1.16998,108.27684,0
1505580980,21594373,1.16998,80.15914,0
1505580979,21594371,1.16998,152.84262,0
1505580963,21594352,1.16997,5.52188,0
1505580959,21594343,1.16997,511.49000,0
1505580596,21594111,1.16997,1056.96135,0
1505580577,21594079,1.16501,19.30508,1
1505580572,21594050,1.16501,498.90078,1
1505580381,21593954,1.16600,0.00001,1
1505580375,21593951,1.16600,100.22999,1
1505580358,21593931,1.16998,222.33961,0
1505580358,21593930,1.16998,156.45658,0
1505580354,21593925,1.16998,635.68856,0
1505580141,21593842,1.16500,128.83262,1
1505580073,21593797,1.16500,1382.58337,1
1505580069,21593792,1.16500,90.80000,1
1505580059,21593775,1.16500,278.59999,1
1505580016,21593706,1.16500,435.15761,1
1505580016,21593705,1.16500,274.45203,1
1505580002,21593687,1.16500,300.55999,1
1505579987,21593670,1.16501,68.00647,1
1505579962,21593620,1.16501,306.48999,1
1505579950,21593583,1.16501,401.18507,1
1505579947,21593579,1.16501,285.69999,1
1505579624,21593348,1.16501,203.83139,0
1505579623,21593345,1.16501,37.17603,1
1505579616,21593341,1.16501,155.56999,1
1505579607,21593329,1.16501,870.40999,1
1505579578,21593296,1.16501,87.38999,1
1505579201,21592944,1.16997,345.21397,0
1505579029,21592881,1.16500,16.93533,1
1505579026,21592877,1.16501,320.03566,1
1505578989,21592845,1.16997,128.84090,0
1505578961,21592831,1.16501,46.84268,1
1505578844,21592723,1.16997,723.76492,0
1505578836,21592709,1.16997,228.05712,0
1505578835,21592707,1.16997,104.38728,0
1505578821,21592684,1.16997,363.65034,1
1505578820,21592679,1.16997,2254.88686,0
1505578790,21592613,1.16997,68.06000,0
1505578659,21592544,1.16997,16.80997,0
1505578657,21592539,1.16997,104.47729,0
1505578652,21592533,1.16997,56.70230,0
1505578652,21592530,1.16997,12.64042,0
1505578647,21592526,1.16998,12.64413,0
1505578646,21592521,1.16997,227.45879,0
1505578478,21592414,1.16997,223.98864,0
1505578461,21592410,1.16997,48.01000,0
1505578453,21592403,1.16997,264.98307,0
1505578339,21592332,1.16997,56.94000,0
1505578335,21592322,1.16997,405.31000,0
1505578290,21592281,1.16500,0.74983,1
1505578289,21592280,1.16501,79.68800,1
1505578289,21592279,1.16501,33.05109,1
1505578274,21592248,1.16501,380.19891,1
1505578153,21592141,1.16997,79.43000,0
1505577952,21592022,1.16500,4730.10950,1
1505577951,21592020,1.16500,415.24929,1
1505577950,21592016,1.16500,2266.22218,1
1505577950,21592014,1.16502,140.29831,1
1505577948,21592006,1.16501,273.66952,1
1505577783,21591897,1.16997,118.28548,0
1505577752,21591828,1.16997,275.98244,0
1505577729,21591771,1.16500,213.96836,1
1505577724,21591761,1.16500,213.62935,1
1505577678,21591667,1.16500,1026.53117,1
1505577652,21591630,1.16500,222.25999,1
1505577651,21591629,1.16500,496.45066,1
1505577649,21591626,1.16500,104.33584,1
1505577626,21591604,1.16500,1248.23118,1
1505577591,21591547,1.16500,279.84204,1
1505577589,21591546,1.16500,42.63999,1
1505577587,21591544,1.16500,17.30905,1
1505577584,21591534,1.16500,171.55356,1
1505577583,21591532,1.16500,172.51036,1
1505577582,21591529,1.16500,148.12667,1
1505577581,21591525,1.16500,247.05284,1
1505577580,21591522,1.16500,16.91280,1
1505577576,21591509,1.16500,38.27101,1
1505577575,21591507,1.16500,16.83158,1
1505577573,21591495,1.16500,277.54999,1
1505577572,21591490,1.16500,25.39908,1
1505577570,21591487,1.16500,34.82739,1
1505577568,21591480,1.16501,25.34743,0
1505577567,21591476,1.16501,17.82672,1
1505577566,21591469,1.16500,17.36352,1
1505577565,21591460,1.16501,94.77754,1
1505577560,21591438,1.16997,155.31335,0
1505577558,21591427,1.16500,4.33761,1
1505577558,21591425,1.16501,577.12679,1
1505577540,21591357,1.16997,104.85738,0
1505577535,21591333,1.16997,171.68317,0
1505577532,21591323,1.16997,16.78022,0
1505577529,21591316,1.16997,283.76403,0
1505577511,21591266,1.16500,3285.90503,1
1505577510,21591265,1.16501,78.44649,1
1505577509,21591262,1.16500,86.20902,1
1505577509,21591258,1.16500,527.50697,1
1505577508,21591253,1.16500,259.73493,1
1505577465,21591185,1.16500,1143.25999,1
1505577460,21591173,1.16500,723.25360,1
1505577346,21591102,1.16500,635.56999,1
1505577316,21591072,1.16500,92.38949,1
1505577292,21591054,1.16500,110.13000,1
1505577291,21591053,1.16500,39.09087,1
1505577287,21591045,1.16500,850.32000,1
1505577286,21591043,1.16500,53.63118,1
1505577284,21591036,1.16500,52.02742,1
1505577282,21591035,1.16500,157.47999,1
1505577155,21590850,1.16501,116.86412,1
1505577147,21590822,1.16520,34.28000,1
1505577089,21590689,1.16998,195.21073,0
1505576825,21590521,1.16997,144.64306,0
1505576821,21590516,1.16998,47.91534,0
1505576671,21590402,1.16500,194.78782,1
1505576670,21590401,1.16500,47.91397,1
1505576668,21590395,1.16500,47.94384,1
1505576666,21590393,1.16500,304.96712,1
1505576665,21590391,1.16500,54.80999,1
1505576663,21590385,1.16500,54.76108,1
1505576658,21590361,1.16500,105.37782,1
1505576656,21590353,1.16500,86.22230,1
1505576629,21590295,1.16500,192.86128,1
1505576605,21590203,1.16500,69.06929,1
1505576604,21590198,1.16500,1963.45923,1
1505576588,21590121,1.16500,273.16160,1
1505576580,21590067,1.16500,797.61605,1
1505576577,21590059,1.16500,133.22747,1
1505576575,21590050,1.16500,404.99066,1
1505576568,21590038,1.16500,906.30072,1
1505576567,21590031,1.16500,165.22263,1
1505576566,21590030,1.16501,1629.56708,1
1505576566,21590027,1.16500,996.88686,1
1505576564,21590020,1.16501,68.95008,1
1505576544,21589995,1.16501,81.88771,1
1505576540,21589987,1.16501,198.01547,1
1505576536,21589977,1.16501,1727.86500,1
1505576202,21589772,1.16501,766.95378,1
1505576174,21589743,1.16516,268.51752,1
1505576047,21589602,1.17092,392.96833,0
1505576038,21589592,1.17092,248.95201,0
1505576038,21589590,1.17092,377.51000,0
1505575831,21589427,1.17091,292.88713,0
1505575830,21589425,1.17091,25.47590,0
1505575424,21589128,1.16501,58.79700,1
1505575421,21589124,1.16501,102.64329,1
1505575415,21589117,1.16502,52.00373,1
1505575414,21589113,1.16502,52.04999,1
1505575413,21589110,1.16501,63.56999,1
1505575391,21589090,1.17002,7.10139,1
1505575118,21588917,1.17092,309.76742,0
1505575114,21588915,1.17092,124.69000,0
1505575074,21588890,1.17092,65.00939,0
1505575057,21588876,1.17092,39.07337,0
1505575001,21588854,1.17092,1536.56247,0
1505574807,21588689,1.17092,694.82760,0
1505574769,21588656,1.17092,139.72966,0
1505574769,21588654,1.17092,139.72772,0
1505574728,21588603,1.17092,987.58000,0
1505574639,21588498,1.17000,100.33260,0
1505574639,21588497,1.17000,39.40020,0
1505574636,21588488,1.16998,7.51897,0
1505574606,21588410,1.16500,39.40020,1
1505574602,21588388,1.16501,234.40984,1
1505574587,21588347,1.17000,100.33260,1
1505574585,21588340,1.17002,6.95112,1
1505574582,21588331,1.17002,90.29856,1
1505574558,21588264,1.17000,8.68204,0
1505574557,21588263,1.17000,372.40343,0
1505574557,21588258,1.17000,177.59657,0
1505574556,21588251,1.17000,39.20915,0
1505574554,21588242,1.17000,135.71374,0
1505574554,21588239,1.17000,174.78112,0
1505574553,21588238,1.17000,124.75182,0
1505574553,21588235,1.17000,0.00003,0
1505574511,21588184,1.16500,381.08547,1
1505574482,21588163,1.16500,177.59657,1
1505574479,21588160,1.16500,174.92289,1
1505574477,21588157,1.16500,174.78112,1
1505574473,21588143,1.16501,12.83632,1
1505574470,21588140,1.16501,555.58247,1
1505574470,21588138,1.16501,28.88751,1
1505574469,21588135,1.16501,29.56808,1
1505574457,21588107,1.16501,12.82691,1
1505574450,21588102,1.16501,12.81750,1
1505574386,21588019,1.16500,124.75182,1
1505574289,21587961,1.17000,117.52078,0
1505574277,21587952,1.16500,117.52081,1
1505574276,21587951,1.16500,14.49865,1
1505574271,21587944,1.16500,12.82603,1
1505574268,21587937,1.16501,12.81903,1
1505574075,21587773,1.17071,7.15032,1
1505574050,21587743,1.17069,809.11822,0
1505574003,21587685,1.16500,210.92266,1
1505573972,21587649,1.16500,407.17593,1
1505573969,21587644,1.16500,1478.75537,1
1505573968,21587641,1.16500,406.76905,1
1505573933,21587613,1.16500,88.48069,1
1505573930,21587608,1.16500,43.42490,1
1505573915,21587589,1.16500,297.46782,1
1505573910,21587572,1.16500,152.79379,1
1505573905,21587562,1.16500,270.31861,1
1505573899,21587551,1.16500,1497.36501,1
1505573894,21587542,1.16500,807.76999,1
1505573870,21587482,1.16500,282.64674,1
1505573866,21587473,1.16500,373.95230,1
1505573865,21587472,1.16500,259.27308,1
1505573865,21587467,1.16500,225.97532,1
1505573854,21587445,1.16500,108.73263,1
1505573852,21587439,1.16500,108.83999,1
1505573831,21587400,1.16500,729.32189,1
1505573829,21587395,1.16500,312.32451,1
1505573825,21587383,1.16500,319.80441,1
1505573823,21587373,1.16500,86.15999,1
1505573822,21587368,1.16500,164.79999,1
1505573819,21587359,1.16500,9.17774,1
1505573811,21587344,1.16595,171.04860,1
1505573811,21587341,1.16595,265.85098,1
1505573811,21587339,1.16595,86.15680,1
1505573810,21587337,1.16595,273.86692,1
1505573809,21587334,1.16595,30.87999,1
1505573809,21587333,1.16595,235.25999,1
1505573798,21587320,1.16595,235.25999,1
1505573796,21587315,1.16595,235.25999,1
1505573796,21587313,1.16595,193.75903,1
1505573638,21587170,1.16595,78.61098,1
1505573638,21587169,1.16595,78.52140,1
1505573638,21587168,1.16595,86.18776,1
1505573452,21586911,1.16595,275.77303,1
1505573449,21586904,1.16595,323.64917,1
1505573346,21586788,1.16595,154.06565,1
1505573291,21586742,1.16595,207.49686,1
1505573289,21586739,1.16595,169.77927,1
1505573264,21586731,1.16595,667.46609,1
1505572310,21586181,1.16600,42.56462,0
1505572308,21586178,1.16597,297.47377,0
1505572299,21586169,1.16597,17.22163,0
1505572298,21586168,1.16597,22.07531,0
1505572258,21586141,1.16595,231.10750,1
1505572235,21586122,1.16599,335.68296,1
1505572234,21586121,1.16600,3826.40486,0
1505572234,21586120,1.16599,3664.31704,1
1505572232,21586113,1.16600,285.96574,1
1505572232,21586112,1.16600,2634.62999,1
1505571882,21585854,1.16601,457.59300,1
1505571882,21585853,1.16601,21.40000,1
1505571868,21585838,1.17187,151.66357,0
1505571862,21585835,1.17186,17.59838,0
1505571862,21585832,1.17186,406.56336,0
1505571822,21585801,1.16603,41.53292,1
1505571822,21585798,1.16603,26.39088,1
1505571821,21585794,1.16603,121.31275,1
1505571591,21585657,1.17187,21.91059,0
1505570894,21585198,1.17097,1444.03871,0
1505570842,21585162,1.17097,1631.97869,0
1505570802,21585135,1.17097,192.88573,0
1505570789,21585129,1.17097,478.32354,0
1505570699,21585088,1.17097,252.77333,0
1505570693,21585082,1.17096,50.39345,0
1505570692,21585079,1.17096,239.82917,0
1505570669,21585058,1.17096,227.46927,0
1505570669,21585057,1.17095,1023.26915,0
1505570668,21585052,1.17095,232.30373,0
1505570661,21585039,1.17095,40.67636,0
1505570659,21585035,1.17095,516.84252,0
1505570658,21585030,1.17095,248.17898,0
1505570657,21585026,1.17095,76.45073,0
1505570656,21585021,1.17095,557.45988,0
1505570634,21585003,1.17095,266.28333,0
1505570623,21584997,1.17095,260.03220,0
1505570622,21584994,1.17095,485.99079,0
1505570619,21584990,1.17095,146.21000,0
1505570613,21584977,1.17095,146.30233,0
1505570602,21584929,1.17093,449.71235,0
1505570515,21584868,1.17092,36.07000,0
1505570407,21584735,1.16592,5.95101,0
1505570298,21584632,1.16594,1091.32824,1
1505570279,21584605,1.16594,178.59864,1
1505570101,21584483,1.16594,99.66622,1
1505570086,21584448,1.17096,85.91000,0
1505570086,21584447,1.17096,680.33715,0
1505570082,21584433,1.17095,234.55682,0
1505570029,21584339,1.16594,124.58999,1
1505570008,21584271,1.17095,474.02060,1
1505570007,21584269,1.17096,273.20000,0
1505570007,21584268,1.17096,680.83000,0
1505570007,21584266,1.17096,474.00976,0
1505570001,21584255,1.17096,67.59822,0
1505569999,21584250,1.17096,493.90711,0
1505569996,21584249,1.17095,212.99885,0
1505569994,21584243,1.17096,493.91133,0
1505569990,21584231,1.17096,1092.34326,0
1505569983,21584208,1.17096,739.08586,0
1505569791,21583990,1.16594,473.59615,1
1505569661,21583890,1.16594,91.55841,1
1505569576,21583785,1.16594,1100.08399,1
1505569575,21583783,1.16597,2059.33765,1
1505569575,21583782,1.16597,618.20999,1
1505569575,21583778,1.16597,83.11468,1
1505569574,21583773,1.16598,1414.66560,0
1505569574,21583771,1.16597,1239.33768,1
1505569573,21583764,1.16598,260.84292,1
1505569559,21583750,1.16598,239.99999,1
1505569548,21583738,1.16598,973.71655,0
1505569547,21583735,1.16598,2914.17344,1
1505569528,21583716,1.16598,85.81999,1
1505569483,21583623,1.16599,972.07999,1
1505569287,21583373,1.17200,30.76266,0
1505569250,21583310,1.17200,165.96616,0
1505569245,21583303,1.17200,102.83213,0
1505569243,21583299,1.17200,431.38125,0
1505569243,21583296,1.17200,420.15504,0
1505569242,21583294,1.17200,431.43343,0
1505569237,21583274,1.17200,808.20220,0
1505569235,21583271,1.17200,498.98135,0
1505569234,21583269,1.17200,1821.01999,0
1505569234,21583267,1.17200,131.67096,0
1505569234,21583266,1.17200,18.33765,0
1505569233,21583264,1.17200,272.22051,0
1505569233,21583263,1.17200,31.04103,0
1505569233,21583260,1.17200,225.74851,0
1505569231,21583257,1.17200,40.57540,0
1505569230,21583255,1.17200,349.90460,0
1505569213,21583226,1.17200,68.83325,0
1505569211,21583225,1.17200,241.26596,0
1505569210,21583221,1.17200,34.54000,0
1505569208,21583215,1.17200,16.85623,0
1505569208,21583213,1.17200,17.04778,0
1505569207,21583208,1.17200,33.65595,0
1505569206,21583206,1.17200,14.18857,0
1505569184,21583169,1.17200,273.33721,0
1505569183,21583168,1.17200,624.40891,0
1505569183,21583167,1.17200,228.80153,0
1505569182,21583164,1.17200,214.67310,0
1505569182,21583162,1.17200,113.69094,0
1505569181,21583158,1.17200,66.84443,0
1505569180,21583154,1.17200,275.79714,0
1505569179,21583148,1.17200,537.06709,0
1505569179,21583147,1.17200,53.30157,0
1505569178,21583145,1.17200,160.66000,0
1505569177,21583139,1.17200,473.93070,0
1505569157,21583043,1.17198,191.70000,1
1505569156,21583028,1.17200,191.81772,0
1505569153,21583018,1.17199,267.12852,0
1505569153,21583017,1.17101,2617.69517,0
1505569148,21582988,1.17101,207.72638,0
1505569144,21582955,1.17101,155.21964,0
1505569143,21582953,1.17101,539.35120,0
1505569141,21582932,1.17101,8.34936,0
1505569137,21582913,1.17101,39.50774,0
1505569137,21582909,1.17100,205.80337,0
1505569131,21582886,1.17101,205.66431,0
1505569130,21582879,1.17100,155.23971,0
1505569126,21582859,1.17100,214.37871,0
1505569126,21582855,1.17100,205.51531,0
1505569121,21582836,1.17100,256.18910,0
1505569121,21582833,1.17100,205.37624,0
1505569121,21582830,1.17101,226.48620,0
1505569119,21582823,1.17100,153.75000,1
1505569118,21582814,1.17099,155.24653,0
1505569116,21582805,1.17100,178.53671,0
1505569116,21582804,1.17100,26.69054,0
1505569114,21582797,1.17100,308.18000,0
1505569113,21582792,1.17100,106.79000,0
1505569109,21582767,1.17100,218.72027,0
1505569105,21582756,1.17098,419.80000,1
1505569103,21582752,1.17099,420.47640,0
1505569097,21582742,1.17099,429.50000,1
1505569096,21582738,1.17099,553.59000,0
1505569093,21582732,1.17099,73.85000,0
1505569073,21582719,1.17096,163.56916,1
1505569070,21582714,1.17099,740.85592,0
1505569065,21582701,1.17099,659.64061,0
1505569063,21582692,1.17099,206.15033,0
1505569061,21582683,1.17099,243.01000,0
1505569051,21582657,1.17096,43.19847,0
1505568847,21582511,1.16594,59.41257,1
1505568778,21582454,1.16594,1.65449,1
1505568777,21582453,1.16595,1663.05608,1
1505568764,21582432,1.16595,1368.70364,1
1505568754,21582416,1.16595,460.95267,1
1505568752,21582408,1.16595,460.95267,1
1505568747,21582403,1.16595,77.78555,1
1505568747,21582402,1.16595,436.10089,1
1505568713,21582345,1.16598,140.12074,0
1505568670,21582300,1.16595,140.81642,1
1505568541,21582190,1.17099,42.21520,0
1505568541,21582189,1.17099,117.02516,0
1505568536,21582178,1.17099,140.12539,0
1505568033,21581550,1.17099,1915.90000,0
1505567935,21581386,1.17099,260.90741,0
1505567897,21581338,1.17099,116.57656,1
1505567895,21581335,1.17099,281.98522,0
1505567887,21581308,1.16595,278.84299,1
1505567887,21581305,1.16595,14.23970,1
1505567886,21581295,1.17099,579.31773,0
1505567875,21581243,1.17100,12.96569,0
1505567874,21581238,1.17099,279.31836,0
1505567866,21581214,1.17100,33.40000,0
1505567865,21581210,1.17096,33.56921,0
1505567861,21581201,1.17099,257.14000,0
1505567724,21580876,1.16594,60.45999,1
1505567686,21580795,1.16594,75.84737,1
1505567684,21580788,1.16594,41.97999,1
1505567683,21580786,1.16594,71.69872,1
1505567683,21580784,1.16594,41.94143,1
1505567683,21580782,1.16594,112.80820,1
1505567681,21580777,1.16594,46.30559,1
1505567679,21580772,1.16594,4.31802,1
1505567679,21580768,1.16594,86.16389,1
1505567676,21580759,1.16594,23.07999,1
1505567674,21580753,1.16594,41.86551,1
1505567674,21580751,1.16594,46.81513,1
1505567671,21580734,1.16594,23.05938,1
1505567669,21580729,1.16594,22.19698,1
1505567666,21580720,1.16594,78.27161,1
1505567666,21580716,1.16594,2.69950,1
1505567665,21580714,1.16600,36.02049,1
1505567662,21580694,1.16600,280.45291,1
1505567661,21580693,1.16600,114.21326,1
1505567658,21580685,1.16600,64.54999,1
1505567653,21580674,1.16600,67.79306,1
1505567652,21580670,1.16600,50.54718,1
1505567650,21580663,1.16600,1984.26996,1
1505567650,21580661,1.16600,11.17410,1
1505567646,21580638,1.16602,413.15125,1
1505567644,21580629,1.16601,265.09686,1
1505567641,21580613,1.16601,406.34837,1
1505567638,21580591,1.16601,325.31999,1
1505567625,21580523,1.16601,103.08438,1
1505567619,21580472,1.16601,1084.24999,1
1505567561,21580187,1.17099,999.99000,0
1505567561,21580186,1.17099,530.04000,0
1505567556,21580154,1.17100,293.25350,0
1505567554,21580136,1.17099,67.92064,0
1505567552,21580123,1.17099,419.96891,0
1505567359,21579890,1.16601,1006.36817,1
1505567006,21579571,1.17099,153.50000,0
1505566954,21579534,1.17099,19.53894,0
1505566947,21579503,1.17099,595.04105,0
1505566944,21579476,1.17099,789.66589,0
1505566943,21579474,1.17099,117.38322,0
1505566887,21579360,1.16600,174.12750,1
1505566800,21579225,1.16600,152.99999,1
1505566789,21579198,1.16600,151.64481,1
1505566455,21578941,1.16600,48.99618,1
1505566357,21578816,1.16600,440.41142,1
1505566327,21578768,1.16600,166.54999,1
1505566314,21578714,1.16600,592.09160,1
1505566313,21578711,1.16600,744.08998,1
1505566312,21578708,1.16600,396.64448,1
1505566308,21578702,1.16600,753.14666,1
1505566254,21578652,1.16600,896.49677,1
1505566253,21578649,1.16600,110.05715,1
1505566251,21578644,1.16600,107.41143,1
1505566247,21578637,1.16600,897.39483,1
1505566243,21578632,1.16600,273.61490,1
1505566220,21578621,1.16600,496.52659,1
1505566219,21578619,1.16600,49.79417,1
1505566184,21578594,1.16601,599.76330,0
1505566183,21578586,1.16601,26.11493,1
1505566181,21578581,1.16602,249.36517,1
1505566179,21578576,1.16601,302.22251,1
1505565865,21578418,1.17100,1177.84000,0
1505565814,21578395,1.17100,16.78127,0
1505565427,21578127,1.16748,6.28419,0
1505565427,21578124,1.16748,92.42012,0
1505565424,21578116,1.16748,13.62061,0
1505565423,21578113,1.16748,47.23000,0
1505565421,21578092,1.16700,87.33778,0
1505565419,21578082,1.16700,27.30221,0
1505565418,21578081,1.16700,118.36001,0
1505565418,21578079,1.16700,83.41448,0
1505565408,21578072,1.16603,0.57534,0
1505565407,21578070,1.16603,114.49170,0
1505565404,21578058,1.16600,788.95263,1
1505565401,21578055,1.16601,1013.75843,1
1505565400,21578047,1.16601,2177.76214,1
1505565400,21578046,1.16601,271.11410,1
1505565398,21578042,1.16601,29.62785,1
1505565398,21578039,1.16601,380.35196,1
1505565396,21578035,1.16605,114.63000,1
1505565393,21578028,1.16702,44.13182,1
1505565389,21578023,1.16750,158.63000,1
1505565382,21578015,1.16750,55.50000,1
1505565216,21577927,1.16702,16.94448,1
1505565216,21577926,1.16702,39.40552,1
1505565189,21577889,1.16601,43.99000,1
1505565189,21577888,1.16698,43.99000,0
1505565158,21577842,1.16601,83.39552,1
1505565154,21577833,1.16600,150.02797,1
1505565150,21577817,1.16700,105.70690,1
1505565149,21577806,1.16700,149.72861,1
1505565148,21577805,1.16700,50.90999,1
1505565147,21577803,1.16700,248.89002,1
1505565147,21577801,1.16700,37.20999,1
1505565138,21577783,1.16700,72.65777,1
1505565128,21577763,1.16700,223.26795,1
1505565093,21577734,1.16700,37.21000,1
1505565077,21577699,1.16700,117.96400,1
1505565071,21577694,1.16700,117.91575,1
1505565066,21577689,1.16700,117.81132,1
1505565053,21577677,1.16700,117.76725,1
1505565044,21577673,1.16700,670.81956,1
1505565038,21577663,1.16700,203.33000,1
1505565005,21577629,1.16700,161.71004,1
1505565005,21577628,1.16700,574.93996,1
1505564980,21577591,1.16700,254.24000,1
1505564975,21577587,1.16700,2659.65363,1
1505564972,21577584,1.16700,421.43000,1
1505564970,21577569,1.16700,385.08720,1
1505564969,21577565,1.16700,1266.39432,1
1505564969,21577564,1.16700,2234.11568,1
1505564956,21577556,1.16700,1225.33999,1
1505564956,21577555,1.16700,80.03759,1
1505564955,21577553,1.16700,153.01998,1
1505564954,21577551,1.16700,644.31566,1
1505564954,21577550,1.16700,578.72679,1
1505564934,21577511,1.16700,17.04504,1
1505564922,21577504,1.16700,165.15999,1
1505564912,21577489,1.16700,981.65000,1
1505564910,21577488,1.16700,878.42000,1
1505564906,21577478,1.16700,185.13000,1
1505564902,21577456,1.16700,60.53699,1
1505564894,21577437,1.16700,61.36380,1
1505564885,21577422,1.16700,21.93024,1
1505564878,21577412,1.16700,209.02783,1
1505564736,21577220,1.16700,74.68164,1
1505564694,21577187,1.16700,958.45740,1
1505564692,21577182,1.16700,958.46000,1
1505564682,21577169,1.16700,456.81493,1
1505564682,21577168,1.16700,1537.19507,1
1505564625,21577059,1.16700,110.13561,1
1505564624,21577050,1.16700,82.17671,1
1505564618,21577027,1.16700,61.29392,1
1505564617,21577026,1.16700,1408.40905,1
1505564617,21577024,1.16700,1430.07706,1
1505564616,21577021,1.16700,45.82997,1
1505564593,21576967,1.16700,61.30001,1
1505564575,21576933,1.16700,128.41154,1
1505564574,21576923,1.16700,96.70999,1
1505564573,21576917,1.16700,744.13824,1
1505564564,21576889,1.16700,60.00000,1
1505564558,21576844,1.16700,107.12999,1
1505564558,21576840,1.16700,46.58001,1
1505564556,21576827,1.16700,228.74785,1
1505564555,21576823,1.16700,153.01000,1
1505564554,21576822,1.16700,45.88000,1
1505564553,21576817,1.16700,2156.97000,1
1505564552,21576809,1.16700,1094.18292,1
1505564551,21576803,1.16700,225.88601,1
1505564539,21576757,1.16700,373.25283,1
1505564537,21576753,1.16700,131.26999,1
1505564532,21576719,1.16700,229.47186,1
1505564528,21576700,1.16700,619.41709,1
1505564526,21576699,1.16700,1258.18289,1
1505564524,21576687,1.16700,121.46999,1
1505564520,21576672,1.16700,50.57960,1
1505564512,21576657,1.16700,47.58340,1
1505564511,21576656,1.16700,49.23999,1
1505564508,21576645,1.16700,152.89476,1
1505564505,21576634,1.16700,531.60234,1
1505564505,21576630,1.16700,420.98935,1
1505564502,21576623,1.16700,420.98935,1
1505564500,21576618,1.16700,420.98935,1
1505564497,21576608,1.16700,420.98935,1
1505564490,21576594,1.16700,421.39427,1
1505564490,21576591,1.16700,820.56999,1
1505564482,21576584,1.16700,421.39427,1
1505564476,21576571,1.16700,421.39427,1
1505564470,21576563,1.16700,421.39427,1
1505564469,21576559,1.16700,183.14482,1
1505564458,21576526,1.16700,244.22103,1
1505564421,21576488,1.16700,276.81966,1
1505564417,21576469,1.16700,196.24664,1
1505564414,21576457,1.16700,196.24664,1
1505564410,21576451,1.16700,113.25873,1
1505564406,21576439,1.16700,46.14999,1
1505564402,21576413,1.16700,1408.00999,1
1505564400,21576409,1.16700,113.29527,1
1505564400,21576407,1.16700,135.97117,1
1505564396,21576391,1.16700,271.20052,1
1505564395,21576388,1.16700,277.09514,1
1505564393,21576383,1.16700,3528.19740,1
1505564374,21576365,1.16700,1821.01999,1
1505564373,21576361,1.16700,131.67096,1
1505564372,21576355,1.16700,18.33765,1
1505564372,21576354,1.16700,272.22051,1
1505564365,21576338,1.16700,31.04103,1
1505564324,21576291,1.16700,266.32391,1
1505564225,21576144,1.16700,1902.83999,1
1505564207,21576126,1.16700,214.67310,1
1505564201,21576121,1.16700,113.69094,1
1505564192,21576107,1.16700,879.70866,1
1505564179,21576094,1.16700,879.70999,1
1505564169,21576078,1.16701,159.01342,1
1505564168,21576076,1.16794,0.00836,1
1505564157,21576060,1.16794,611.76945,1
1505564141,21576043,1.16794,163.94787,1
1505564110,21575950,1.16794,363.15998,1
1505564099,21575914,1.16794,66.26999,1
1505564090,21575902,1.16794,1474.21999,1
1505563986,21575814,1.16794,39.17154,1
1505563975,21575801,1.16794,81.58810,1
1505563967,21575797,1.16794,1199.86472,1
1505563963,21575793,1.16795,460.65329,1
1505563427,21575250,1.17299,481.90957,0
1505563421,21575232,1.16795,17.16988,1
1505563421,21575231,1.16800,0.00731,1
1505563394,21575148,1.17299,309.83162,0
1505563388,21575130,1.16800,628.53596,1
1505563362,21575100,1.16800,108.69552,1
1505563357,21575083,1.16800,131.56785,1
1505563344,21575069,1.16800,70.00000,1
1505563334,21575053,1.16800,100.00000,1
1505563273,21574924,1.16800,37.06011,1
1505562949,21574522,1.17298,108.10193,0
1505562948,21574521,1.17298,159.28000,0
1505562595,21574071,1.16800,31.29987,1
1505562594,21574065,1.16800,272.58724,1
1505562593,21574061,1.16800,140.01713,1
1505562567,21574016,1.16800,480.22901,1
1505562506,21573940,1.16801,216.84185,1
1505562503,21573925,1.16802,259.00914,1
1505562501,21573918,1.16801,402.18056,1
1505562500,21573909,1.16801,271.10617,1
1505562409,21573835,1.16803,152.90511,1
1505562367,21573762,1.16936,348.95459,0
1505562292,21573678,1.16907,992.94311,1
1505562262,21573635,1.17202,53.62368,1
1505562206,21573567,1.17300,354.27000,0
1505562203,21573558,1.17300,354.07000,0
1505562200,21573554,1.17300,117.57000,0
1505562197,21573546,1.17300,955.26000,0
1505562074,21573428,1.17202,100.00000,1
1505562019,21573349,1.17299,134.30898,0
1505562014,21573336,1.17299,49.45438,0
1505562010,21573317,1.17300,261.38524,0
1505562008,21573309,1.17300,132.50363,0
1505562007,21573304,1.17300,1419.16000,0
1505562005,21573292,1.17300,176.87126,0
1505562005,21573291,1.17294,25.06567,0
1505561996,21573266,1.17294,125.50000,0
1505561988,21573248,1.17294,125.75438,0
1505561949,21573148,1.17294,414.10499,0
1505561949,21573145,1.17294,68.74178,0
1505561793,21572893,1.17294,1168.72000,0
1505561791,21572882,1.17294,529.77099,0
1505561790,21572881,1.17294,1169.91183,0
1505561723,21572768,1.17293,344.22199,0
1505561691,21572695,1.17293,1572.36338,0
1505561691,21572691,1.17200,59.72170,0
1505561690,21572689,1.17200,233.17196,0
1505561690,21572687,1.17200,119.64420,0
1505561689,21572685,1.17200,59.72580,0
1505561689,21572681,1.17200,76.10296,0
1505561684,21572661,1.17200,177.20868,0
1505561684,21572657,1.17200,235.32000,0
1505561625,21572526,1.16801,6.59000,1
1505561612,21572495,1.17197,272.92578,0
1505561558,21572399,1.17199,50.06960,0
1505561555,21572386,1.17188,211.34579,1
1505561555,21572385,1.17188,412.95789,1
1505561552,21572378,1.17188,79.51341,0
1505561461,21572250,1.17188,303.76292,0
1505561422,21572166,1.17196,125.32349,0
1505561400,21572095,1.16700,59.72170,1
1505561398,21572084,1.16700,233.17196,1
1505561375,21572026,1.16701,30.45608,1
1505561374,21572022,1.16700,119.64420,1
1505561373,21572019,1.16700,59.72580,1
1505561368,21572007,1.16700,253.31164,1
1505561362,21571989,1.16700,235.32000,1
1505561357,21571975,1.16701,253.33129,1
1505561349,21571944,1.16701,251.50091,1
1505561349,21571943,1.16701,582.09509,1
1505561348,21571940,1.16701,424.11843,1
1505561347,21571935,1.16701,150.43835,1
1505561345,21571926,1.16701,88.02000,1
1505561345,21571923,1.16701,222.68593,1
1505561344,21571912,1.16701,204.78177,1
1505561342,21571898,1.16701,259.05882,1
1505561341,21571886,1.16701,253.32965,1
1505561340,21571882,1.16701,167.93101,1
1505561340,21571877,1.16701,213.01296,1
1505561339,21571873,1.16701,398.24899,1
1505561337,21571867,1.16701,167.92986,1
1505561337,21571865,1.16701,473.82014,1
1505561335,21571859,1.16701,167.92987,1
1505561335,21571858,1.16701,240.77013,1
1505561330,21571844,1.16701,232.23379,1
1505561322,21571832,1.16701,253.32638,1
1505561308,21571806,1.16701,253.40579,1
1505561306,21571800,1.16701,147.80000,1
1505561295,21571776,1.16701,10.02815,1
1505561295,21571775,1.16701,107.88185,1
1505561292,21571765,1.16701,152.81193,1
1505561291,21571761,1.16701,195.75197,1
1505561286,21571751,1.16701,253.80041,1
1505561282,21571732,1.16701,146.69912,1
1505561278,21571716,1.16702,260.58635,1
1505561278,21571715,1.16702,253.80041,1
1505561275,21571702,1.16701,505.31000,1
1505561274,21571698,1.16800,136.37593,0
1505561271,21571685,1.16701,160.45685,1
1505561271,21571682,1.16701,253.80041,1
1505561268,21571674,1.16701,253.80041,1
1505561268,21571673,1.16701,888.82813,1
1505561268,21571670,1.16701,108.07579,1
1505561261,21571647,1.16701,157.72622,1
1505561254,21571623,1.16702,1158.49000,1
1505561253,21571617,1.16701,994.09180,1
1505561250,21571610,1.16702,101.15611,1
1505561250,21571608,1.16750,127.20000,1
1505561246,21571594,1.16751,147.71608,0
1505561241,21571584,1.16703,617.82213,1
1505561241,21571583,1.16703,539.82974,0
1505561240,21571579,1.16702,96.19707,1
1505561236,21571571,1.16702,254.33257,1
1505561232,21571557,1.16702,254.33257,1
1505561221,21571500,1.16702,152.60029,1
1505561214,21571479,1.16702,254.45538,1
1505561211,21571469,1.16702,155.37750,1
1505561208,21571463,1.16702,254.45538,1
1505561203,21571449,1.16702,254.45538,1
1505561200,21571442,1.16702,254.45538,1
1505561197,21571436,1.16702,254.45538,1
1505561192,21571424,1.16702,254.45538,1
1505561165,21571381,1.16702,210.01999,1
1505561161,21571369,1.16702,119.47525,1
1505561152,21571352,1.16702,308.05999,1
1505561148,21571335,1.16800,2.16407,1
1505561147,21571326,1.16800,136.37593,1
1505561146,21571322,1.16900,2163.59392,1
1505561139,21571290,1.16900,192.23999,1
1505561132,21571276,1.16900,5907.15997,1
1505561129,21571268,1.16900,1343.71998,1
1505561128,21571261,1.16900,268.27031,1
1505561127,21571256,1.16900,1033.87999,1
1505561124,21571245,1.16900,1033.88186,1
1505561123,21571243,1.16900,3123.42998,1
1505561123,21571240,1.16900,120.79999,1
1505561122,21571236,1.16900,114.23967,1
1505561120,21571230,1.16900,300.00000,1
1505561115,21571211,1.16901,170.60885,1
1505561066,21571141,1.16900,1169.90999,1
1505560920,21570964,1.16900,458.69490,1
1505560914,21570945,1.16900,71.61677,1
1505560909,21570940,1.16900,70.00000,1
1505560902,21570929,1.16900,100.00000,1
1505560859,21570865,1.16900,216.19100,1
1505560841,21570807,1.16900,75.65088,1
1505560835,21570786,1.16900,421.88063,1
1505560833,21570777,1.16900,258.44828,1
1505560831,21570772,1.16900,221.93287,1
1505560813,21570720,1.16900,222.33898,1
1505560808,21570686,1.16900,500.00000,1
1505560803,21570670,1.16900,100.00000,1
1505560802,21570668,1.16900,469.50000,1
1505560797,21570661,1.16900,549.75132,1
1505560754,21570585,1.17294,236.61055,0
1505560739,21570542,1.16900,0.88356,1
1505560739,21570541,1.17000,30.00000,1
1505560738,21570540,1.17000,70.00000,1
1505560736,21570536,1.17294,135.81981,0
1505560736,21570534,1.17250,0.00977,0
1505560697,21570473,1.17250,161.17552,0
1505560697,21570471,1.17250,448.11448,0
1505560662,21570421,1.17250,221.48502,0
1505560649,21570399,1.17250,4.27889,0
1505560649,21570397,1.17249,30.73397,0
1505560601,21570319,1.16900,625.30652,1
1505560600,21570314,1.16900,428.46000,1
1505560599,21570313,1.16900,284.19822,1
1505560597,21570307,1.16900,1884.84992,1
1505560596,21570302,1.16900,3363.90354,1
1505560595,21570296,1.16900,413.08560,1
1505560562,21570212,1.17250,748.39011,0
1505560553,21570182,1.17250,16.08718,0
1505560473,21569992,1.17250,1012.60000,0
1505560460,21569959,1.17250,228.73942,0
1505560414,21569894,1.17250,318.42000,0
1505560412,21569887,1.17250,422.45000,0
1505560355,21569789,1.16900,253.80041,1
1505560335,21569772,1.17250,88.89760,0
1505560335,21569770,1.17250,143.17671,0
1505560335,21569769,1.17250,4296.91269,0
1505560334,21569768,1.17250,216.27547,0
1505560334,21569767,1.17250,4031.74184,0
1505560333,21569766,1.17250,142.86038,0
1505560333,21569765,1.17250,142.81053,0
1505560333,21569764,1.17250,63.21000,0
1505560332,21569763,1.17250,142.74986,0
1505560332,21569762,1.17250,78.08000,0
1505560332,21569761,1.17250,970.61333,0
1505560331,21569760,1.17250,847.45356,0
1505560331,21569759,1.17250,239.28001,0
1505560331,21569758,1.17250,13.40594,0
1505560330,21569757,1.17250,2633.55141,0
1505560330,21569756,1.17250,1174.57172,0
1505560330,21569755,1.17250,2633.61464,0
1505560329,21569754,1.17250,98.04842,0
1505560329,21569753,1.17250,98.07999,0
1505560329,21569752,1.17250,196.28001,0
1505560328,21569751,1.17250,100.90478,0
1505560328,21569750,1.17250,100.62999,0
1505560328,21569749,1.17250,738.70715,0
1505560327,21569748,1.17250,98.08000,0
1505560327,21569747,1.17250,99.16660,0
1505560327,21569746,1.17250,1022.59598,0
1505560253,21569680,1.17250,968.34978,0
1505560243,21569668,1.17250,100.21957,0
1505560242,21569663,1.17250,497.01000,0
1505560234,21569651,1.17250,110.59000,0
1505560229,21569642,1.17250,78.03978,0
1505560229,21569640,1.17250,29.24022,0
1505560228,21569639,1.17250,324.26665,0
1505560227,21569636,1.17250,1022.91000,0
1505560226,21569635,1.17250,215.42854,0
1505560125,21569562,1.17250,249.14313,0
1505560081,21569514,1.17250,61.83593,0
1505560015,21569436,1.16900,253.93504,1
1505560012,21569430,1.16900,290.99231,1
1505560012,21569426,1.16900,344.83320,1
1505560011,21569424,1.16900,253.93504,1
1505560010,21569421,1.16900,1528.85373,1
1505560010,21569417,1.16900,170.80411,1
1505560008,21569413,1.16900,1528.58854,1
1505560007,21569405,1.16900,253.93504,1
1505560005,21569390,1.16900,73.69335,1
1505560004,21569384,1.16900,42.43664,1
1505560001,21569377,1.16900,253.73778,1
1505559998,21569370,1.16900,253.73778,1
1505559997,21569366,1.16900,480.46903,1
1505559995,21569355,1.16900,300.40116,1
1505559994,21569354,1.16900,253.73778,1
1505559992,21569347,1.16900,81.69376,1
1505559991,21569346,1.16900,533.70056,1
1505559990,21569340,1.16900,253.73778,1
1505559989,21569335,1.16900,282.92558,1
1505559987,21569327,1.17250,6.85479,0
1505559976,21569297,1.17250,73.74189,0
1505559976,21569294,1.17097,27.00007,0
1505559976,21569292,1.17097,183.89149,0
1505559971,21569272,1.17097,74.93839,0
1505559971,21569271,1.17096,25.27000,0
1505559965,21569241,1.16900,153.04999,1
1505559961,21569233,1.16900,207.71252,1
1505559953,21569224,1.16900,310.66887,1
1505559946,21569210,1.16900,130.80136,1
1505559936,21569199,1.17096,89.13790,1
1505559934,21569194,1.17096,10.59000,1
1505559929,21569182,1.17096,55.61290,1
1505559920,21569128,1.17250,234.37391,0
1505559920,21569125,1.17250,2547.71741,0
1505559919,21569122,1.17249,155.34080,0
1505559919,21569120,1.17249,285.22597,0
1505559899,21569023,1.17250,665.76000,0
1505559895,21569002,1.17250,224.33000,0
1505559873,21568942,1.17250,74.88000,0
1505559872,21568939,1.17250,74.86000,0
1505559867,21568925,1.17250,151.15564,0
1505559866,21568909,1.17250,1598.41038,0
1505559865,21568899,1.17250,538.40301,0
1505559863,21568888,1.17250,1967.39086,0
1505559863,21568886,1.17250,797.22914,0
1505559834,21568793,1.17250,164.84391,0
1505559833,21568791,1.17250,255.86354,0
1505559833,21568790,1.17250,52.27935,0
1505559832,21568787,1.17250,0.23843,0
1505559832,21568786,1.17250,98.30590,0
1505559831,21568783,1.17250,27.18355,0
1505559831,21568781,1.17250,0.07485,0
1505559831,21568780,1.17250,0.40521,0
1505559830,21568777,1.17250,21.90567,0
1505559829,21568774,1.17250,39.35711,0
1505559829,21568773,1.17250,289.44377,0
1505559828,21568772,1.17250,289.44377,0
1505559828,21568771,1.17250,1550.72354,0
1505559828,21568770,1.17250,79.85439,0
1505559827,21568769,1.17250,2.37208,0
1505559827,21568768,1.17250,2.41896,0
1505559827,21568766,1.17250,823.16917,0
1505559826,21568765,1.17250,822.21380,0
1505559826,21568764,1.17250,489.31257,0
1505559825,21568762,1.17250,1.74294,0
1505559825,21568761,1.17250,1.40808,0
1505559825,21568760,1.17250,695.69236,0
1505559824,21568758,1.17250,71.23912,0
1505559824,21568757,1.17240,6.87581,0
1505559824,21568756,1.17240,1.95666,0
1505559824,21568754,1.17240,4.91915,0
1505559819,21568743,1.17100,1828.42565,0
1505559817,21568735,1.17100,271.47472,0
1505559816,21568730,1.17100,105.08771,0
1505559815,21568727,1.17096,131.22881,1
1505559815,21568725,1.17100,271.00585,0
1505559809,21568690,1.17100,389.46843,0
1505559808,21568682,1.17100,54.59000,0
1505559803,21568666,1.17100,9.47514,0
1505559802,21568655,1.17100,92.28863,0
1505559801,21568651,1.17100,91.62697,0
1505559800,21568646,1.17100,79.51134,0
1505559799,21568642,1.17100,285.57842,0
1505559798,21568640,1.17100,193.08281,0
1505559795,21568633,1.17100,159.34272,0
1505559794,21568627,1.17100,25.37146,0
1505559791,21568616,1.17100,38.55844,0
1505559790,21568613,1.17100,105.11171,0
1505559786,21568598,1.17094,835.49824,0
1505559784,21568590,1.17094,289.46677,0
1505559783,21568583,1.17094,740.11000,0
1505559779,21568570,1.17094,221.19132,0
1505559778,21568569,1.17094,37.46025,0
1505559774,21568556,1.17094,219.21013,0
1505559772,21568549,1.17094,740.04000,0
1505559769,21568542,1.17094,216.58772,0
1505559768,21568541,1.17094,700.43557,0
1505559768,21568540,1.17060,0.03443,0
1505559768,21568537,1.17060,6.85203,0
1505559763,21568526,1.17000,320.98071,0
1505559753,21568502,1.17000,679.01929,0
1505559753,21568500,1.17000,563.81820,0
1505559752,21568499,1.17000,740.23640,0
1505559752,21568498,1.17000,80.96594,0
1505559751,21568496,1.17000,86.73350,0
1505559751,21568494,1.17000,265.21351,0
1505559751,21568492,1.17000,734.37402,0
1505559750,21568486,1.17000,1417.26945,0
1505559747,21568481,1.17000,261.02158,0
1505559741,21568465,1.17000,519.87806,0
1505559741,21568462,1.17000,83.46552,0
1505559741,21568460,1.17000,619.12763,0
1505559740,21568456,1.17000,254.11640,0
1505559739,21568445,1.17000,100.26797,0
1505559739,21568443,1.17000,420.88302,0
1505559739,21568442,1.17000,42.02563,0
1505559738,21568438,1.17000,91.31022,0
1505559738,21568435,1.17000,1049.31520,0
1505559737,21568432,1.17000,275.66738,0
1505559737,21568430,1.17000,375.87000,0
1505559734,21568418,1.17000,440.22052,0
1505559734,21568414,1.17000,302.27663,0
1505559733,21568412,1.17000,195.32759,0
1505559732,21568405,1.17000,571.99036,0
1505559731,21568401,1.17000,815.53792,0
1505559729,21568399,1.17000,6.24449,0
1505559728,21568382,1.17000,485.52214,0
1505559723,21568335,1.17000,236.62924,0
1505559722,21568327,1.17000,793.88278,0
1505559720,21568309,1.17000,32.70868,0
1505559720,21568302,1.17000,100.29666,0
1505559718,21568293,1.17000,523.40000,0
1505559717,21568285,1.17000,48.99715,0
1505559709,21568262,1.17000,118.64190,0
1505559708,21568254,1.17000,115.60463,0
1505559707,21568251,1.17000,1613.82537,0
1505559707,21568250,1.17000,55.29000,0
1505559706,21568246,1.17000,108.81292,0
1505559706,21568244,1.17000,942.93999,0
1505559705,21568241,1.17000,23.82555,0
1505559705,21568239,1.17000,941.31000,0
1505559705,21568237,1.17000,131.75966,0
1505559704,21568235,1.17000,379.98188,0
1505559700,21568222,1.17000,1333.11293,0
1505559695,21568212,1.17000,104.99000,0
1505559694,21568207,1.17000,1412.42340,0
1505559693,21568201,1.17000,250.04426,0
1505559690,21568186,1.17000,369.31683,0
1505559686,21568170,1.17000,940.09583,0
1505559686,21568168,1.17000,471.46085,0
1505559682,21568157,1.17000,578.55159,0
1505559682,21568156,1.17000,61.11167,0
1505559678,21568147,1.17000,170.32065,0
1505559678,21568143,1.17000,49.73204,0
1505559677,21568141,1.17000,518.58098,0
1505559676,21568137,1.17000,139.47696,0
1505559676,21568128,1.17000,729.70080,0
1505559675,21568124,1.17000,3.31920,0
1505559667,21568094,1.17000,413.37000,0
1505559666,21568092,1.17000,226.31080,0
1505559666,21568088,1.17000,1014.88866,0
1505559665,21568084,1.17000,469.18648,0
1505559665,21568082,1.17000,222.85206,0
1505559665,21568079,1.17000,644.19479,0
1505559664,21568073,1.17000,641.18000,0
1505559664,21568070,1.17000,2202.30000,0
1505559663,21568068,1.17000,155.67000,0
1505559663,21568067,1.17000,65.52000,0
1505559662,21568063,1.17000,46.79132,0
1505559662,21568056,1.17000,354.50535,0
1505559661,21568053,1.17000,1239.85542,0
1505559660,21568049,1.17000,47.47000,0
1505559659,21568043,1.17000,168.63652,0
1505559659,21568040,1.17000,57.52000,0
1505559658,21568036,1.17000,716.68997,0
1505559657,21568032,1.17000,961.32795,0
1505559657,21568028,1.17000,190.67197,0
1505559657,21568026,1.17000,252.76309,0
1505559656,21568024,1.17000,5.15992,0
1505559655,21568018,1.17000,465.51887,0
1505559654,21568010,1.17000,576.01609,0
1505559654,21568004,1.17000,158.54391,0
1505559653,21568002,1.17000,735.52879,0
1505559649,21567998,1.17000,311.19000,0
1505559648,21567996,1.17000,182.01366,0
1505559647,21567993,1.17000,2434.26634,0
1505559647,21567992,1.17000,279.40000,0
1505559645,21567986,1.17000,231.29332,0
1505559645,21567984,1.17000,1175.24347,0
1505559641,21567975,1.17000,357.72397,0
1505559636,21567963,1.17000,646.42055,0
1505559636,21567962,1.17000,124.85294,0
1505559634,21567957,1.17000,226.98242,0
1505559634,21567954,1.17000,2.05973,0
1505559633,21567952,1.17000,259.64807,0
1505559633,21567946,1.17000,276.34188,0
1505559633,21567943,1.17000,229.77082,0
1505559631,21567935,1.17000,73.99364,0
1505559630,21567932,1.17000,84.63891,0
1505559630,21567930,1.17000,100.64391,0
1505559629,21567925,1.17000,369.71779,0
1505559628,21567923,1.17000,46.90748,0
1505559628,21567918,1.17000,218.62545,0
1505559627,21567916,1.17000,45.39772,0
1505559627,21567915,1.17000,229.83280,0
1505559626,21567912,1.17000,765.08148,0
1505559626,21567907,1.17000,297.86986,0
1505559625,21567906,1.17000,205.45766,0
1505559625,21567904,1.17000,354.00901,0
1505559624,21567901,1.17000,260.71841,0
1505559624,21567899,1.17000,86.55921,0
1505559623,21567896,1.17000,275.60176,0
1505559623,21567890,1.17000,419.52941,0
1505559622,21567887,1.17000,495.39000,0
1505559622,21567886,1.17000,153.93898,0
1505559621,21567883,1.17000,107.26023,0
1505559621,21567880,1.17000,939.78399,0
1505559620,21567879,1.17000,1338.32000,0
1505559620,21567877,1.17000,46.25120,0
1505559619,21567872,1.17000,100.52059,0
1505559619,21567869,1.17000,46.73084,0
1505559618,21567862,1.17000,43.59174,0
1505559617,21567858,1.17000,207.71850,0
1505559617,21567855,1.17000,28.27358,0
1505559616,21567850,1.17000,99.94521,0
1505559615,21567847,1.17000,517.39825,0
1505559614,21567839,1.17000,218.96469,0
1505559613,21567836,1.17000,259.28540,0
1505559613,21567834,1.17000,36.37489,0
1505559612,21567831,1.17000,1109.41435,0
1505559612,21567830,1.17000,19.48112,0
1505559611,21567828,1.17000,456.63511,0
1505559611,21567827,1.17000,300.00000,0
1505559611,21567826,1.17000,539.08164,0
1505559610,21567824,1.17000,7.09213,0
1505559597,21567783,1.17000,87.73786,0
1505559597,21567781,1.17000,253.64214,0
1505559595,21567777,1.17000,1149.18000,0
1505559595,21567775,1.17000,660.02000,0
1505559561,21567732,1.17000,948.95000,0
1505559546,21567673,1.17000,106.26731,0
1505559543,21567655,1.17000,108.31623,0
1505559542,21567651,1.17000,153.58973,0
1505559522,21567491,1.17000,108.23930,0
1505559519,21567478,1.17000,108.21366,0
1505559510,21567428,1.17000,94.83162,0
1505559507,21567416,1.17000,53.44701,0
1505559503,21567403,1.17000,14.59988,0
1505559489,21567359,1.17000,157.34328,0
1505559479,21567326,1.17000,128.05759,0
1505559478,21567320,1.17000,261.17000,0
1505559477,21567315,1.17000,177.17824,0
1505559476,21567308,1.17000,41.23930,0
1505559476,21567306,1.17000,42.28683,0
1505559474,21567303,1.17000,87.10417,0
1505559474,21567299,1.17000,43.82050,0
1505559472,21567296,1.17000,368.65031,0
1505559472,21567293,1.17000,11.50138,0
1505559471,21567289,1.17000,32.29348,0
1505559470,21567283,1.17000,17.20626,0
1505559467,21567275,1.17000,355.82101,0
1505559467,21567266,1.17000,100.63261,0
1505559466,21567263,1.17000,309.28675,0
1505559465,21567251,1.17000,91.38225,0
1505559458,21567233,1.17000,19.44743,0
1505559457,21567230,1.17000,1384.61514,0
1505559444,21567194,1.17000,60.26683,0
1505559440,21567178,1.17000,108.86566,0
1505559436,21567158,1.17000,128.44040,0
1505559435,21567152,1.17000,6.20915,0
1505559432,21567137,1.17000,100.24572,0
1505559407,21567086,1.17000,58.33255,0
1505559407,21567084,1.17000,58.14000,0
1505559384,21567031,1.17000,94.55195,0
1505559377,21567015,1.17000,77.09901,0
1505559377,21567012,1.17000,73.91452,0
1505559374,21566989,1.17000,94.19560,0
1505559364,21566966,1.17000,205.84992,0
1505559357,21566956,1.17000,73.89742,0
1505559348,21566947,1.17000,64.91452,0
1505559337,21566930,1.17000,133.67166,0
1505559336,21566927,1.17000,45.46359,0
1505559336,21566926,1.17000,8.38641,0
1505559335,21566924,1.17000,30.89349,0
1505559335,21566921,1.17000,43.90543,0
1505559333,21566915,1.17000,50.98547,0
1505559333,21566912,1.17000,163.51809,0
1505559324,21566901,1.17000,79.71000,0
1505559320,21566887,1.16999,1561.72992,0
1505559319,21566886,1.16999,298.13314,0
1505559315,21566876,1.16999,1399.96388,0
1505559290,21566816,1.16999,270.39088,0
1505559288,21566814,1.16999,270.02476,0
1505559287,21566801,1.16999,219.05338,0
1505559285,21566786,1.16999,99.11414,0
1505559285,21566780,1.16997,2889.36307,1
1505559284,21566768,1.16999,100.65042,0
1505559284,21566766,1.16999,256.41245,0
1505559283,21566764,1.16998,77.97000,1
1505559281,21566749,1.16997,51.04277,0
1505559280,21566732,1.16998,273.95401,0
1505559266,21566706,1.16999,98.44788,0
1505559265,21566701,1.16998,1402.31290,0
1505559265,21566698,1.16999,305.68204,0
1505559264,21566694,1.16999,100.24629,0
1505559263,21566686,1.16998,153.50000,1
1505559261,21566676,1.16998,74.03010,0
1505558963,21566024,1.16998,103.82286,0
1505558960,21566020,1.16998,159.94967,1
1505558960,21566019,1.16998,98.78535,1
1505558959,21566011,1.16998,101.38315,0
1505558864,21565729,1.16501,29.84450,1
1505558862,21565722,1.16501,3236.42494,0
1505558861,21565718,1.16998,40.56075,0
1505558861,21565717,1.16998,154.10976,0
1505558861,21565712,1.16501,132.18064,1
1505558859,21565696,1.16998,49.69230,0
1505558847,21565635,1.16501,88.95999,1
1505558833,21565571,1.16501,131.89587,1
1505558814,21565523,1.16500,238.78714,1
1505558812,21565515,1.16501,1229.65470,0
1505558810,21565509,1.16501,538.48935,1
1505558769,21565433,1.16999,525.15082,0
1505558738,21565358,1.17000,1051.78658,0
1505558733,21565347,1.17000,1398.04497,0
1505558729,21565339,1.17000,1397.44065,0
1505558726,21565334,1.17000,1257.10239,0
1505558724,21565333,1.17000,140.36428,0
1505558724,21565332,1.17000,64.35194,0
1505558723,21565331,1.17000,86.45627,0
1505558723,21565330,1.17000,235.89741,0
1505558722,21565328,1.17000,86.21069,0
1505558722,21565325,1.17000,628.93085,0
1505558721,21565322,1.17000,154.13077,0
1505558719,21565317,1.17000,1392.04403,0
1505558719,21565316,1.16999,3.73647,0
1505558714,21565293,1.16999,956.05222,0
1505558710,21565282,1.16999,1394.81711,0
1505558668,21565234,1.16999,212.72362,0
1505558635,21565121,1.16998,1140.72339,0
1505558634,21565119,1.16998,1291.82000,0
1505558631,21565113,1.16501,90.63772,1
1505558630,21565100,1.16998,208.45227,0
1505558627,21565075,1.16998,306.27466,0
1505558617,21565054,1.16501,501.47418,1
1505558617,21565048,1.16500,925.60933,1
1505558615,21565037,1.16501,391.11078,1
1505558596,21565014,1.16501,300.02318,1
1505558554,21564945,1.16501,307.74111,1
1505558460,21564749,1.16501,1355.28337,1
1505558406,21564705,1.16999,389.13194,0
1505558386,21564674,1.16999,503.78111,0
1505558385,21564667,1.16999,267.30492,0
1505558369,21564646,1.16999,1272.45261,0
1505558302,21564575,1.16999,32.11643,1
1505558302,21564571,1.16999,24.22800,1
1505558300,21564566,1.16999,31.87207,1
1505558300,21564561,1.16999,98.93265,1
1505558298,21564516,1.16999,76.67322,1
1505558293,21564502,1.16999,30.73414,1
1505558239,21564432,1.16999,44.92642,1
1505558200,21564377,1.17000,228.10871,0
1505558200,21564373,1.17000,935.14204,0
1505558198,21564369,1.17000,266.77950,0
1505558196,21564367,1.17000,267.57639,0
1505558195,21564364,1.17000,296.60269,0
1505558194,21564361,1.17000,797.24580,0
1505558190,21564353,1.17000,313.55539,0
1505558189,21564350,1.17000,266.52111,0
1505558189,21564349,1.17000,350.86035,0
1505558188,21564344,1.17000,1281.53504,0
1505558187,21564335,1.17000,528.94730,0
1505558186,21564331,1.17000,4.95624,0
1505558185,21564329,1.17000,298.45232,0
1505558181,21564317,1.17000,5.95483,0
1505558181,21564310,1.17000,135.88470,0
1505558180,21564308,1.17000,92.43777,0
1505558180,21564305,1.17000,76.97557,0
1505558178,21564293,1.17000,233.20313,0
1505558178,21564291,1.17000,303.22497,0
1505558177,21564287,1.17000,29.39263,0
1505558177,21564286,1.17000,27.84953,0
1505558176,21564279,1.17000,64.61803,0
1505558176,21564277,1.17000,91.77244,0
1505558176,21564275,1.17000,55.74506,0
1505558175,21564272,1.17000,129.95496,0
1505558175,21564270,1.17000,178.43477,0
1505558174,21564268,1.17000,339.16798,0
1505558174,21564265,1.17000,18.18790,0
1505558169,21564248,1.17000,22.56150,0
1505558169,21564247,1.17000,55.56898,0
1505558169,21564243,1.17000,175.33269,0
1505558168,21564240,1.17000,86.20283,0
1505558168,21564236,1.17000,191.35408,0
1505558167,21564233,1.16999,81.71053,1
1505558167,21564231,1.17000,31.35492,0
1505558167,21564230,1.17000,15.21265,0
1505558166,21564228,1.17000,275.66501,0
1505558166,21564227,1.17000,55.55602,0
1505558165,21564221,1.17000,100.28279,0
1505558165,21564218,1.17000,22.72418,0
1505558160,21564205,1.17000,148.36118,0
1505558156,21564182,1.17000,330.87000,0
1505558156,21564181,1.17000,331.92333,0
1505558155,21564178,1.17000,498.90165,0
1505558155,21564175,1.17000,202.89481,0
1505558154,21564166,1.17000,36.82000,0
1505558154,21564163,1.17000,92.48832,0
1505558153,21564159,1.17000,132.70563,0
1505558153,21564157,1.17000,22.04557,0
1505558152,21564156,1.17000,275.88249,0
1505558152,21564154,1.17000,87.81809,0
1505558146,21564138,1.17000,91.63367,0
1505558146,21564134,1.17000,142.15242,0
1505558146,21564133,1.17000,57.50772,0
1505558139,21564118,1.17000,594.29072,0
1505558139,21564117,1.17000,2186.66507,0
1505558138,21564116,1.17000,131.48498,0
1505558138,21564114,1.17000,23.40563,0
1505558138,21564113,1.17000,152.99946,0
1505558137,21564111,1.17000,64.02000,0
1505558137,21564110,1.17000,414.07147,0
1505558136,21564108,1.17000,16.15599,0
1505558136,21564106,1.17000,306.92949,0
1505558136,21564105,1.17000,64.36000,0
1505558135,21564102,1.17000,1583.40064,0
1505558135,21564101,1.16998,2831.88254,0
1505558135,21564100,1.16997,274.13184,0
1505558135,21564099,1.16997,147.40103,0
1505558133,21564082,1.16997,466.16037,0
1505558127,21564059,1.16988,698.13788,1
1505558124,21564050,1.16988,424.47212,0
1505558124,21564048,1.16988,153.43303,0
1505558124,21564043,1.16988,13.82071,0
1505558123,21564038,1.16988,542.48792,0
1505558123,21564034,1.16988,136.55941,0
1505558121,21564023,1.16988,577.05889,1
1505558117,21564000,1.16992,1141.09681,1
1505558111,21563979,1.17000,146.77085,0
1505558108,21563966,1.17000,256.41026,0
1505558107,21563957,1.17000,493.03073,0
1505558103,21563935,1.17000,108.89010,0
1505558102,21563930,1.17000,152.78547,0
1505558101,21563926,1.17000,152.78547,0
1505558101,21563925,1.17000,152.78547,0
1505558100,21563924,1.17000,152.78547,0
1505558100,21563921,1.17000,64.36000,0
1505558100,21563920,1.17000,152.78547,0
1505558099,21563918,1.17000,166.52255,0
1505558087,21563895,1.17000,154.02786,0
1505558077,21563876,1.17000,65.72052,0
1505558077,21563873,1.17000,184.19000,0
1505558076,21563870,1.17000,148.40974,0
1505558067,21563837,1.17000,132.49220,0
1505558065,21563831,1.17000,262.25552,0
1505558056,21563770,1.17000,103.48668,0
1505558056,21563767,1.17000,1217.34931,0
1505558055,21563766,1.17000,86.27328,0
1505558055,21563762,1.17000,405.54927,0
1505558055,21563760,1.17000,131.48000,0
1505558054,21563758,1.17000,78.65445,0
1505558054,21563754,1.17000,64.67000,0
1505558053,21563750,1.17000,245.21318,0
1505558053,21563746,1.17000,138.23615,0
1505558053,21563740,1.17000,302.88768,0
1505558045,21563698,1.16990,125.22408,0
1505558043,21563687,1.16990,4227.94860,0
1505558043,21563685,1.16990,488.35368,0
1505558042,21563681,1.16988,998.48958,0
1505558037,21563653,1.16988,455.24501,0
1505558034,21563630,1.16988,541.45468,0
1505558034,21563626,1.16988,887.80000,0
1505557999,21563424,1.16501,200.75067,1
1505557996,21563410,1.16501,70.30999,1
1505557994,21563391,1.16501,1087.97875,1
1505557911,21563076,1.16501,178.84979,1
1505557909,21563064,1.16501,218.72271,1
1505557885,21562967,1.16501,36.31729,0
1505557884,21562960,1.16501,59.27999,1
1505557870,21562921,1.16501,138.32363,1
1505557866,21562899,1.16988,52.58698,0
1505557858,21562866,1.16986,129.63731,0
1505557753,21562683,1.16501,253.72315,1
1505557749,21562677,1.16502,326.91786,1
1505557747,21562673,1.16501,217.63560,1
1505557747,21562671,1.16983,214.02721,0
1505557744,21562662,1.16501,217.62998,0
1505557743,21562653,1.16501,266.72466,1
1505557732,21562635,1.16501,562.05999,1
1505557732,21562632,1.16501,790.60573,1
1505557724,21562619,1.16500,166.02644,1
1505557723,21562615,1.16501,82.73820,1
1505557719,21562610,1.16501,1105.94020,1
1505557713,21562601,1.16501,73.89412,1
1505557708,21562586,1.16600,4840.27653,1
1505557707,21562580,1.16600,542.83045,1
1505557705,21562575,1.16600,1104.15999,1
1505557705,21562571,1.16600,390.16554,1
1505557703,21562563,1.16600,1101.91998,1
1505557702,21562557,1.16600,1099.67999,1
1505557700,21562550,1.16600,411.85756,1
1505557680,21562510,1.16600,165.35163,1
1505557669,21562494,1.16600,261.60378,1
1505557613,21562427,1.16600,82.15455,1
1505557598,21562401,1.16990,158.47364,0
1505557491,21562158,1.17000,81.66379,0
1505557489,21562154,1.17000,412.40060,0
1505557480,21562137,1.17000,99.60939,0
1505557437,21562087,1.16635,6.98368,1
1505557435,21562082,1.16601,86.21985,0
1505557396,21561983,1.16601,74.75757,1
1505557396,21561981,1.16601,121.34320,1
1505557310,21561767,1.17000,34.69892,0
1505557307,21561757,1.17000,132.17200,0
1505557299,21561723,1.17000,126.83406,0
1505557298,21561721,1.17000,117.55352,0
1505557297,21561718,1.17000,13.84648,0
1505557297,21561716,1.17000,136.90861,0
1505557287,21561690,1.16894,255.47760,0
1505557286,21561689,1.16894,579.73621,0
1505557285,21561687,1.16601,100.00000,1
1505557252,21561587,1.16894,392.12819,0
1505557241,21561560,1.16894,117.46539,0
1505557236,21561550,1.16894,131.04179,0
1505557231,21561535,1.16894,106.60085,0
1505557229,21561529,1.16894,131.58930,0
1505557228,21561526,1.16894,46.29466,0
1505557225,21561518,1.16894,1006.55666,0
1505557207,21561484,1.16894,109.69334,0
1505557206,21561482,1.16894,34.15000,0
1505557188,21561438,1.16894,1089.26601,0
1505557146,21561324,1.16750,550.74846,1
1505557138,21561300,1.16750,513.86208,1
1505557133,21561289,1.16750,69.83028,0
1505557133,21561287,1.16750,16.74620,0
1505557132,21561285,1.16750,86.50127,0
1505557132,21561282,1.16750,108.86849,0
1505557131,21561280,1.16750,27.53350,0
1505557131,21561279,1.16750,85.77112,0
1505557131,21561278,1.16750,57.82006,0
1505557130,21561277,1.16750,82.94270,0
1505557130,21561275,1.16750,25.32924,0
1505557129,21561274,1.16750,103.47035,0
1505557129,21561273,1.16750,118.62830,0
1505557128,21561272,1.16750,18.09415,0
1505557128,21561270,1.16750,89.45558,0
1505557127,21561266,1.16750,7153.63592,0
1505557127,21561265,1.16750,28.28511,0
1505557126,21561262,1.16750,138.27238,0
1505557126,21561259,1.16750,84.84762,0
1505557126,21561257,1.16750,777.63024,0
1505557125,21561254,1.16750,393.76429,0
1505557125,21561251,1.16750,1389.57222,0
1505557124,21561248,1.16750,222.66000,0
1505557124,21561245,1.16750,12.78037,0
1505557123,21561244,1.16750,126.77162,0
1505557123,21561242,1.16750,82.98496,0
1505557122,21561240,1.16750,264.88531,0
1505557122,21561239,1.16750,4268.16401,0
1505557122,21561237,1.16750,55.29000,0
1505557121,21561235,1.16750,27.70000,0
1505557121,21561233,1.16750,169.95151,0
1505557120,21561230,1.16750,124.30464,0
1505557120,21561229,1.16750,27.28000,0
1505557119,21561227,1.16750,268.13357,0
1505557119,21561225,1.16750,93.00733,0
1505557118,21561224,1.16750,268.13357,0
1505557118,21561221,1.16750,189.59306,0
1505557117,21561220,1.16750,520.98831,0
1505557117,21561219,1.16750,592.57936,0
1505557117,21561218,1.16750,273.23884,0
1505557116,21561213,1.16750,369.20498,0
1505557116,21561211,1.16750,62.79776,0
1505557115,21561208,1.16750,93.65835,0
1505557115,21561207,1.16750,86.58400,0
1505557114,21561206,1.16750,72.78392,0
1505557114,21561205,1.16750,370.31000,0
1505557114,21561204,1.16750,83.84797,0
1505557113,21561203,1.16750,237.35267,0
1505557113,21561201,1.16750,86.58400,0
1505557112,21561200,1.16750,233.92188,0
1505557112,21561198,1.16750,244.68299,0
1505557111,21561196,1.16750,62.71000,0
1505557111,21561193,1.16750,709.04291,0
1505557110,21561190,1.16750,216.48000,0
1505557110,21561189,1.16750,285.58902,0
1505557109,21561188,1.16750,62.71000,0
1505557109,21561186,1.16750,273.14477,0
1505557108,21561185,1.16750,645.57798,0
1505557108,21561184,1.16750,317.60929,0
1505557108,21561182,1.16750,1499.32167,0
1505557107,21561181,1.16750,275.81295,0
1505557107,21561180,1.16750,86.40428,0
1505557106,21561179,1.16750,260.00000,0
1505557106,21561177,1.16750,229.44563,0
1505557105,21561175,1.16750,239.00402,0
1505557105,21561174,1.16750,111.44869,0
1505557104,21561172,1.16750,229.51603,0
1505557101,21561169,1.16700,152.89500,1
1505557098,21561161,1.16700,152.89500,1
1505557096,21561156,1.16700,152.92999,1
1505557096,21561152,1.16700,38.69942,1
1505557094,21561144,1.16700,4000.00000,0
1505557094,21561142,1.16698,460.00000,0
1505557093,21561140,1.16695,1290.00000,0
1505557093,21561139,1.16694,1673.53052,0
1505557093,21561137,1.16693,44.71156,0
1505557080,21561067,1.16250,69.83028,1
1505557079,21561062,1.16250,16.74620,1
1505557075,21561049,1.16250,86.50127,1
1505557074,21561042,1.16250,108.86849,1
1505557000,21560858,1.16250,27.53350,1
1505556979,21560773,1.16693,75.85717,0
1505556978,21560766,1.16694,88.67435,0
1505556952,21560652,1.16250,85.77112,1
1505556946,21560626,1.16250,57.82006,1
1505556937,21560577,1.16250,82.94270,1
1505556936,21560570,1.16250,25.32924,1
1505556930,21560520,1.16250,103.47035,1
1505556929,21560512,1.16250,118.62830,1
1505556927,21560488,1.16250,18.09415,1
1505556925,21560476,1.16250,89.45558,1
1505556924,21560474,1.16500,0.37500,1
1505556915,21560428,1.16500,74.62500,1
1505556882,21560360,1.16694,258.11899,0
1505556882,21560359,1.16688,0.17660,0
1505556881,21560357,1.16690,51.11833,1
1505556881,21560356,1.16693,2.98198,1
1505556873,21560345,1.16694,61.41034,0
1505556868,21560334,1.16694,785.99025,0
1505556853,21560248,1.16693,40.44802,1
1505556848,21560240,1.16694,92.10412,0
1505556842,21560224,1.16694,70.09001,0
1505556842,21560221,1.16694,105.39479,0
1505556836,21560206,1.16694,80.07224,0
1505556833,21560189,1.16694,42.76580,0
1505556832,21560182,1.16694,741.84859,0
1505556832,21560181,1.16693,6302.88330,0
1505556829,21560165,1.16693,36.86596,0
1505556771,21560027,1.16693,61.62000,0
1505556768,21560023,1.16689,139.43696,0
1505556766,21560014,1.16693,125.94745,0
1505556719,21559868,1.16500,246.93822,0
1505556719,21559866,1.16500,593.84610,0
1505556717,21559849,1.16500,189.03368,0
1505556714,21559833,1.16250,1756.74443,0
1505556714,21559830,1.16248,1391.25751,0
1505556714,21559828,1.16146,1224.69986,0
1505556687,21559749,1.16000,563.81820,1
1505556686,21559745,1.16100,0.97780,1
1505556668,21559686,1.16100,43.41822,1
1505556649,21559608,1.16100,86.56205,1
1505556648,21559602,1.16100,226.78193,1
1505556629,21559523,1.16146,87.40000,0
1505556628,21559522,1.16146,79.32774,0
1505556616,21559481,1.16000,740.23640,1
1505556611,21559467,1.16000,80.96594,1
1505556604,21559443,1.16000,86.73350,1
1505556592,21559357,1.16000,265.21351,1
1505556578,21559299,1.16000,2932.54311,1
1505556576,21559288,1.16000,83.46552,1
1505556568,21559266,1.16000,1394.39502,1
1505556561,21559235,1.16000,133.33585,1
1505556556,21559222,1.16000,1049.31520,1
1505556539,21559189,1.16000,1394.03453,1
1505556521,21559153,1.16000,195.32759,1
1505556517,21559146,1.16000,1393.77277,1
1505556517,21559144,1.16000,2455.68318,1
1505556516,21559143,1.16000,0.02081,1
1505556516,21559142,1.16000,474.74358,1
1505556516,21559140,1.16000,5.12000,1
1505556515,21559139,1.16000,225.54815,1
1505556515,21559137,1.16000,225.99389,1
1505556515,21559133,1.16000,68.57357,1
1505556514,21559130,1.16000,298.14441,1
1505556507,21559108,1.16000,2.85559,1
1505556507,21559107,1.16001,807.28853,1
1505556505,21559096,1.16001,3751.70904,1
1505556496,21559070,1.16001,125.75147,1
1505556491,21559059,1.16001,315.25096,1
1505556487,21559047,1.16011,90.52000,1
1505556487,21559046,1.16022,9.52000,1
1505556480,21559020,1.16148,1564.99041,1
1505556480,21559016,1.16148,238.06846,1
1505556475,21559004,1.16148,1196.94113,1
1505556475,21559003,1.16170,6.88646,1
1505556475,21559002,1.16200,2218.95054,1
1505556474,21558999,1.16200,1391.67931,1
1505556470,21558973,1.16200,389.19289,1
1505556468,21558962,1.16200,0.17726,1
1505556468,21558961,1.16201,85.20000,1
1505556464,21558942,1.16220,489.64111,1
1505556463,21558940,1.16220,292.22360,1
1505556463,21558939,1.16220,88.51096,1
1505556463,21558937,1.16220,61.65000,1
1505556463,21558935,1.16220,67.97433,1
1505556462,21558933,1.16242,365.91674,1
1505556462,21558930,1.16242,634.08326,1
1505556462,21558929,1.16250,7153.63592,1
1505556457,21558904,1.16250,28.28511,1
1505556455,21558891,1.16250,138.27238,1
1505556454,21558886,1.16250,84.84762,1
1505556453,21558877,1.16250,777.63024,1
1505556450,21558859,1.16250,393.76429,1
1505556447,21558852,1.16250,1389.57222,1
1505556443,21558838,1.16250,222.66000,1
1505556440,21558833,1.16250,12.78037,1
1505556439,21558832,1.16250,126.77162,1
1505556438,21558831,1.16250,82.98496,1
1505556431,21558820,1.16250,264.88531,1
1505556378,21558692,1.16250,4268.16401,1
1505556359,21558623,1.16500,199.90196,0
1505556359,21558622,1.16500,132.24833,0
1505556359,21558621,1.16500,306.21004,0
1505556359,21558619,1.16500,642.99997,0
1505556359,21558618,1.16500,62.78000,0
1505556348,21558568,1.16250,55.29000,1
1505556347,21558564,1.16250,27.70000,1
1505556346,21558558,1.16250,169.95151,1
1505556345,21558553,1.16250,124.30464,1
1505556339,21558527,1.16250,27.28000,1
1505556338,21558521,1.16250,268.13357,1
1505556337,21558507,1.16250,93.00733,1
1505556335,21558495,1.16250,268.13357,1
1505556333,21558479,1.16250,189.59306,1
1505556331,21558466,1.16250,520.98831,1
1505556327,21558441,1.16250,592.57936,1
1505556326,21558436,1.16499,2.15413,1
1505556326,21558431,1.16498,129.88198,0
1505556326,21558429,1.16497,0.10611,0
1505556323,21558406,1.16250,273.23884,1
1505556322,21558400,1.16497,132.14222,0
1505556317,21558379,1.16333,350.30312,0
1505556314,21558349,1.16250,369.20498,1
1505556313,21558344,1.16250,62.79776,1
1505556312,21558340,1.16250,93.65835,1
1505556311,21558338,1.16250,86.58400,1
1505556310,21558333,1.16250,72.78392,1
1505556309,21558325,1.16250,370.31000,1
1505556309,21558322,1.16250,83.84797,1
1505556304,21558295,1.16250,237.35267,1
1505556300,21558286,1.16250,86.58400,1
1505556299,21558282,1.16250,233.92188,1
1505556298,21558278,1.16250,244.68299,1
1505556297,21558274,1.16250,62.71000,1
1505556296,21558267,1.16250,709.04291,1
1505556294,21558252,1.16250,216.48000,1
1505556294,21558250,1.16250,285.58902,1
1505556292,21558241,1.16250,62.71000,1
1505556285,21558225,1.16250,273.14477,1
1505556279,21558208,1.16250,645.57798,1
1505556278,21558203,1.16250,317.60929,1
1505556278,21558199,1.16250,1499.32167,1
1505556277,21558195,1.16250,275.81295,1
1505556276,21558191,1.16250,86.40428,1
1505556275,21558183,1.16250,260.00000,1
1505556271,21558166,1.16250,229.44563,1
1505556261,21558125,1.16250,239.00402,1
1505556258,21558091,1.16250,111.44869,1
1505556257,21558081,1.16252,899.75954,0
1505556257,21558079,1.16250,229.51603,1
1505556256,21558070,1.16251,132.45886,0
1505556253,21558055,1.16251,241.57726,1
1505556252,21558038,1.16322,9.54247,1
1505556249,21558025,1.16333,184.36930,1
1505556248,21558017,1.16333,83.52859,1
1505556248,21558015,1.16333,187.47232,1
1505556244,21557984,1.16333,544.62979,1
1505556243,21557981,1.16337,438.19893,1
1505556243,21557980,1.16350,6.87581,1
1505556239,21557947,1.16500,1777.92829,1
1505556238,21557941,1.16500,942.93999,1
1505556236,21557935,1.16500,23.82555,1
1505556235,21557929,1.16500,941.31000,1
1505556235,21557925,1.16500,131.75966,1
1505556232,21557916,1.16500,4789.96513,1
1505556231,21557911,1.16500,1050.01244,1
1505556229,21557888,1.16500,231.43232,1
1505556227,21557875,1.16500,49.73204,1
1505556226,21557861,1.16500,1387.75874,1
1505556225,21557852,1.16500,643.00000,1
1505556224,21557850,1.16500,1484.07514,1
1505556223,21557847,1.16500,222.85206,1
1505556223,21557839,1.16500,644.19479,1
1505556221,21557827,1.16500,641.18000,1
1505556220,21557810,1.16500,2202.30000,1
1505556219,21557806,1.16500,155.67000,1
1505556218,21557801,1.16500,65.52000,1
1505556217,21557793,1.16500,46.79132,1
1505556217,21557786,1.16500,3546.00521,1
1505556215,21557776,1.16500,190.67197,1
1505556214,21557770,1.16500,1299.45797,1
1505556213,21557767,1.16500,1387.27636,1
1505556212,21557753,1.16500,2944.95966,1
1505556212,21557747,1.16500,2179.38799,1
1505556211,21557736,1.16500,353.89509,1
1505556210,21557731,1.16500,259.64807,1
1505556210,21557729,1.16500,276.34188,1
1505556209,21557717,1.16500,2164.61000,1
1505556207,21557703,1.16500,297.86986,1
1505556207,21557700,1.16500,205.45766,1
1505556204,21557674,1.16500,354.00901,1
1505556201,21557648,1.16500,260.71841,1
1505556200,21557638,1.16500,86.55921,1
1505556200,21557635,1.16500,275.60176,1
1505556199,21557630,1.16500,419.52941,1
1505556196,21557614,1.16500,495.39000,1
1505556185,21557542,1.16500,153.93898,1
1505556182,21557519,1.16500,107.26023,1
1505556181,21557510,1.16500,939.78399,1
1505556179,21557506,1.16500,1338.32000,1
1505556179,21557503,1.16500,1568.68000,1
1505556177,21557494,1.16500,36.37489,1
1505556175,21557488,1.16500,1128.89547,1
1505556174,21557486,1.16500,456.63511,1
1505556168,21557461,1.16500,300.00000,1
1505556164,21557451,1.16500,539.08164,1
1505556161,21557435,1.16500,94.82999,1
1505556161,21557431,1.16500,3596.41837,1
1505556159,21557423,1.16500,94.83162,1
1505556159,21557419,1.16500,1386.39849,1
1505556145,21557382,1.16500,926.06979,1
1505556137,21557353,1.16500,1384.61514,1
1505556134,21557351,1.16500,1384.05850,1
1505556117,21557315,1.16500,39.27990,1
1505556117,21557305,1.16500,94.89090,1
1505556114,21557241,1.16501,54.04219,1
1505556103,21557212,1.16501,80.00000,1
1505556093,21557192,1.16501,366.26282,1
1505556093,21557191,1.16501,68.96705,1
1505556092,21557190,1.16532,13.19117,1
1505556080,21557153,1.16532,11.04319,1
1505556078,21557149,1.16532,40.74603,1
1505556077,21557145,1.16515,87.33930,1
1505556073,21557134,1.16532,131.77688,0
1505556051,21557066,1.16515,22.04999,1
1505556045,21557054,1.16515,43.85975,1
1505556039,21557035,1.16515,98.31568,1
1505556039,21557032,1.16515,45.80559,1
1505556033,21557015,1.16515,19.89013,1
1505556013,21556959,1.16531,72.82000,1
1505556013,21556957,1.16531,100.30926,1
1505555923,21556739,1.16998,580.07000,0
1505555920,21556732,1.16998,76.28946,0
1505555843,21556575,1.16750,149.10000,1
1505555839,21556552,1.16790,374.09449,1
1505555839,21556547,1.16990,144.51000,0
1505555834,21556517,1.16991,144.70512,0
1505555834,21556516,1.16998,74.89000,1
1505555832,21556511,1.16993,144.50000,0
1505555831,21556508,1.16994,93.38082,0
1505555706,21556253,1.16791,154.24614,1
1505555615,21556057,1.17000,107.69000,0
1505555596,21556026,1.17000,1.85668,0
1505555596,21556022,1.17000,125.84926,0
1505555595,21556019,1.17000,75.84180,0
1505555593,21556014,1.17000,62.26153,0
1505555592,21556012,1.17000,141.28621,0
1505555592,21556010,1.17000,110.59950,0
1505555591,21556007,1.17000,153.00000,0
1505555591,21556003,1.17000,91.79106,0
1505555585,21555984,1.17000,167.31521,0
1505555585,21555979,1.17000,162.77088,0
1505555584,21555977,1.17000,242.18116,0
1505555584,21555973,1.17000,638.17575,0
1505555583,21555970,1.17000,52.42316,0
1505555583,21555969,1.17000,185.60233,0
1505555582,21555967,1.17000,53.72298,0
1505555582,21555963,1.17000,151.13693,0
1505555579,21555952,1.17000,204.85991,0
1505555568,21555938,1.17000,245.49832,0
1505555567,21555937,1.17000,64.53609,0
1505555567,21555936,1.17000,39.85686,0
1505555566,21555935,1.17000,39.85686,0
1505555566,21555934,1.17000,0.11307,0
1505555556,21555921,1.17000,39.85686,0
1505555527,21555846,1.16900,271.64000,0
1505555527,21555845,1.16900,289.85000,0
1505555515,21555821,1.16899,86.52913,0
1505555514,21555818,1.16899,27.08081,0
1505555507,21555794,1.16900,3438.51000,0
1505555505,21555778,1.16897,386.73427,0
1505555505,21555777,1.16788,73.79728,0
1505555504,21555774,1.16788,289.14002,0
1505555503,21555772,1.16788,401.89377,0
1505555500,21555758,1.16788,584.05683,0
1505555500,21555756,1.16788,150.46972,0
1505555500,21555753,1.16788,301.37437,0
1505555499,21555751,1.16788,249.19682,0
1505555496,21555725,1.16515,44.03126,1
1505555494,21555709,1.16531,28.43689,0
1505555489,21555684,1.16513,257.48200,0
1505555487,21555675,1.16513,282.56234,0
1505555487,21555673,1.16511,78.19679,0
1505555485,21555668,1.16511,463.26341,0
1505555483,21555663,1.16511,315.77843,0
1505555481,21555648,1.16505,16.34411,0
1505555480,21555646,1.16505,265.58884,0
1505555480,21555645,1.16505,19.82916,0
1505555478,21555643,1.16511,19.82916,0
1505555477,21555635,1.16507,187.47054,1
1505555476,21555627,1.16511,52.27084,0
1505555475,21555626,1.16511,70.66137,0
1505555474,21555620,1.16505,162.36236,0
1505555473,21555617,1.16337,304.17821,1
1505555470,21555606,1.16505,32.85173,0
1505555469,21555600,1.16505,39.18982,0
1505555465,21555588,1.16505,510.61996,0
1505555465,21555585,1.16400,45.11082,1
1505555465,21555581,1.16402,151.90148,1
1505555464,21555577,1.16402,148.49770,1
1505555464,21555574,1.16505,98.16511,0
1505555464,21555569,1.16505,58.94253,0
1505555463,21555566,1.16505,41.31339,0
1505555460,21555551,1.16505,51.12661,0
1505555460,21555550,1.16505,3.80614,0
1505555459,21555545,1.16505,60.81386,0
1505555458,21555539,1.16450,20.59377,0
1505555454,21555514,1.16400,1298.36971,0
1505555454,21555512,1.16400,13.01002,0
1505555453,21555508,1.16400,486.43936,0
1505555453,21555503,1.16400,100.32526,0
1505555448,21555488,1.16400,150.72519,0
1505555442,21555469,1.16400,100.20073,0
1505555437,21555453,1.16337,364.23853,1
1505555436,21555444,1.16400,217.76985,0
1505555432,21555429,1.16400,46.28235,0
1505555432,21555424,1.16400,100.25283,0
1505555431,21555422,1.16400,12.70635,0
1505555431,21555420,1.16400,86.30260,0
1505555430,21555403,1.16337,391.33199,1
1505555427,21555381,1.16348,34.01965,0
1505555423,21555359,1.16348,484.44161,0
1505555419,21555344,1.16348,180.38612,0
1505555417,21555340,1.16346,58.78358,0
1505555417,21555339,1.16346,110.93197,0
1505555414,21555327,1.16346,14.08914,0
1505555413,21555319,1.16346,74.80141,0
1505555411,21555307,1.16346,498.77541,0
1505555406,21555267,1.16346,212.77595,0
1505555402,21555236,1.16337,246.18000,1
1505555400,21555215,1.16337,1743.69469,1
1505555399,21555213,1.16337,150.22327,1
1505555398,21555200,1.16337,86.46245,1
1505555395,21555173,1.16337,269.28958,1
1505555394,21555162,1.16337,749.01000,1
1505555394,21555160,1.16337,236.69795,1
1505555394,21555154,1.16337,7407.62407,1
1505555394,21555152,1.16337,259.42292,1
1505555393,21555149,1.16337,320.84391,1
1505555393,21555148,1.16337,152.89000,1
1505555392,21555144,1.16337,152.93000,1
1505555392,21555141,1.16337,268.70409,1
1505555391,21555126,1.16337,748.02544,1
1505555391,21555121,1.16337,1337.36456,1
1505555390,21555106,1.16337,157.94764,1
1505555389,21555099,1.16337,238.82222,1
1505555387,21555089,1.16337,268.09328,1
1505555384,21555070,1.16337,236.88934,1
1505555384,21555069,1.16337,267.51576,1
1505555381,21555045,1.16337,266.96487,1
1505555379,21555032,1.16337,133.61913,1
1505555379,21555027,1.16337,43.69774,1
1505555379,21555025,1.16337,266.42528,1
1505555374,21554983,1.16337,407.09497,1
1505555372,21554974,1.16337,265.91739,1
1505555370,21554952,1.16337,97.75103,1
1505555369,21554947,1.16337,991.42164,1
1505555369,21554944,1.16337,81.77966,1
1505555369,21554942,1.16337,75.24692,1
1505555369,21554938,1.16337,626.05392,1
1505555368,21554927,1.16337,265.48441,1
1505555366,21554890,1.16337,100.03461,1
1505555364,21554876,1.16337,54.92824,1
1505555364,21554872,1.16337,157.69990,1
1505555359,21554803,1.16337,264.84434,1
1505555358,21554792,1.16338,248.57853,1
1505555352,21554758,1.16337,180.97165,1
1505555347,21554740,1.16337,1975.93290,1
1505555337,21554705,1.16337,354.06567,1
1505555336,21554699,1.16337,83.25000,1
1505555332,21554679,1.16337,235.19964,1
1505555331,21554677,1.16337,123.60834,1
1505555330,21554663,1.16337,56.20599,1
1505555325,21554625,1.16348,948.29356,1
1505555325,21554620,1.16348,699.01834,1
1505555324,21554605,1.16348,256.32473,1
1505555323,21554589,1.16348,160.82833,1
1505555321,21554569,1.16348,452.55156,1
1505555319,21554554,1.16348,63.35412,1
1505555318,21554543,1.16350,1.95666,1
1505555317,21554537,1.16350,4.91915,1
1505555317,21554535,1.16350,384.45619,1
1505555316,21554522,1.16352,69.00656,1
1505555314,21554504,1.16352,25.19344,1
1505555314,21554503,1.16400,389.26643,1
1505555314,21554498,1.16400,2546.69162,1
1505555313,21554492,1.16400,346.10950,1
1505555313,21554486,1.16400,346.37964,1
1505555310,21554458,1.16400,371.55281,1
1505555309,21554456,1.16410,6.87226,1
1505555309,21554453,1.16430,6.87108,1
1505555309,21554452,1.16450,6.86990,1
1505555309,21554449,1.16470,6.86872,1
1505555309,21554448,1.16490,6.86754,1
1505555307,21554424,1.16500,207.03407,1
1505555306,21554422,1.16500,221.70291,1
1505555306,21554415,1.16500,61.24302,1
1505555305,21554410,1.16500,510.02000,1
1505555305,21554402,1.16500,5487.96696,1
1505555304,21554389,1.16500,64.35194,1
1505555303,21554377,1.16500,86.45627,1
1505555302,21554372,1.16500,235.89741,1
1505555302,21554362,1.16500,86.21069,1
1505555301,21554356,1.16500,628.93085,1
1505555300,21554341,1.16505,74.32555,0
1505555300,21554338,1.16505,107.72070,0
1505555300,21554335,1.16505,55.38930,0
1505555298,21554325,1.16500,7084.00536,1
1505555297,21554320,1.16505,22.82070,0
1505555297,21554319,1.16505,61.00930,0
1505555297,21554314,1.16500,440.29185,1
1505555296,21554310,1.16500,92.43777,1
1505555296,21554306,1.16500,310.17870,1
1505555295,21554297,1.16500,332.61760,1
1505555294,21554284,1.16500,27.84953,1
1505555293,21554279,1.16500,64.61803,1
1505555293,21554270,1.16500,91.77244,1
1505555291,21554255,1.16500,55.74506,1
1505555289,21554242,1.16500,129.95496,1
1505555288,21554234,1.16500,178.43477,1
1505555286,21554224,1.16500,339.16798,1
1505555286,21554217,1.16500,40.74940,1
1505555285,21554211,1.16500,55.56898,1
1505555285,21554206,1.16500,175.33269,1
1505555284,21554194,1.16500,86.20283,1
1505555283,21554185,1.16500,222.70900,1
1505555281,21554171,1.16500,15.21265,1
1505555279,21554156,1.16500,275.66501,1
1505555277,21554146,1.16500,55.55602,1
1505555277,21554143,1.16500,100.28279,1
1505555273,21554115,1.16500,1535.67515,1
1505555271,21554111,1.16500,36.82000,1
1505555269,21554098,1.16500,92.48832,1
1505555268,21554087,1.16500,132.70563,1
1505555266,21554076,1.16500,22.04557,1
1505555266,21554071,1.16500,275.88249,1
1505555264,21554064,1.16500,179.45176,1
1505555261,21554035,1.16500,142.15242,1
1505555250,21553941,1.16505,112.53764,0
1505555249,21553932,1.16505,74.55391,0
1505555241,21553885,1.16500,651.79844,1
1505555236,21553829,1.16500,2186.66507,1
1505555234,21553808,1.16500,131.48498,1
1505555234,21553807,1.16500,23.40563,1
1505555231,21553795,1.16500,152.99946,1
1505555229,21553786,1.16500,64.02000,1
1505555215,21553726,1.16500,414.07147,1
1505555210,21553717,1.16500,16.15599,1
1505555209,21553707,1.16500,306.92949,1
1505555206,21553691,1.16500,64.36000,1
1505555205,21553687,1.16500,2588.50258,1
1505555204,21553681,1.16500,152.78547,1
1505555199,21553662,1.16500,152.78547,1
1505555194,21553628,1.16500,152.78547,1
1505555189,21553615,1.16500,152.78547,1
1505555187,21553601,1.16500,64.36000,1
1505555183,21553580,1.16500,152.78547,1
1505555178,21553567,1.16500,1217.10507,1
1505555175,21553556,1.16500,1217.34931,1
1505555173,21553545,1.16500,86.27328,1
1505555172,21553538,1.16500,405.54927,1
1505555163,21553509,1.16500,131.48000,1
1505555162,21553504,1.16500,78.65445,1
1505555154,21553478,1.16500,64.67000,1
1505555144,21553418,1.16500,245.21318,1
1505555143,21553412,1.16500,138.23615,1
1505555140,21553393,1.16500,931.26038,1
1505555139,21553387,1.16500,132.17200,1
1505555138,21553381,1.16500,244.38758,1
1505555136,21553366,1.16500,13.84648,1
1505555135,21553362,1.16501,3.89606,1
1505555135,21553356,1.16501,86.19167,1
1505555134,21553346,1.16500,246.45529,1
1505555130,21553330,1.16500,125.84926,1
1505555129,21553325,1.16500,138.10333,1
1505555129,21553322,1.16500,251.88571,1
1505555127,21553312,1.16500,153.00000,1
1505555125,21553294,1.16500,259.10627,1
1505555124,21553288,1.16500,162.77088,1
1505555123,21553282,1.16500,242.18116,1
1505555123,21553276,1.16500,690.59891,1
1505555121,21553269,1.16501,99.55511,1
1505555119,21553259,1.16500,239.32531,1
1505555116,21553246,1.16500,601.49516,1
1505555115,21553241,1.16501,1.44540,1
1505555113,21553235,1.16501,108.57275,1
1505555107,21553217,1.16500,64.53609,1
1505555105,21553207,1.16500,39.85686,1
1505555100,21553177,1.16500,39.85686,1
1505555100,21553171,1.16500,0.11307,1
1505555099,21553169,1.16501,94.37561,1
1505555096,21553157,1.16501,27.20563,1
1505555095,21553141,1.16500,39.85686,1
