date,tid,price,amount,type
1505606242,21611464,0.01409000,122.83131866,0
1505606241,21611461,0.01408999,2.95918805,1
1505606240,21611460,0.01408999,15.81094435,0
1505605266,21611273,0.01402999,0.78083000,0
1505605261,21611270,0.01402999,0.78083000,0
1505605256,21611269,0.01402999,0.78083000,0
1505605247,21611265,0.01402999,0.78111000,0
1505605236,21611264,0.01401999,0.89146000,0
1505605183,21611254,0.01400040,1.41695952,1
1505605169,21611232,0.01402999,1.00000000,0
1505605153,21611225,0.01400040,1.00000000,1
1505605149,21611216,0.01400040,1.98284800,1
1505605123,21611206,0.01400888,0.37275242,1
1505605123,21611204,0.01401118,0.62724758,1
1505605052,21611161,0.01401203,5.47443876,1
1505605023,21611146,0.01403472,1.04752942,1
1505604752,21611070,0.01403472,5.48931200,1
1505604694,21611064,0.01403472,3.46315858,1
1505604694,21611063,0.01403473,3.00454942,1
1505604364,21610909,0.01414000,67.26946393,0
1505604362,21610908,0.01413994,31.49366254,0
1505604299,21610850,0.01408007,0.63764281,1
1505604276,21610822,0.01406327,5.67043260,0
1505604276,21610821,0.01406327,17.48500000,0
1505604276,21610820,0.01406327,46.43969400,0
1505604275,21610819,0.01406327,30.40487340,1
1505604180,21610801,0.01414000,35.27249717,0
1505603693,21610711,0.01410999,14.42962700,0
1505603581,21610630,0.01410000,68.37900000,0
1505603581,21610629,0.01409999,16.58697800,0
1505603372,21610556,0.01404110,0.27868350,1
1505601968,21610209,0.01412000,13.04269759,0
1505601080,21609864,0.01403954,0.81010564,1
1505600882,21609722,0.01415000,22.95633515,0
1505600866,21609700,0.01415999,1.53318800,0
1505599513,21608183,0.01415980,1.99317100,0
1505599252,21608058,0.01414967,1.65018776,0
1505599252,21608056,0.01414959,0.25000000,0
1505598675,21607800,0.01413932,0.98485924,0
1505598428,21607714,0.01413954,5.90260468,0
1505598428,21607713,0.01411998,0.25000000,0
1505598059,21607393,0.01404261,17.71857280,0
1505598058,21607391,0.01404261,2.28142720,1
1505597634,21607062,0.01403268,0.25000000,1
1505597462,21606925,0.01410958,1.51883684,0
1505597461,21606924,0.01402998,0.25000000,0
1505596998,21606797,0.01399999,0.78228000,0
1505596958,21606778,0.01398293,0.50000000,1
1505596958,21606776,0.01399000,0.50000000,1
1505596830,21606679,0.01398683,1.00000000,1
1505596830,21606677,0.01401996,0.78124000,1
1505596810,21606667,0.01399189,1.00000000,1
1505596804,21606666,0.01399688,0.37119000,0
1505596787,21606662,0.01401999,1.00000000,0
1505596716,21606626,0.01402180,1.00000000,1
1505596699,21606624,0.01402854,1.00000000,1
1505596675,21606617,0.01403214,1.00000000,1
1505596356,21606442,0.01410000,78.81130000,1
1505596346,21606397,0.01409999,55.17226950,0
1505596150,21606324,0.01407986,0.23208000,0
1505596144,21606322,0.01405010,22.72202900,1
1505596028,21606133,0.01414962,34.58250300,0
1505596027,21606131,0.01414962,35.65676542,0
1505595825,21605925,0.01409896,21.91328046,0
1505595825,21605924,0.01409893,26.79366254,0
1505595626,21605849,0.01406996,1.00000000,0
1505595587,21605832,0.01405996,1.00000000,0
1505595572,21605819,0.01405999,1.00000000,0
1505595566,21605813,0.01404999,0.73255000,0
1505595554,21605810,0.01404997,1.00000000,0
1505595540,21605805,0.01405998,1.00000000,0
1505595526,21605797,0.01406993,1.00000000,0
1505595501,21605793,0.01406999,0.20000000,0
1505595496,21605792,0.01405997,0.70000000,0
1505594880,21605530,0.01395304,0.30000000,1
1505594377,21605335,0.01396000,0.50000000,1
1505594363,21605329,0.01394204,84.46930530,1
1505594363,21605328,0.01395517,1.67550000,1
1505594363,21605327,0.01396000,121.00000000,1
1505594362,21605326,0.01396007,0.47127516,0
1505594361,21605325,0.01396007,22.38391954,1
1505594339,21605293,0.01396003,9.10974300,1
1505593803,21605101,0.01396114,16.28541514,1
1505593803,21605100,0.01396115,17.39830886,1
1505593288,21604894,0.01399999,15.66322700,0
1505593265,21604881,0.01399997,3.44339464,0
1505592904,21604676,0.01395569,1.69217219,1
1505592855,21604651,0.01397994,11.62376600,0
1505592821,21604623,0.01396000,12.00000000,1
1505592786,21604619,0.01400941,0.60897241,1
1505592699,21604601,0.01400977,0.00000006,1
1505592698,21604600,0.01400977,3.78469100,1
1505592639,21604570,0.01400977,3.26928994,1
1505592618,21604561,0.01400977,2.94601900,1
1505591467,21604155,0.01401070,0.18081338,1
1505590801,21603615,0.01404994,0.05745339,1
1505590800,21603612,0.01404994,3.06500051,0
1505590790,21603591,0.01402947,0.75681240,0
1505590709,21603491,0.01397997,1.07897500,0
1505590698,21603465,0.01397993,2.36242000,0
1505590677,21603422,0.01397997,0.67747454,0
1505590661,21603402,0.01400000,1.00000000,1
1505590657,21603396,0.01400270,1.00000000,1
1505590654,21603390,0.01403250,0.00038232,1
1505590623,21603356,0.01403250,2.84161768,1
1505590448,21603129,0.01407993,10.93120200,0
1505590369,21603084,0.01407997,2.37333247,0
1505590018,21602786,0.01400002,76.05398809,1
1505589999,21602756,0.01405000,0.00039497,1
1505589990,21602730,0.01405000,46.67252670,1
1505589990,21602726,0.01405656,10.60000000,0
1505589966,21602715,0.01405656,3.05810700,0
1505589935,21602709,0.01405656,2.00000000,0
1505589919,21602708,0.01405656,1.01753600,0
1505589898,21602707,0.01405656,2.60711700,0
1505589887,21602697,0.01405656,23.90194300,0
1505589881,21602689,0.01405656,0.54000000,0
1505589871,21602681,0.01405656,6.19263500,0
1505589850,21602676,0.01405656,4.31290000,0
1505589850,21602675,0.01405656,124.59890300,0
1505589842,21602664,0.01405656,177.70000000,0
1505589841,21602663,0.01405656,1.19824600,0
1505589838,21602661,0.01405656,6.26999400,0
1505589828,21602649,0.01405656,177.70000000,0
1505589827,21602648,0.01405656,6.26999400,0
1505589822,21602645,0.01405656,9.59472400,0
1505589820,21602644,0.01405656,177.70000000,0
1505589819,21602642,0.01405653,1.19824600,0
1505589817,21602640,0.01405656,169.52600000,0
1505589816,21602639,0.01405672,170.23700000,1
1505589816,21602638,0.01405673,57.18120427,1
1505589816,21602637,0.01405675,29.49366254,1
1505589762,21602606,0.01408424,3.78339600,1
1505589351,21602242,0.01413000,0.17000000,0
1505589351,21602241,0.01412900,0.83000000,0
1505589271,21602178,0.01408424,6.21660400,1
1505589070,21602090,0.01408510,2.00000000,1
1505588962,21602042,0.01419937,14.06898193,1
1505588962,21602041,0.01419937,8.00000000,0
1505588746,21601834,0.01409568,8.00000000,1
1505588337,21601470,0.01415000,45.73941900,0
1505588220,21601408,0.01415000,1.01600000,0
1505588172,21601371,0.01415000,86.22125600,0
1505588145,21601329,0.01415000,6.97019400,0
1505588131,21601318,0.01415000,20.84000100,0
1505587958,21601213,0.01412000,18.19982039,0
1505587838,21601142,0.01415000,152.30924400,0
1505587823,21601123,0.01415000,15.72000000,0
1505587821,21601120,0.01415000,6.14805100,0
1505587766,21601066,0.01415000,14.93000000,0
1505587647,21600952,0.01415000,24.75862000,0
1505587610,21600906,0.01415000,34.69069900,0
1505587607,21600902,0.01415000,11.95074900,0
1505587560,21600837,0.01415000,31.09504800,0
1505587551,21600826,0.01415000,23.15052600,0
1505587547,21600825,0.01415000,5.84630100,0
1505587545,21600823,0.01415000,7.21163800,0
1505587542,21600821,0.01415000,57.66838500,0
1505587542,21600820,0.01415000,11.30706200,0
1505587524,21600797,0.01415000,5.00070100,0
1505587504,21600787,0.01415000,27.54579000,0
1505587500,21600786,0.01415000,2.18999200,0
1505587499,21600784,0.01415000,194.69225100,0
1505587492,21600781,0.01415000,149.61000000,0
1505587484,21600778,0.01415000,25.34760900,0
1505587480,21600736,0.01415000,185.71693800,0
1505587414,21600643,0.01415000,9.69664200,0
1505587410,21600642,0.01415000,2.43434200,0
1505587392,21600637,0.01415000,19.44391500,0
1505587320,21600603,0.01415000,2.20760000,0
1505587252,21600538,0.01415000,98.77378275,0
1505587252,21600537,0.01414999,7.00266125,0
1505587175,21600455,0.01415000,1.00000000,0
1505587171,21600449,0.01415000,1.70870200,0
1505587114,21600417,0.01415000,25.76500000,0
1505587101,21600407,0.01415000,8.38000000,0
1505587080,21600395,0.01415000,3.93854900,0
1505587079,21600394,0.01415000,5.26664700,0
1505587075,21600389,0.01415000,27.58500000,0
1505587075,21600388,0.01415000,5.00000000,0
1505587053,21600376,0.01415000,52.62091800,0
1505587053,21600375,0.01415000,20.24004800,0
1505587052,21600373,0.01415000,48.19935600,0
1505587022,21600349,0.01415000,0.40151456,0
1505587020,21600343,0.01415000,33.25909000,0
1505587019,21600341,0.01415000,7.29476800,0
1505587018,21600340,0.01415000,3.04799700,0
1505587006,21600328,0.01415000,112.93428800,0
1505586947,21600282,0.01415000,2.57000000,0
1505586943,21600268,0.01415000,129.16324600,0
1505586935,21600251,0.01415000,4.48084805,0
1505586927,21600244,0.01415000,2.92581999,0
1505586923,21600238,0.01414999,5.85465036,0
1505586889,21600205,0.01415000,8.30727900,0
1505586884,21600200,0.01415000,1.03400000,0
1505586876,21600196,0.01415000,165.36577500,0
1505586874,21600195,0.01415000,3.37393400,0
1505586866,21600183,0.01415000,158.50800000,0
1505586859,21600170,0.01415000,147.47998200,0
1505586852,21600155,0.01415000,17.95921400,0
1505586851,21600154,0.01415000,184.65908946,0
1505586851,21600153,0.01414997,5.28319454,0
1505586843,21600127,0.01415000,164.01700000,0
1505586839,21600117,0.01415000,83.12897000,0
1505586833,21600082,0.01415000,1.16977500,0
1505586832,21600070,0.01415000,6.77038100,0
1505586827,21600042,0.01415000,83.09385200,0
1505586818,21599996,0.01415000,2.61200000,0
1505586810,21599955,0.01414993,1.96221200,0
1505586790,21599918,0.01415000,3.68226200,0
1505586787,21599911,0.01414993,8.54773800,0
1505586772,21599828,0.01415000,6.03289200,0
1505586769,21599820,0.01415000,1.95262000,0
1505586767,21599815,0.01415000,69.17900000,0
1505586765,21599799,0.01414997,15.70051800,0
1505586761,21599782,0.01414999,12.18423500,0
1505586760,21599780,0.01409015,1.48189000,1
1505586759,21599778,0.01409015,36.22211000,1
1505586755,21599763,0.01409010,25.04154655,1
1505586755,21599762,0.01409014,4.83406445,1
1505586755,21599759,0.01409017,31.49366254,1
1505586706,21599591,0.01410067,8.47572600,1
1505586705,21599583,0.01410067,61.36927400,1
1505586636,21599442,0.01415000,986.51745583,0
1505586584,21599362,0.01415000,1.40665000,0
1505586570,21599358,0.01415000,1.39366900,0
1505586568,21599357,0.01415000,1.40664900,0
1505586552,21599350,0.01415000,13.41220700,0
1505586543,21599345,0.01415000,1.40664100,0
1505586536,21599342,0.01415000,11.42721712,0
1505586536,21599341,0.01414999,9.34328088,0
1505586512,21599323,0.01414999,1.40663700,0
1505586512,21599321,0.01414999,1.40663700,0
1505586425,21599244,0.01414999,8.16076400,0
1505586303,21599189,0.01415000,14.27749000,0
1505586232,21599154,0.01415000,1.88684000,0
1505586218,21599147,0.01415000,2.40385200,0
1505586212,21599133,0.01413000,24.99964615,1
1505586204,21599123,0.01415000,3.78679100,0
1505586178,21599088,0.01415000,12.93452084,0
1505586177,21599082,0.01414999,52.63344144,1
1505586176,21599081,0.01414999,4.54422512,0
1505586164,21599049,0.01415000,59.55238000,0
1505586164,21599048,0.01414999,10.90834400,0
1505586154,21599039,0.01415000,70.16103500,0
1505586144,21599017,0.01415000,58.87827000,0
1505586144,21599016,0.01414999,6.59026400,0
1505586141,21599010,0.01415000,4.32700000,0
1505586136,21599002,0.01415000,1.51500000,0
1505586134,21598998,0.01415000,72.94556018,0
1505586134,21598997,0.01414999,13.31545182,0
1505586115,21598976,0.01415000,62.36184555,0
1505586115,21598975,0.01414999,2.37425045,0
1505586054,21598948,0.01415000,10.62635000,0
1505586054,21598947,0.01414999,5.93827300,0
1505586053,21598946,0.01414999,9.20417600,0
1505586045,21598943,0.01415000,155.39900000,0
1505586044,21598942,0.01415000,7.78099000,0
1505586041,21598941,0.01415000,1.33963000,0
1505586037,21598938,0.01414999,3.41700000,0
1505586017,21598925,0.01415000,47.89898300,0
1505586008,21598915,0.01414999,7.19091000,0
1505585947,21598883,0.01415000,25.72807200,0
1505585947,21598882,0.01415000,4.00400400,0
1505585934,21598873,0.01415000,56.46643200,0
1505585924,21598866,0.01415000,65.66087700,0
1505585916,21598860,0.01415000,1.00000000,0
1505585915,21598859,0.01415000,6.48487900,0
1505585903,21598855,0.01415000,4.27906000,0
1505585886,21598832,0.01415000,86.82236600,0
1505585875,21598779,0.01414999,7.00000000,0
1505585867,21598772,0.01414999,3.14532800,0
1505585850,21598759,0.01415000,36.94488000,0
1505585840,21598744,0.01415000,36.21026400,0
1505585840,21598743,0.01415000,11.70402400,0
1505585838,21598739,0.01415000,17.93042900,0
1505585837,21598737,0.01415000,6.39755900,0
1505585833,21598734,0.01415000,80.86790800,0
1505585830,21598732,0.01415000,93.96880100,0
1505585828,21598731,0.01415000,57.93754000,0
1505585828,21598730,0.01415000,35.18600000,0
1505585827,21598729,0.01415000,26.09145800,0
1505585823,21598724,0.01415000,118.98360000,0
1505585822,21598723,0.01415000,47.16640000,0
1505585794,21598708,0.01415000,5.25400000,0
1505585782,21598704,0.01415000,5.76309100,0
1505585758,21598682,0.01415000,9.50072500,0
1505585756,21598680,0.01415000,43.15210800,0
1505585755,21598679,0.01415000,28.85859600,0
1505585743,21598673,0.01415000,44.64282300,0
1505585728,21598670,0.01415000,9.51038100,0
1505585718,21598660,0.01415000,28.50838000,0
1505585649,21598572,0.01415000,24.11561837,0
1505585648,21598569,0.01415000,46.55540636,0
1505585640,21598547,0.01415000,13.00000000,0
1505585637,21598537,0.01415000,45.00000000,0
1505585632,21598529,0.01415000,0.31296695,0
1505585632,21598526,0.01415000,86.70040800,0
1505585628,21598522,0.01415000,9.37302700,0
1505585627,21598517,0.01415000,85.78386300,0
1505585623,21598510,0.01415000,65.37066600,0
1505585612,21598487,0.01415000,28.07710000,0
1505585608,21598480,0.01415000,54.90635500,0
1505585594,21598462,0.01415000,70.67098026,0
1505585584,21598449,0.01415000,6.91476680,0
1505585584,21598447,0.01414953,7.68578520,0
1505585395,21598198,0.01413000,0.19411380,0
1505585390,21598191,0.01412989,0.61527229,0
1505585383,21598187,0.01410000,0.03207559,1
1505585383,21598186,0.01410001,45.82172441,1
1505585295,21598034,0.01408987,0.65430000,1
1505585109,21597760,0.01414943,0.27423000,0
1505584820,21597453,0.01408091,4.30170149,1
1505584814,21597442,0.01408088,4.30475884,1
1505584791,21597335,0.01408066,1.88886732,1
1505584790,21597325,0.01415000,241.73957000,0
1505584784,21597252,0.01411999,5.86112861,0
1505584782,21597229,0.01408055,5.32712100,1
1505584761,21597158,0.01408057,29.11200100,0
1505584760,21597147,0.01408057,24.75751900,1
1505584759,21597142,0.01408242,9.45188037,1
1505583557,21596432,0.01418000,58.72417900,0
1505583536,21596427,0.01419000,1.05444609,0
1505582982,21596018,0.01414000,5.96817538,0
1505581425,21594680,0.01413000,13.81627200,0
1505581367,21594636,0.01413000,65.34840764,0
1505581082,21594449,0.01405007,9.98931673,1
1505581057,21594432,0.01410000,0.14149007,0
1505581041,21594423,0.01410000,0.14508102,0
1505581036,21594421,0.01410000,0.16914324,0
1505581031,21594420,0.01410000,0.19745201,0
1505581027,21594419,0.01410000,0.23000683,0
1505581010,21594407,0.01410000,0.26912158,0
1505581004,21594403,0.01408000,0.31373910,0
1505580993,21594388,0.01408000,0.36000000,0
1505580970,21594366,0.01408000,0.42537187,0
1505580966,21594356,0.01408000,0.49614923,0
1505580960,21594345,0.01410000,0.57854953,0
1505580954,21594339,0.01410000,0.39538336,0
1505580949,21594334,0.01410000,0.74103781,0
1505580943,21594331,0.01410000,0.86357883,0
1505580938,21594327,0.01410000,0.78868763,0
1505580931,21594323,0.01410000,1.00000000,0
1505580916,21594317,0.01413000,1.00000000,0
1505580868,21594291,0.01413000,1.00000000,0
1505580842,21594274,0.01413000,0.44029919,0
1505580805,21594266,0.01414998,0.54000000,0
1505580738,21594203,0.01414000,0.63000000,0
1505580724,21594190,0.01414000,0.73000000,0
1505580681,21594170,0.01415000,0.85000000,0
1505580656,21594157,0.01415000,1.00000000,0
1505580640,21594143,0.01414000,1.00000000,0
1505580625,21594131,0.01414000,1.00000000,0
1505580609,21594119,0.01416000,1.00000000,0
1505580596,21594112,0.01416000,1.00000000,0
1505580581,21594097,0.01418000,1.00000000,0
1505580332,21593912,0.01421001,0.77232000,1
1505580226,21593867,0.01420000,0.77250000,0
1505580219,21593864,0.01420000,0.77250000,0
1505580212,21593860,0.01420999,9.00281843,0
1505580203,21593857,0.01420997,1.00000000,0
1505580170,21593847,0.01420978,0.16952017,0
1505580071,21593795,0.01413079,3.55118150,1
1505580026,21593719,0.01423999,1.27892800,0
1505579770,21593455,0.01417001,0.26331000,0
1505579571,21593285,0.01421999,0.15000000,0
1505579458,21593175,0.01420995,3.02244578,0
1505579457,21593174,0.01418999,0.47196422,0
1505579214,21592958,0.01420965,61.84770213,1
1505579214,21592957,0.01420965,0.33322129,1
1505579212,21592956,0.01420965,8.02529137,0
1505578994,21592847,0.01409831,2.99700000,1
1505578857,21592756,0.01411981,2.45548100,0
1505578817,21592664,0.01405000,13.68010324,1
1505578817,21592663,0.01405005,0.44992676,1
1505578811,21592644,0.01409137,1.00000000,1
1505578780,21592599,0.01412000,1.00000000,0
1505578725,21592570,0.01412831,1.40000000,1
1505578698,21592565,0.01413997,0.77481000,0
1505578505,21592418,0.01420957,21.83207725,0
1505578064,21592097,0.01414017,3.02244584,1
1505577844,21591941,0.01421866,1.40300292,0
1505577818,21591923,0.01421913,14.07841050,0
1505577134,21590788,0.01414091,0.02203746,1
1505577134,21590787,0.01414094,31.49366254,1
1505576839,21590529,0.01419874,1.00000000,1
1505576823,21590518,0.01419874,1.00000000,1
1505576788,21590484,0.01418878,1.00000000,0
1505576761,21590453,0.01421870,0.90000000,1
1505575988,21589569,0.01418000,43.51680465,0
1505575988,21589568,0.01416999,13.99500000,1
1505575988,21589567,0.01416999,14.61400000,1
1505575987,21589566,0.01416997,2.76080000,1
1505575986,21589565,0.01416997,18.09317297,0
1505575961,21589551,0.01414951,2.09753644,0
1505575959,21589550,0.01412899,1.00000000,1
1505575948,21589542,0.01414977,1.00000000,0
1505575932,21589526,0.01414989,1.00000000,0
1505575925,21589523,0.01415434,1.00000000,1
1505575730,21589365,0.01410000,4.76537300,0
1505575728,21589363,0.01410000,1.23462700,0
1505575720,21589358,0.01410000,2.00000000,1
1505575720,21589357,0.01410085,1.00000000,1
1505575718,21589356,0.01410249,2.76080000,1
1505575717,21589353,0.01410251,20.48488192,1
1505575717,21589352,0.01413336,0.07831808,1
1505575673,21589266,0.01413336,0.70486266,1
1505575528,21589197,0.01415112,1.82430600,0
1505575505,21589184,0.01415099,0.70486266,1
1505574840,21588726,0.01422894,5.26279100,0
1505574832,21588717,0.01422894,25.68153800,0
1505574827,21588713,0.01422500,12.00000000,0
1505574035,21587732,0.01413336,1.37998026,1
1505574035,21587731,0.01413336,3.54666700,1
1505574006,21587696,0.01413336,4.29017200,1
1505573586,21587075,0.01414109,3.50121773,1
1505573249,21586701,0.01425000,19.62280912,0
1505573248,21586700,0.01424999,15.07797269,1
1505573247,21586699,0.01424999,3.09782767,0
1505573238,21586693,0.01425977,12.59144572,0
1505572187,21586075,0.01416255,7.24376900,1
1505572086,21586010,0.01422000,2.00000000,0
1505571810,21585784,0.01414999,2.41300000,0
1505571474,21585574,0.01414999,1.00000000,0
1505571414,21585539,0.01412912,1.00000000,1
1505571406,21585529,0.01412959,1.00000000,1
1505571406,21585528,0.01412961,0.44814656,1
1505571354,21585493,0.01409134,1.41933000,1
1505571256,21585383,0.01414953,21.26000000,0
1505570645,21585008,0.01410983,1.00000000,0
1505570637,21585004,0.01410985,1.00000000,0
1505570604,21584933,0.01409949,1.00000000,0
1505570599,21584926,0.01409950,1.00000000,0
1505570575,21584921,0.01409985,1.65205452,0
1505570571,21584920,0.01409985,0.20142164,0
1505570567,21584915,0.01409985,1.42451343,0
1505570563,21584914,0.01409982,2.00000000,0
1505570553,21584913,0.01409564,1.00000000,1
1505570534,21584899,0.01412000,8.09636685,0
1505570530,21584895,0.01409484,1.00000000,1
1505570505,21584835,0.01409564,1.00000000,1
1505570474,21584795,0.01409730,1.00000000,1
1505570462,21584788,0.01409997,1.00000000,0
1505570453,21584775,0.01410000,1.00000000,0
1505570449,21584773,0.01410998,1.00000000,1
1505570439,21584759,0.01410993,1.00000000,0
1505570428,21584750,0.01410065,1.00000000,1
1505570413,21584742,0.01409898,1.00000000,1
1505570405,21584732,0.01413951,1.00000000,0
1505570364,21584704,0.01413993,0.25000000,0
1505570284,21584613,0.01409567,2.58059000,1
1505570282,21584609,0.01405760,2.98450000,1
1505570281,21584607,0.01410050,1.00000000,1
1505570100,21584482,0.01413087,0.10000000,1
1505570100,21584481,0.01413087,0.90000000,1
1505570021,21584323,0.01418909,1.00000000,0
1505569864,21584084,0.01409959,1.41848097,1
1505569571,21583759,0.01416157,1.00000000,1
1505569571,21583758,0.01418561,0.47488251,1
1505569566,21583755,0.01416159,0.29812383,0
1505569558,21583748,0.01416156,1.00000000,0
1505569361,21583470,0.01416132,1.00000000,0
1505569337,21583452,0.01416155,0.67310549,0
1505569329,21583429,0.01408612,0.33455000,0
1505569320,21583409,0.01408612,1.00000000,0
1505569307,21583401,0.01416159,0.70187617,0
1505569300,21583388,0.01416157,1.96704049,0
1505569290,21583381,0.01416171,1.00000000,1
1505569277,21583361,0.01417535,0.04905311,1
1505569276,21583356,0.01417535,0.65282306,1
1505569263,21583328,0.01414989,0.77299819,0
1505569253,21583317,0.01411764,1.00000000,1
1505569241,21583290,0.01415957,1.00000000,0
1505569164,21583077,0.01412091,1.00000000,1
1505569147,21582975,0.01409600,1.73927339,1
1505569142,21582940,0.01409598,4.84139041,1
1505568712,21582342,0.01415746,13.95000000,1
1505568302,21581871,0.01427060,1.20355000,1
1505568301,21581870,0.01427060,0.71100000,1
1505568300,21581869,0.01424263,1.00000000,0
1505568268,21581854,0.01424222,1.24173000,0
1505568167,21581674,0.01411977,109.57651644,0
1505568167,21581672,0.01411977,64.25756692,0
1505568166,21581671,0.01411977,14.67225410,0
1505568166,21581670,0.01411977,31.49366254,1
1505567619,21580476,0.01408992,10.00000000,1
1505566941,21579463,0.01412999,7.78687354,0
1505566936,21579443,0.01412999,0.36000000,0
1505566898,21579380,0.01413999,0.90000000,0
1505566831,21579279,0.01413999,0.88000000,0
1505566807,21579243,0.01413999,0.86000000,0
1505566450,21578924,0.01415000,2.00000000,1
1505566256,21578653,0.01419000,1.84362351,1
1505566164,21578562,0.01419000,0.15637649,1
1505565996,21578489,0.01426000,13.95000000,1
1505565804,21578381,0.01429997,2.09267432,0
1505565420,21578086,0.01417000,0.20000000,1
1505565135,21577776,0.01421377,7.76177899,1
1505565089,21577731,0.01417002,5.74637393,1
1505564923,21577505,0.01422397,0.39080000,0
1505564898,21577444,0.01418984,6.06366200,0
1505564510,21576652,0.01418988,5.20197916,0
1505564480,21576577,0.01418997,1.05444832,0
1505564417,21576467,0.01409514,0.18000000,1
1505564388,21576376,0.01409486,0.49000000,1
1505564336,21576305,0.01418981,1.91362675,0
1505564119,21575971,0.01420000,8.41693632,1
1505564118,21575969,0.01420000,13.60999500,1
1505564116,21575964,0.01420000,0.15766741,1
1505564072,21575887,0.01420000,0.94000000,1
1505564061,21575868,0.01420003,0.14511243,1
1505563956,21575777,0.01420001,0.26203913,1
1505563881,21575716,0.01424996,7.63489300,0
1505563866,21575701,0.01420002,22.12459873,1
1505563866,21575700,0.01420160,1.00000000,1
1505563687,21575490,0.01420001,5.17117200,1
1505563687,21575489,0.01420001,0.89249000,1
1505563415,21575220,0.01415972,38.71634700,1
1505563415,21575219,0.01415975,16.47518707,1
1505563300,21574993,0.01428993,16.47518707,0
1505562940,21574494,0.01414180,31.57078448,0
1505562939,21574493,0.01417432,10.00000000,1
1505562939,21574492,0.01420323,1.99988593,1
1505562938,21574491,0.01420395,31.49366254,1
1505562938,21574490,0.01427000,192.32166705,1
1505562937,21574487,0.01427000,16.77150000,1
1505562936,21574486,0.01427000,74.87761500,1
1505562924,21574482,0.01427000,4.27618500,1
1505562910,21574470,0.01427000,27.72269864,1
1505562909,21574466,0.01427000,17.51878700,1
1505562906,21574461,0.01427000,17.51154731,1
1505562786,21574350,0.01427000,9.90669097,1
1505562786,21574349,0.01426999,1.67543362,0
1505562768,21574329,0.01426000,0.90000000,1
1505562502,21573924,0.01429000,0.90000000,1
1505562332,21573728,0.01430000,11.48011295,0
1505562320,21573721,0.01430000,23.75191900,0
1505562315,21573713,0.01430000,9.52181500,0
1505562307,21573697,0.01430000,9.59701400,0
1505562307,21573695,0.01430000,1.95829800,0
1505562296,21573682,0.01430000,37.22868200,0
1505562296,21573681,0.01430000,17.93084300,0
1505562296,21573680,0.01430000,3.14628400,0
1505562292,21573677,0.01430000,23.67672000,0
1505562290,21573674,0.01430000,32.63243900,0
1505562283,21573665,0.01430000,12.68848000,0
1505562282,21573664,0.01430000,69.29404900,0
1505562282,21573663,0.01430000,74.84244500,0
1505562282,21573662,0.01430000,22.27824500,0
1505562281,21573661,0.01430000,86.91975000,0
1505562253,21573629,0.01430000,16.83438900,0
1505562252,21573626,0.01430000,17.98218700,0
1505562238,21573606,0.01430000,12.41828898,0
1505562238,21573605,0.01429998,1.75990600,0
1505562238,21573604,0.01429998,10.82937702,0
1505562231,21573596,0.01429998,4.09143100,0
1505562221,21573585,0.01429998,7.08392100,0
1505562209,21573576,0.01429998,15.33405100,0
1505562208,21573575,0.01429998,12.35692600,0
1505562204,21573563,0.01430000,5.29164200,0
1505562201,21573557,0.01430000,4.71116172,0
1505562201,21573556,0.01429999,8.09628828,0
1505561644,21572562,0.01428982,0.97727473,0
1505561523,21572349,0.01426000,9.00000000,1
1505561479,21572299,0.01427000,9.00000000,1
1505561473,21572286,0.01420018,44.48008220,0
1505561472,21572284,0.01420018,2.26399580,0
1505561470,21572275,0.01420018,2.00000000,0
1505561468,21572272,0.01420018,3.12560800,0
1505561456,21572234,0.01420018,0.20000000,0
1505561451,21572224,0.01420018,1.00000000,0
1505561440,21572199,0.01420018,1.00000000,0
1505561435,21572194,0.01420018,1.00000000,0
1505561429,21572181,0.01416350,31.19933000,1
1505561422,21572165,0.01420018,1.00000000,0
1505561422,21572163,0.01416350,14.56313600,1
1505561414,21572141,0.01416348,16.95000000,1
1505561413,21572140,0.01420017,20.49093300,0
1505561405,21572112,0.01416348,7.91936000,1
1505561404,21572110,0.01420018,1.00000000,0
1505561399,21572087,0.01420018,1.00000000,0
1505561389,21572067,0.01420000,0.24036000,1
1505561387,21572061,0.01420018,1.00000000,0
1505561378,21572039,0.01420018,12.19700000,0
1505561351,21571952,0.01423000,0.00039578,1
1505561342,21571901,0.01423000,3.97420942,1
1505561337,21571864,0.01423001,3.97460500,1
1505561288,21571755,0.01430000,5.88730000,0
1505561177,21571403,0.01430000,12.10695300,0
1505561177,21571402,0.01429997,11.80000000,0
1505561148,21571341,0.01430000,5.11000000,0
1505561141,21571303,0.01430000,2.81500000,0
1505561115,21571217,0.01430000,5.16528918,0
1505561090,21571171,0.01430000,15.19200000,0
1505561068,21571146,0.01424123,4.11854386,1
1505560859,21570863,0.01432016,9.60099200,0
1505560828,21570765,0.01432016,3.03608200,0
1505560827,21570759,0.01432016,10.16489700,0
1505560827,21570758,0.01432016,21.19802900,0
1505560771,21570611,0.01431997,11.80190000,1
1505560523,21570112,0.01432703,34.11663258,0
1505560523,21570111,0.01432699,7.74336742,0
1505560297,21569719,0.01421057,5.22000000,1
1505560294,21569718,0.01421052,13.77010918,1
1505560294,21569717,0.01426699,0.17989082,1
1505560105,21569551,0.01423997,0.00000023,0
1505560104,21569550,0.01423997,0.00000009,0
1505560091,21569530,0.01420011,1.41445000,1
1505560090,21569529,0.01423985,6.49765800,0
1505560052,21569480,0.01423988,1.05171500,0
1505560046,21569474,0.01421556,1.10891742,1
1505560046,21569473,0.01423982,0.24036000,1
1505559838,21568808,0.01423004,0.21000000,1
1505559759,21568513,0.01423997,1.69859968,0
1505559759,21568512,0.01423000,0.51342332,0
1505559740,21568452,0.01423727,0.00040660,0
1505559740,21568449,0.01423727,1.28210859,0
1505559740,21568447,0.01423727,1.69819660,0
1505559740,21568446,0.01423727,7.01928821,0
1505559707,21568249,0.01423722,9.40000001,0
1505559707,21568248,0.01421000,0.89999999,0
1505559702,21568232,0.01421563,9.29820901,0
1505559691,21568188,0.01421578,10.30000000,0
1505559602,21567799,0.01400414,2.34985653,1
1505559560,21567726,0.01417996,29.17000000,0
1505559550,21567689,0.01414097,8.89831275,0
1505559550,21567688,0.01411658,29.17168725,0
1505559537,21567603,0.01411655,1.95188800,0
1505559482,21567338,0.01413230,44.80109504,0
1505559482,21567337,0.01409999,0.20000000,0
1505559482,21567335,0.01409990,4.99890496,0
1505559482,21567332,0.01409990,0.00054752,1
1505559480,21567327,0.01409990,4.99945248,1
1505559468,21567279,0.01409999,0.00066296,1
1505559467,21567268,0.01409999,5.21933704,1
1505559459,21567241,0.01413243,17.47246872,0
1505559459,21567240,0.01410000,0.97394107,0
1505559459,21567239,0.01409999,2.98035021,0
1505559459,21567238,0.01409999,1.42324000,0
1505559451,21567219,0.01409687,13.95000000,0
1505559290,21566821,0.01400088,0.15478018,1
1505559286,21566795,0.01400085,0.23145370,1
1505559226,21566630,0.01400014,0.15693430,1
1505559221,21566616,0.01400017,0.18273172,1
1505559217,21566610,0.01400007,0.26939858,1
1505559216,21566609,0.01405000,0.06310149,1
1505559206,21566589,0.01405000,0.32689851,1
1505559204,21566587,0.01409971,6.98027100,0
1505559194,21566570,0.01405330,1.28091600,0
1505559149,21566470,0.01410000,0.06176609,1
1505559148,21566467,0.01410000,1.21914991,1
1505559122,21566405,0.01411000,0.29092842,1
1505559122,21566401,0.01411000,7.29163714,1
1505559118,21566390,0.01411000,1.41743444,1
1505559084,21566315,0.01400001,2.27364583,1
1505559084,21566314,0.01409000,0.90000000,1
1505559084,21566312,0.01412000,0.00635417,1
1505559054,21566219,0.01412000,0.89364583,1
1505559017,21566149,0.01409613,0.00000023,1
1505559008,21566129,0.01409613,1.69859977,1
1505559007,21566128,0.01409615,7.68075423,1
1505558949,21565978,0.01409617,3.39310479,1
1505558915,21565885,0.01409615,9.23457824,1
1505558906,21565866,0.01409631,0.00040660,1
1505558900,21565842,0.01409631,1.28210859,1
1505558896,21565827,0.01409631,1.69819660,1
1505558895,21565823,0.01409631,7.01928821,1
1505558895,21565822,0.01409633,2.98035000,1
1505558886,21565780,0.01409633,9.99884937,1
1505558886,21565778,0.01412900,0.00041995,1
1505558885,21565775,0.01421698,2.00000000,0
1505558860,21565706,0.01412900,11.48764952,1
1505558634,21565118,0.01409631,52.90304000,1
1505558628,21565082,0.01409631,17.54325604,1
1505558628,21565081,0.01409631,32.15877498,1
1505558627,21565074,0.01409627,10.57741393,1
1505558627,21565073,0.01409628,56.12044453,1
1505558627,21565072,0.01409630,17.54366254,1
1505558590,21565000,0.01417000,2.53344960,1
1505558522,21564841,0.01417574,2.81494400,0
1505558327,21564597,0.01417658,13.95000000,1
1505558190,21564351,0.01429875,0.16664000,0
1505558186,21564333,0.01429875,0.20017000,0
1505558184,21564327,0.01429875,0.24063000,0
1505558182,21564320,0.01429875,0.28855000,0
1505558180,21564304,0.01429875,0.34595000,0
1505558177,21564282,0.01429877,0.34559000,0
1505558174,21564266,0.01429877,0.40258000,0
1505558172,21564257,0.01429879,0.46880000,0
1505558168,21564238,0.01429880,0.54670000,0
1505558165,21564224,0.01429881,0.63782000,0
1505558162,21564212,0.01429881,0.74328000,0
1505558158,21564187,0.01429882,2.00000000,0
1505558154,21564174,0.01429883,2.00000000,0
1505558151,21564152,0.01429884,2.00000000,0
1505558149,21564149,0.01429885,2.00000000,0
1505558146,21564135,0.01429885,2.00000000,0
1505558143,21564123,0.01429887,2.00000000,0
1505558140,21564120,0.01429887,2.00000000,0
1505558138,21564115,0.01429887,2.00000000,0
1505558135,21564103,0.01429888,2.00000000,0
1505558131,21564070,0.01429889,2.00000000,0
1505558129,21564065,0.01429890,2.00000000,0
1505558125,21564054,0.01429890,2.00000000,0
1505558122,21564030,0.01429892,2.00000000,0
1505558120,21564018,0.01429892,2.00000000,0
1505558117,21563998,0.01429892,2.00000000,0
1505558116,21563996,0.01429892,50.00000000,0
1505558114,21563987,0.01429893,2.00000000,0
1505558112,21563980,0.01429894,2.00000000,0
1505558109,21563974,0.01429894,2.00000000,0
1505558106,21563954,0.01429894,2.00000000,0
1505558103,21563939,0.01429894,2.00000000,0
1505558100,21563922,0.01429894,2.00000000,0
1505558097,21563913,0.01429894,2.00000000,0
1505558094,21563905,0.01429894,2.00000000,0
1505558091,21563902,0.01429894,2.00000000,0
1505558088,21563897,0.01429896,2.00000000,0
1505558085,21563890,0.01429897,2.00000000,0
1505558083,21563885,0.01429897,2.00000000,0
1505558074,21563862,0.01429898,2.00000000,0
1505558071,21563854,0.01429898,2.00000000,0
1505558069,21563841,0.01429899,2.00000000,0
1505558066,21563834,0.01429900,2.00000000,0
1505558063,21563825,0.01429900,2.00000000,0
1505558060,21563811,0.01429899,2.00000000,0
1505558057,21563784,0.01429900,2.00000000,0
1505558055,21563765,0.01429898,2.00000000,0
1505558053,21563745,0.01429898,2.00000000,0
1505558050,21563737,0.01429899,2.00000000,0
1505558045,21563701,0.01429900,2.00000000,0
1505558043,21563684,0.01429986,2.00000000,0
1505558040,21563668,0.01429986,2.00000000,0
1505558038,21563656,0.01429986,2.00000000,0
1505558035,21563639,0.01429986,2.00000000,0
1505558032,21563609,0.01429986,2.00000000,0
1505558029,21563586,0.01429987,2.00000000,0
1505558026,21563558,0.01429988,2.00000000,0
1505558023,21563535,0.01429988,2.00000000,0
1505558021,21563519,0.01429988,2.00000000,0
1505558018,21563515,0.01429988,2.00000000,0
1505558015,21563504,0.01429988,2.00000000,0
1505558012,21563497,0.01429989,2.00000000,0
1505558009,21563493,0.01429990,2.00000000,0
1505558007,21563487,0.01429990,2.00000000,0
1505558003,21563463,0.01429990,2.00000000,0
1505558000,21563435,0.01429992,2.00000000,0
1505557996,21563409,0.01429992,2.00000000,0
1505557989,21563369,0.01429994,0.26000000,0
1505557948,21563235,0.01433999,44.85938048,0
1505557948,21563232,0.01430000,5.14061952,0
1505557940,21563187,0.01430000,19.51600000,0
1505557940,21563186,0.01429999,30.48400000,0
1505557931,21563158,0.01430000,50.00000000,0
1505557923,21563129,0.01430000,50.00000000,0
1505557907,21563060,0.01430000,46.61588300,0
1505557907,21563059,0.01429998,3.38411700,0
1505557898,21563025,0.01429850,50.00000000,0
1505557889,21562985,0.01429852,43.93885834,0
1505557889,21562984,0.01429851,2.07440300,0
1505557889,21562982,0.01429851,1.00000000,0
1505557889,21562981,0.01429851,2.98673866,0
1505557867,21562902,0.01425853,1.00000000,1
1505557859,21562871,0.01421651,1.12340000,1
1505557858,21562862,0.01425852,1.00000000,0
1505557855,21562841,0.01425853,1.00000000,1
1505557837,21562793,0.01424856,1.00000000,1
1505557828,21562780,0.01424856,1.00000000,1
1505557816,21562770,0.01424856,1.00000000,1
1505557781,21562722,0.01425853,1.00000000,1
1505557662,21562485,0.01425853,0.92748970,1
1505557650,21562471,0.01425853,1.00000000,1
1505557589,21562366,0.01423873,2.50429300,1
1505557582,21562343,0.01429996,10.42631801,0
1505557582,21562342,0.01429993,10.39368199,0
1505557538,21562228,0.01423865,10.39368199,1
1505557517,21562201,0.01430000,5.29931800,0
1505557515,21562194,0.01423190,2.53048952,0
1505557514,21562192,0.01423190,4.46951048,0
1505557513,21562187,0.01423860,1.00000000,1
1505557512,21562185,0.01430000,26.84658600,0
1505557486,21562145,0.01430000,2.08483000,0
1505557469,21562131,0.01430000,0.55800000,0
1505557464,21562128,0.01430000,158.57500000,0
1505557464,21562127,0.01429900,1.00000000,0
1505557446,21562108,0.01430000,0.57822763,0
1505557434,21562079,0.01430000,17.67324200,0
1505557431,21562072,0.01430000,8.31723085,0
1505557431,21562070,0.01429999,27.18276915,0
1505557430,21562066,0.01429999,1.59200000,0
1505557413,21562032,0.01430000,48.79506300,0
1505557412,21562031,0.01429999,6.72949900,0
1505557408,21562024,0.01429999,0.00140273,0
1505557408,21562023,0.01429759,1.00000000,0
1505557408,21562022,0.01429759,3.50859727,0
1505557408,21562021,0.01429759,9.00000000,0
1505557337,21561843,0.01434989,48.65389953,0
1505557337,21561840,0.01429759,1.34610047,0
1505557328,21561815,0.01434994,19.74633746,0
1505557328,21561813,0.01429763,13.92000000,0
1505557328,21561811,0.01429760,16.33366254,0
1505557319,21561779,0.01435999,18.72000000,0
1505557305,21561746,0.01429779,15.16000000,0
1505557282,21561674,0.01409620,6.38257400,1
1505557282,21561673,0.01409621,0.87739800,1
1505557204,21561470,0.01417032,14.24995300,1
1505557182,21561426,0.01429972,13.76000000,0
1505556921,21560456,0.01410563,13.95000000,1
1505556861,21560313,0.01410553,1.99400201,1
1505556850,21560247,0.01431598,0.48995300,0
1505556837,21560208,0.01410545,1.00207939,1
1505556837,21560207,0.01419000,0.30385061,1
1505556683,21559730,0.01420000,9.00000000,1
1505556595,21559381,0.01420004,1.82479017,0
1505556593,21559367,0.01420004,3.52839881,0
1505556590,21559354,0.01420002,12.03933163,1
1505556590,21559352,0.01420002,3.64681102,1
1505556590,21559351,0.01420004,5.35318898,1
1505556301,21558288,0.01420906,18.02432000,0
1505556300,21558287,0.01420906,11.97568000,1
1505556295,21558259,0.01420899,6.14021000,1
1505556173,21557483,0.01429809,1.19977600,0
1505556173,21557481,0.01429809,14.37877600,0
1505556169,21557465,0.01429807,11.97568000,0
1505556113,21557238,0.01419180,3.09102131,1
1505556113,21557237,0.01419183,0.77503029,1
1505556113,21557236,0.01419183,9.27240300,1
1505556027,21557001,0.01419089,11.67108900,1
1505555872,21556627,0.01429933,6.27486000,0
1505555775,21556370,0.01432901,13.95000000,0
1505555699,21556237,0.01424868,14.39266400,0
1505555698,21556236,0.01424868,13.05708600,0
1505555674,21556183,0.01439936,3.42654117,0
1505555488,21555681,0.01427948,30.00000000,1
1505555328,21554643,0.01434022,3.97370400,0
1505555315,21554510,0.01434022,0.64237500,0
1505555315,21554507,0.01434014,2.73219100,0
1505555315,21554506,0.01434014,2.51141000,0
1505555307,21554425,0.01434023,0.11244779,1
1505555306,21554412,0.01434023,9.79164721,0
1505555305,21554398,0.01434015,28.13132800,0
1505555281,21554173,0.01430969,2.73219100,0
1505555210,21553718,0.01419886,1.04000000,1
1505554922,21552638,0.01429002,3.12525960,1
1505554912,21552600,0.01429006,8.26059513,1
1505554910,21552593,0.01430987,57.04129972,1
1505554910,21552591,0.01430987,29.75189799,1
1505554910,21552590,0.01430988,18.02390136,1
1505554909,21552589,0.01430988,29.75229100,1
1505554836,21552464,0.01434023,2.45680000,0
1505554780,21552342,0.01429002,2.39939106,1
1505554779,21552341,0.01431000,0.69706499,1
1505554779,21552340,0.01431000,137.00000000,1
1505554779,21552339,0.01431001,4.05261264,1
1505554779,21552338,0.01431001,264.00000000,0
1505554778,21552336,0.01432000,128.00000000,1
1505554778,21552335,0.01434000,130.00000000,1
1505554778,21552333,0.01434017,20.22714656,1
1505554777,21552332,0.01434020,30.30200000,1
1505554777,21552330,0.01434020,26.43000000,0
1505554777,21552327,0.01434022,75.88100000,0
1505554777,21552326,0.01434022,164.37200000,1
1505554776,21552324,0.01434023,2.44987147,0
1505554775,21552319,0.01434023,14.18891328,1
1505554669,21552084,0.01435008,3.69888879,1
1505554660,21552047,0.01435006,1.34999500,1
1505554623,21551972,0.01435004,24.76579825,1
1505554568,21551844,0.01433001,4.10613952,1
1505554490,21551742,0.01432001,2.01389000,1
1505554490,21551740,0.01433076,14.34955000,1
1505554489,21551735,0.01433076,2.51141000,1
1505554486,21551730,0.01433076,3.48004000,1
1505554472,21551707,0.01433079,5.89141819,1
1505554400,21551645,0.01432004,13.95000000,1
1505554382,21551628,0.01431048,15.41292466,1
1505554381,21551627,0.01431047,10.40538851,0
1505554380,21551625,0.01431047,3.88422718,1
1505554210,21551433,0.01438054,10.40578866,0
1505553930,21551142,0.01431000,49.57293659,1
1505553930,21551141,0.01431001,0.42706341,1
1505553390,21550621,0.01434869,14.18000000,0
1505553007,21550248,0.01429010,4.99961862,1
1505552666,21549915,0.01429005,2.26626972,0
1505552665,21549914,0.01429005,9.22800000,0
1505552646,21549893,0.01429005,13.38896946,0
1505552640,21549887,0.01429005,9.06757000,0
1505552636,21549880,0.01431001,14.97601875,1
1505552608,21549819,0.01429002,29.57343656,0
1505552606,21549813,0.01429002,16.86141200,0
1505552605,21549811,0.01429002,5.13360761,0
1505552548,21549774,0.01429002,16.95057618,0
1505552546,21549766,0.01429002,2.77443449,0
1505552545,21549765,0.01429002,16.95560957,0
1505552511,21549739,0.01429002,14.59298167,0
1505552510,21549733,0.01429002,2.49964100,0
1505552510,21549731,0.01429002,5.91076849,0
1505552510,21549730,0.01429002,2.90751000,0
1505552508,21549727,0.01429002,13.31381949,0
1505552504,21549714,0.01429002,48.26382327,0
1505552502,21549699,0.01429002,1.27657248,0
1505552501,21549687,0.01429002,2.66338000,0
1505552498,21549665,0.01429002,18.93982080,0
1505552498,21549664,0.01429002,4.10306773,0
1505552497,21549661,0.01429007,0.50459796,1
1505552497,21549660,0.01429008,4.35021277,1
1505551984,21549260,0.01438100,225.35738000,1
1505551983,21549259,0.01438103,1.00069611,1
1505551910,21549169,0.01438100,18.61840500,1
1505551907,21549167,0.01438100,8.76622000,1
1505551878,21549149,0.01438150,8.37765800,0
1505551876,21549145,0.01438150,20.27765535,1
1505551875,21549144,0.01438150,8.37818722,1
1505551875,21549143,0.01438151,0.00050272,1
1505551875,21549141,0.01438151,19.99949728,1
1505551874,21549140,0.01438167,9.99113247,1
1505551866,21549107,0.01438163,9.08122800,1
1505551816,21549075,0.01438150,11.34415743,1
1505551398,21548636,0.01438100,31.35799500,1
1505551397,21548634,0.01439100,0.60000000,1
1505550467,21547543,0.01439012,16.98800000,1
1505550233,21547187,0.01440000,4.54059400,1
1505550205,21547141,0.01440000,26.83251000,1
1505549911,21546794,0.01442797,19.01167515,0
1505549911,21546793,0.01442796,1.03993294,0
1505549644,21546572,0.01440000,6.73610600,1
1505549633,21546552,0.01440000,3.26388889,1
1505549585,21546499,0.01438001,1.19616900,1
1505549555,21546468,0.01436000,9.60532700,1
1505549555,21546465,0.01438000,3.18466756,1
1505549546,21546448,0.01438000,118.81533244,1
1505549546,21546447,0.01438001,3.18466756,1
1505549490,21546394,0.01442570,0.05629659,1
1505549490,21546393,0.01442570,3.99170341,0
1505549490,21546392,0.01442570,15.95200000,0
1505549488,21546385,0.01434001,12.52826767,1
1505549300,21546207,0.01433001,2.00000000,1
1505549169,21546117,0.01433101,0.42551459,1
1505549169,21546115,0.01433101,2.53726183,1
1505549168,21546113,0.01433102,0.42551459,1
1505548938,21545937,0.01433003,19.00403911,1
1505548862,21545833,0.01437490,11.91050986,1
1505548860,21545830,0.01438001,5.80863600,1
1505548424,21545348,0.01444614,5.78143642,0
1505548323,21545193,0.01437100,54.26413170,1
1505548308,21545182,0.01437100,9.82289900,1
1505548307,21545179,0.01437135,11.21265554,1
1505548228,21545103,0.01437100,9.00000000,1
1505548219,21545069,0.01437103,3.93247900,1
1505548207,21545013,0.01439036,16.09173600,1
1505548206,21545011,0.01439036,51.18800000,1
1505548204,21544992,0.01437100,27.85750600,1
1505548202,21544988,0.01437106,13.71264800,1
1505547921,21544633,0.01441000,108.57130553,1
1505547921,21544632,0.01441300,0.48136048,1
1505547921,21544631,0.01441301,2.63964699,1
1505547901,21544609,0.01441299,2.63588000,1
1505547672,21544379,0.01452995,0.00060633,0
1505547672,21544378,0.01452993,23.42729456,1
1505547671,21544377,0.01452993,13.76452039,1
1505547670,21544376,0.01452993,31.49366254,0
1505547622,21544345,0.01442000,16.95240572,1
1505547622,21544342,0.01442010,5.88664308,1
1505547621,21544340,0.01442011,1.38687687,0
1505547620,21544339,0.01442011,11.51415608,1
1505547307,21544056,0.01443003,1.88813198,1
1505547249,21544022,0.01443001,5.39288856,1
1505547249,21544021,0.01443004,4.04840944,1
1505547179,21543934,0.01453834,0.31206543,0
1505547144,21543909,0.01453000,1.42593223,1
1505547139,21543905,0.01453000,1.38265658,1
1505547030,21543803,0.01441000,115.55421100,1
1505547028,21543798,0.01441000,166.59134600,1
1505547026,21543794,0.01441000,26.14781231,1
1505547026,21543793,0.01441001,3.13203369,1
1505547025,21543789,0.01441001,0.60430631,1
1505547025,21543788,0.01441001,3.13203869,1
1505547023,21543780,0.01441001,0.60412300,1
1505547019,21543776,0.01441001,12.96933173,1
1505547017,21543775,0.01441010,0.45730500,1
1505546999,21543748,0.01442059,0.66324563,1
1505546998,21543744,0.01442059,42.07600000,1
1505546990,21543729,0.01442059,13.74744100,1
1505546894,21543570,0.01450783,8.03086824,1
1505546690,21543320,0.01446154,8.09374382,0
1505546533,21543122,0.01452831,19.62144333,0
1505546426,21543008,0.01450888,6.41339050,0
1505546417,21542994,0.01447281,1.00000000,0
1505546337,21542886,0.01446684,11.61539852,0
1505546222,21542776,0.01440016,53.11208564,1
1505546201,21542760,0.01440004,0.00289411,1
1505546201,21542759,0.01445000,0.98636589,1
1505546173,21542733,0.01445000,1.24401246,1
1505546150,21542699,0.01445807,1.98954494,0
1505546115,21542628,0.01443967,14.18000000,0
1505545978,21542426,0.01437000,0.23000000,1
1505545937,21542395,0.01442973,17.65286853,1
1505545936,21542394,0.01442973,0.56443000,1
1505545913,21542379,0.01442973,0.44916300,1
1505545264,21541946,0.01437002,13.12000000,1
1505545228,21541913,0.01437002,0.97524600,1
1505545209,21541901,0.01437001,6.42396300,1
1505545191,21541883,0.01437000,5.91552888,1
1505545191,21541882,0.01437001,7.73410112,1
1505545190,21541881,0.01437001,0.79736700,1
1505545183,21541875,0.01437000,7.33146454,1
1505545179,21541869,0.01437001,1.11844023,1
1505545179,21541867,0.01437001,4.94831200,1
1505545171,21541843,0.01437000,1.32921300,1
1505545156,21541822,0.01437000,54.54204666,1
1505545155,21541821,0.01437006,9.69548334,1
1505545154,21541820,0.01437000,50.39583900,1
1505545141,21541799,0.01435003,5.52174900,1
1505545018,21541674,0.01431002,5.66813500,1
1505545010,21541649,0.01431004,2.09643020,1
1505544986,21541623,0.01430005,14.18000000,1
1505544936,21541576,0.01429018,14.00021000,1
1505544792,21541361,0.01433035,8.44009500,0
1505544784,21541343,0.01434023,22.52994500,0
1505544784,21541342,0.01434023,0.05315300,0
1505544751,21541295,0.01434023,0.76651000,0
1505544740,21541293,0.01434023,0.81259000,0
1505544052,21540731,0.01442285,41.66568220,0
1505544052,21540730,0.01442283,8.33431780,0
1505544037,21540714,0.01442285,1.12000000,0
1505543938,21540628,0.01442412,0.55816501,0
1505543794,21540518,0.01431003,0.30385061,1
1505543783,21540473,0.01430001,54.27195684,1
1505543783,21540472,0.01433209,2.85897100,1
1505543765,21540452,0.01428021,8.44812800,1
1505543760,21540450,0.01433210,1.00000000,0
1505543723,21540412,0.01428019,1.26050420,1
1505543171,21539890,0.01419980,3.43913147,0
1505543171,21539888,0.01419980,6.29523639,0
1505543171,21539886,0.01419980,3.15046468,0
1505543127,21539770,0.01419997,6.75080755,0
1505543122,21539763,0.01419998,0.00051901,1
1505543115,21539750,0.01419998,4.22483905,1
1505543100,21539698,0.01419998,9.86502094,1
1505542863,21538897,0.01425986,1.28775037,0
1505542565,21538537,0.01427947,3.23682446,0
1505542565,21538536,0.01427945,7.24134418,0
1505542509,21538444,0.01418012,8.75000000,1
1505542459,21538357,0.01426974,5.25000000,0
1505542457,21538356,0.01423991,13.04000000,1
1505542412,21538264,0.01420831,2.80764900,0
1505542411,21538262,0.01420831,10.81116800,0
1505542410,21538257,0.01420827,17.48477800,0
1505542410,21538255,0.01420827,1.51522200,0
1505542362,21538139,0.01416995,4.12846193,1
1505542362,21538137,0.01417000,2.53280801,1
1505542352,21538078,0.01417000,78.22636300,1
1505542350,21538067,0.01417000,6.66127000,1
1505542332,21537985,0.01417000,2.92426800,1
1505542330,21537980,0.01417000,26.37333500,1
1505542324,21537973,0.01417000,4.76466500,1
1505542318,21537955,0.01417000,35.95887300,1
1505542317,21537953,0.01417000,28.22865209,1
1505542309,21537934,0.01417000,34.87303700,1
1505542306,21537925,0.01417000,1.84148600,1
1505542305,21537922,0.01417000,29.95069100,1
1505542304,21537921,0.01417000,73.11888600,1
1505542299,21537902,0.01417000,2.94482800,1
1505542293,21537888,0.01417000,84.88763300,1
1505542292,21537884,0.01417001,17.48477800,1
1505542290,21537879,0.01417000,1.54877300,1
1505542254,21537724,0.01416995,5.72690100,1
1505542200,21537576,0.01419000,1.49935168,1
1505542194,21537565,0.01420000,0.50000000,1
1505542082,21537369,0.01421855,1.00000000,1
1505542061,21537331,0.01424871,30.18000000,1
1505542009,21537260,0.01433990,21.03396815,0
1505541995,21537230,0.01432000,133.99963457,1
1505541982,21537205,0.01434970,1.79620200,1
1505541981,21537199,0.01435410,8.11795900,1
1505541980,21537196,0.01435410,12.19814100,1
1505541979,21537189,0.01435410,5.00000000,1
1505541978,21537185,0.01435410,0.99800000,1
1505541971,21537153,0.01432000,7.92043048,0
1505541971,21537152,0.01432000,1.49999600,0
1505541971,21537151,0.01432000,124.57957352,0
1505541971,21537150,0.01431999,1.49999548,0
1505541903,21537028,0.01438379,1.52000000,0
1505541869,21537006,0.01438380,7.84530800,0
1505541843,21536975,0.01438381,5.71781400,0
1505541839,21536972,0.01435273,4.23109300,0
1505541819,21536953,0.01432001,1.49999500,1
1505541651,21536828,0.01431822,1.51902082,1
1505541651,21536827,0.01431822,1.07410992,1
1505541290,21536398,0.01437713,1.50000000,1
1505541101,21536066,0.01450000,1.03039121,1
1505541101,21536062,0.01450000,4.99827587,1
1505541093,21536052,0.01450000,57.79925300,1
1505541092,21536050,0.01450000,13.91870000,1
1505541091,21536048,0.01450000,13.91870000,1
1505541090,21536047,0.01450000,13.91870000,1
1505541084,21536037,0.01450000,14.35941587,1
1505541083,21536034,0.01450000,10.60000000,1
1505541082,21536030,0.01450000,97.67717900,1
1505541068,21535978,0.01450000,193.92460900,1
1505541068,21535977,0.01450000,16.36870900,1
1505541067,21535975,0.01450000,288.28114400,1
1505541065,21535966,0.01450000,28.73587300,1
1505541064,21535961,0.01450000,10.89791000,1
1505541063,21535959,0.01450000,10.34027100,1
1505541062,21535950,0.01450000,9.23912700,1
1505541061,21535948,0.01450000,1.00487200,1
1505541055,21535939,0.01450000,6.84000000,1
1505541047,21535931,0.01450000,4.40305200,1
1505541046,21535928,0.01450000,3.58650800,1
1505541044,21535922,0.01450000,20.64830000,1
1505541040,21535919,0.01450000,3.22669300,1
1505541036,21535908,0.01450000,4.90228700,1
1505540991,21535865,0.01450000,0.64960000,1
1505540986,21535860,0.01450000,0.64960000,1
1505540979,21535854,0.01450000,20.36193000,1
1505540966,21535842,0.01450000,0.64950000,1
1505540961,21535839,0.01450000,15.38762200,1
1505540960,21535838,0.01450000,133.43855500,1
1505540934,21535824,0.01450001,0.64720000,1
1505540932,21535821,0.01450001,0.52351000,1
1505540912,21535767,0.01450000,12.55853339,1
1505540877,21535717,0.01450003,11.96081530,1
1505540877,21535715,0.01450003,16.01958622,1
1505540814,21535671,0.01449023,2.76689881,1
1505540534,21535350,0.01450135,3.04455000,1
1505540367,21535020,0.01455084,5.72223000,1
1505540194,21534828,0.01458985,26.55776501,0
1505540194,21534826,0.01451696,0.01953299,0
1505539733,21534225,0.01447074,0.74622000,1
1505539729,21534219,0.01451696,1.96917539,0
1505539729,21534218,0.01451696,1.37728561,0
1505539541,21533792,0.01460175,1.51902082,0
1505539512,21533765,0.01460155,13.78000000,0
1505539478,21533638,0.01460174,14.76788591,0
1505539478,21533637,0.01457985,0.57727676,0
1505539107,21533082,0.01460169,13.99893485,0
1505539106,21533080,0.01460170,31.49352033,0
1505539066,21532949,0.01460141,4.60044612,0
1505539044,21532795,0.01460141,1.71531379,0
1505539012,21532644,0.01457270,1.21785000,1
1505538990,21532534,0.01455997,0.44200249,0
1505538989,21532533,0.01453928,2.21001246,0
1505538989,21532532,0.01452094,0.42466444,0
1505538863,21532137,0.01444001,7.50000000,1
1505538811,21531943,0.01443003,2.75000000,1
1505538802,21531909,0.01442280,0.07801531,0
1505538801,21531908,0.01443002,2.67198469,1
1505538792,21531901,0.01443004,2.75000000,1
1505538762,21531781,0.01443002,1.82533577,1
1505538762,21531779,0.01443002,0.42466423,1
1505538734,21531697,0.01442001,1.01914179,1
1505538717,21531603,0.01440001,7.50000000,1
1505538714,21531587,0.01445999,1.07410992,0
1505538714,21531584,0.01445993,1.57190587,0
1505538697,21531501,0.01438000,3.99980100,1
1505538692,21531480,0.01440953,11.82652833,0
1505538692,21531479,0.01440949,0.00000033,0
1505538692,21531478,0.01440949,11.82652800,0
1505538607,21531338,0.01430160,0.00000013,0
1505538601,21531327,0.01430001,3.56878600,1
1505538559,21531281,0.01428289,2.91026090,0
1505538557,21531280,0.01429005,4.58973910,1
1505538527,21531230,0.01430160,4.04547937,0
1505538527,21531228,0.01430160,2.86013063,0
1505538526,21531227,0.01429002,0.28000000,0
1505538505,21531214,0.01430160,3.09438987,0
1505538505,21531213,0.01430000,3.33587413,0
1505538504,21531210,0.01429002,0.22977000,1
1505538503,21531205,0.01429000,0.00700000,1
1505538503,21531204,0.01430000,10.00000000,1
1505538490,21531195,0.01426001,7.50000000,1
1505538488,21531190,0.01428165,11.18828100,0
1505538486,21531189,0.01426001,1.00000000,1
1505538481,21531184,0.01426000,1.00000000,0
1505538474,21531175,0.01425000,1.96351000,1
1505538457,21531164,0.01425000,2.00858948,1
1505538444,21531160,0.01422000,0.77715000,1
1505538318,21530891,0.01414003,2.25000000,1
1505538306,21530852,0.01414001,5.73437500,1
1505537771,21530321,0.01416000,1.96987967,0
1505537682,21530286,0.01414000,13.22576679,1
1505537208,21530013,0.01416000,4.04547950,1
1505537197,21529993,0.01416000,5.95452050,1
1505536629,21529453,0.01415020,18.03572000,1
1505534818,21528152,0.01420000,18.66726000,1
1505534794,21528146,0.01420000,18.66726000,1
1505534768,21528140,0.01420000,15.27674907,1
1505534768,21528139,0.01420001,3.39051093,1
1505534376,21528017,0.01418004,16.97357695,0
1505534375,21528015,0.01418004,6.71062988,1
1505534282,21527897,0.01420002,18.66726000,1
1505534250,21527893,0.01420002,18.66726000,1
1505534217,21527885,0.01420041,18.66726000,1
1505534189,21527871,0.01420039,18.66726000,1
1505534172,21527870,0.01420037,18.66726000,1
1505534144,21527863,0.01420033,18.66726000,1
1505534114,21527851,0.01420027,14.02589097,1
1505534114,21527850,0.01420028,4.64136903,1
1505534085,21527844,0.01420011,18.66726000,1
1505534059,21527839,0.01420003,18.66726000,1
1505534048,21527834,0.01421000,14.18000000,1
1505534005,21527807,0.01421000,18.66726000,1
1505533977,21527798,0.01421000,12.11501167,1
1505533977,21527797,0.01421001,2.72758378,1
1505533977,21527796,0.01421004,3.82466455,1
1505533959,21527792,0.01421001,3.01350950,1
1505533946,21527785,0.01421004,18.66726000,1
1505533931,21527783,0.01429712,20.93718455,0
1505533913,21527775,0.01421000,14.92203195,1
1505533913,21527774,0.01421001,3.74522805,1
1505533884,21527761,0.01421000,14.02114691,1
1505533883,21527760,0.01421001,4.13837382,1
1505533883,21527759,0.01421002,0.50773927,1
1505532796,21527223,0.01408932,0.77738000,0
1505532791,21527220,0.01408934,0.77737000,0
1505532786,21527211,0.01408941,0.77738000,0
1505532779,21527205,0.01408945,0.33212000,0
1505532774,21527198,0.01408947,0.77737000,0
1505532768,21527192,0.01408949,0.77737000,0
1505532689,21527132,0.01409004,0.67330000,1
1505532677,21527122,0.01409004,0.67290000,1
1505532643,21527101,0.01409004,19.26900000,1
1505531560,21526613,0.01409004,13.71920531,1
1505531560,21526612,0.01409007,5.89581469,1
1505531349,21526498,0.01408169,1.13000000,1
1505530991,21526333,0.01419772,7.02581964,0
1505530988,21526332,0.01419773,7.02581469,0
1505530817,21526223,0.01416210,1.43592143,1
1505530816,21526222,0.01414009,1.20379857,0
1505530813,21526220,0.01414011,0.74302143,1
1505530808,21526211,0.01414010,1.84989800,1
1505530798,21526201,0.01414008,10.00000000,1
1505530798,21526200,0.01414059,24.78489658,1
1505530694,21526141,0.01422490,4.86861629,0
1505530692,21526139,0.01414057,4.00000000,1
1505530643,21526097,0.01414532,1.88008520,1
1505530496,21525839,0.01422765,1.40220767,0
1505530048,21525416,0.01418033,5.12608668,0
1505530003,21525319,0.01416024,16.61100000,1
1505529863,21525161,0.01416023,0.18748000,0
1505529845,21525151,0.01416023,0.77513000,0
1505529819,21525139,0.01422865,22.51407262,0
1505529732,21525093,0.01418026,2.75728100,1
1505529732,21525092,0.01418026,5.83618900,1
1505529727,21525088,0.01422997,10.07378985,1
1505529727,21525087,0.01422997,8.59347015,1
1505529488,21524878,0.01420000,9.54688903,1
1505529488,21524877,0.01421001,8.51187779,1
1505529488,21524876,0.01422002,0.60849318,1
1505529415,21524800,0.01421000,5.72383452,1
1505529415,21524799,0.01421001,10.51347337,1
1505529415,21524798,0.01421002,2.42995211,1
1505529359,21524738,0.01421001,13.81871533,1
1505529359,21524737,0.01421002,4.84854467,1
1505529331,21524728,0.01420014,14.34131067,1
1505529331,21524727,0.01420016,4.32594933,1
1505529087,21524623,0.01416027,24.24846100,1
1505528598,21524168,0.01412198,5.09749325,0
1505528598,21524166,0.01412199,7.45737675,1
1505528596,21524160,0.01412198,11.39238200,1
1505528595,21524154,0.01413006,2.84563068,1
1505528594,21524147,0.01413006,6.69763800,1
1505528586,21524125,0.01413174,4.77054125,1
1505528586,21524124,0.01417646,0.79392175,1
1505528571,21524072,0.01417646,2.28042400,1
1505528566,21524060,0.01417646,0.79403800,1
1505528139,21523639,0.01417646,0.00000040,0
1505528101,21523618,0.01416182,16.61940344,0
1505528100,21523613,0.01416182,1.84486200,1
1505527669,21523196,0.01417646,1.80203860,0
1505527669,21523194,0.01417646,1.48666100,0
1505527669,21523193,0.01417646,2.32550000,0
1505527669,21523192,0.01415035,0.22342242,0
1505527669,21523191,0.01415018,1.11669898,0
1505527656,21523181,0.01415018,5.83762200,0
1505527652,21523179,0.01415018,13.66088600,0
1505527648,21523177,0.01415018,6.33716320,0
1505527648,21523176,0.01415018,5.47880000,0
1505527644,21523174,0.01415018,6.95432100,0
1505527620,21523130,0.01415018,15.03999998,0
1505527582,21523103,0.01414852,12.87000000,0
1505527580,21523094,0.01414852,15.04064751,0
1505527422,21522967,0.01411873,4.18005531,0
1505527377,21522910,0.01407000,2.25000000,1
1505527366,21522906,0.01406003,4.50000000,1
1505526479,21522222,0.01408009,2.89553500,1
1505526474,21522214,0.01408009,37.35345800,1
1505526460,21522167,0.01411969,5.48416100,0
1505526394,21522054,0.01401025,0.22342242,1
1505526392,21522053,0.01401026,1.59682758,1
1505526253,21521835,0.01401034,2.06099000,1
1505526052,21521740,0.01404003,6.83872000,1
1505526051,21521739,0.01403001,4.64489000,1
1505526042,21521738,0.01405000,114.52100000,1
1505526041,21521737,0.01405000,2.86948000,1
1505525471,21521313,0.01395008,25.96647026,1
1505524987,21521043,0.01392098,0.39578586,1
1505524980,21521012,0.01392097,3.56207266,1
1505524758,21520931,0.01398793,5.08653648,0
1505523745,21520373,0.01399003,1.00000000,1
1505523641,21520306,0.01389016,11.74311560,1
1505523637,21520296,0.01389016,0.00001691,1
1505523637,21520293,0.01389018,11.74311560,1
1505523610,21520256,0.01389017,2.95999500,1
1505523548,21520153,0.01392012,18.12500150,1
1505523041,21519825,0.01394595,2.86577824,1
1505522869,21519742,0.01398006,17.89999500,0
1505522647,21519549,0.01402125,9.96163070,0
1505522646,21519545,0.01402125,1.83179029,1
1505522646,21519544,0.01402125,9.15898951,1
1505522646,21519542,0.01405011,9.99999950,1
1505522642,21519531,0.01405006,0.00000050,0
1505522641,21519524,0.01405006,10.73558759,1
1505522641,21519523,0.01405011,0.60117391,1
1505522313,21519237,0.01414863,1.09097584,0
1505522264,21519198,0.01406043,0.20000000,1
1505522033,21518841,0.01409869,24.14785132,0
1505521819,21518663,0.01406850,7.00455912,0
1505521269,21518320,0.01411000,1.29288675,0
1505521269,21518319,0.01410999,5.86725200,0
1505521250,21518313,0.01410000,5.89000000,1
1505521249,21518311,0.01409000,10.93192978,1
1505521249,21518310,0.01409001,2.95807022,1
1505521098,21518191,0.01407006,3.02962461,1
1505521095,21518178,0.01407006,41.37412400,1
1505521095,21518176,0.01407006,0.20000000,1
1505520973,21518030,0.01405959,1.28639458,0
1505520973,21518029,0.01405959,8.71360542,0
1505520973,21518028,0.01405958,11.85369300,0
1505520963,21518019,0.01404000,100.00000000,0
1505520929,21517984,0.01399999,0.23877805,0
1505520929,21517983,0.01399999,13.80000000,0
1505520929,21517982,0.01399999,3.28392195,0
1505520926,21517980,0.01399999,8.36221000,0
1505520924,21517977,0.01400000,3.29450000,1
1505520922,21517974,0.01400000,107.70550000,0
1505520921,21517973,0.01400000,3.29450000,0
1505520838,21517895,0.01395001,43.68990357,1
1505520835,21517891,0.01394003,4.89819241,1
1505520835,21517890,0.01394004,5.91439110,1
1505520835,21517889,0.01395002,3.03067549,1
1505520835,21517888,0.01395003,4.22600000,1
1505520834,21517885,0.01395003,13.00000000,1
1505520821,21517853,0.01394000,69.61403444,1
1505520817,21517846,0.01395124,13.66457891,0
1505520799,21517826,0.01395168,12.09247105,1
1505520799,21517825,0.01395171,13.80000000,1
1505520370,21517550,0.01404457,13.80000000,0
