date,tid,price,amount,type
1505606024,21611397,44.10,0.00000008,0
1505605879,21611371,44.10,2.80272100,0
1505605577,21611313,44.10,0.67800454,0
1505605398,21611284,44.06,3.00454942,0
1505605164,21611230,44.05,0.50000000,1
1505604809,21611082,44.06,2.16334000,0
1505604648,21611036,44.06,4.24150225,1
1505604648,21611035,44.06,0.25158875,1
1505604566,21610977,44.23,3.45487283,1
1505604283,21610837,44.44,46.43969400,0
1505604251,21610809,44.41,0.46000000,1
1505604208,21610804,44.39,3.43732100,1
1505602987,21610499,44.63,13.20000000,0
1505602770,21610463,44.64,1.11715950,0
1505602419,21610353,44.26,2.76000000,1
1505601780,21610147,44.75,2.88513966,0
1505601780,21610146,44.73,3.43000000,0
1505601779,21610144,44.64,2.61000000,0
1505601435,21610060,44.52,2.07106407,0
1505601077,21609862,44.56,9.47000000,1
1505601076,21609858,44.56,18.17000000,1
1505601070,21609853,44.57,0.81000000,1
1505600936,21609753,44.44,3.45487283,1
1505600929,21609750,44.72,1.02781389,1
1505600915,21609743,44.72,0.50000000,1
1505600875,21609720,44.77,0.50000000,1
1505600864,21609694,44.77,27.54593300,1
1505600864,21609693,44.77,1.21653600,1
1505600863,21609685,44.77,6.05753100,1
1505600844,21609660,44.76,2.04700000,1
1505600832,21609651,44.78,5.07131600,1
1505600826,21609646,44.72,1.89394268,1
1505600826,21609645,44.73,1.38251732,1
1505600815,21609638,44.76,1.93820000,0
1505600813,21609634,44.87,1.76923964,0
1505600813,21609632,44.87,3.42175657,1
1505600811,21609631,44.86,21.49093302,0
1505600767,21609587,44.56,0.07896840,0
1505600767,21609586,44.56,2.80103160,0
1505600751,21609549,44.52,0.15289597,0
1505600750,21609544,44.52,2.07106407,0
1505600744,21609532,44.52,0.77603996,0
1505600628,21609442,44.84,0.21887878,0
1505600618,21609438,44.62,4.99679000,1
1505600608,21609428,44.62,4.87754000,1
1505600553,21609377,44.53,10.80000000,0
1505600542,21609349,45.00,17.77222222,1
1505600542,21609348,44.99,0.12000000,0
1505600541,21609347,44.98,13.46000000,1
1505600541,21609346,44.98,2.69000000,1
1505600541,21609345,44.89,0.12000000,0
1505600541,21609344,44.88,2.73000000,0
1505600540,21609343,44.87,18.17000000,0
1505600540,21609342,44.87,2.69000000,0
1505600540,21609341,44.80,3.42697119,0
1505600540,21609340,44.80,0.20000000,0
1505600539,21609339,44.79,0.12000000,0
1505600539,21609338,44.69,0.12000000,0
1505600539,21609337,44.64,42.76302881,0
1505600537,21609333,44.63,62.98732456,0
1505600536,21609331,44.65,3.42697119,1
1505600517,21609322,44.65,10.00000000,0
1505600381,21608996,44.17,12.10000000,1
1505600366,21608939,44.17,20.00000000,1
1505600357,21608908,44.16,1.76106698,0
1505600357,21608907,44.16,33.07800000,0
1505600356,21608906,44.16,21.49093302,1
1505600356,21608905,44.16,23.67000000,1
1505600193,21608510,44.35,18.17000000,0
1505600192,21608508,44.35,18.17000000,1
1505599865,21608318,44.56,1.11916517,0
1505599661,21608251,44.66,0.00000050,1
1505599661,21608250,44.54,7.09485200,1
1505599659,21608248,44.54,2.67000000,0
1505599590,21608223,44.44,12.65588000,1
1505599590,21608222,44.44,5.29199800,1
1505599514,21608184,44.45,1.99317100,1
1505599308,21608078,44.45,3.00000000,1
1505599284,21608067,44.44,0.10000000,1
1505599284,21608066,44.48,2.90000000,1
1505599280,21608063,44.48,3.00000000,1
1505599251,21608055,44.57,1.40384857,1
1505599251,21608054,44.69,0.49608413,1
1505599251,21608053,44.60,0.20000000,0
1505599249,21608052,44.56,2.66000000,0
1505599238,21608036,44.45,3.00000000,1
1505599233,21608033,44.44,3.00000000,1
1505599233,21608032,44.51,27.38000000,1
1505599229,21608030,44.51,3.00000000,1
1505599224,21608027,44.51,3.00000000,1
1505599220,21608026,44.50,3.00000000,1
1505599078,21607978,44.45,3.00000000,1
1505599074,21607977,44.45,1.00000000,1
1505599074,21607976,44.49,2.00000000,1
1505598685,21607809,44.43,0.48000000,0
1505598685,21607807,44.43,2.42000000,0
1505598493,21607747,44.51,2.58880280,0
1505598493,21607746,44.48,2.63000000,0
1505598491,21607745,44.41,2.28142720,0
1505598268,21607646,44.08,1.10000000,1
1505598220,21607630,44.43,8.83998000,1
1505598199,21607596,44.34,4.42064095,0
1505597980,21607331,44.05,0.00444289,1
1505597972,21607304,44.05,0.93000000,1
1505597824,21607200,44.34,1.43301759,0
1505597236,21606854,44.04,1.01756426,1
1505597106,21606812,44.04,0.95530000,0
1505597037,21606806,43.76,1.38000000,0
1505596563,21606574,43.62,3.51902796,1
1505596419,21606479,44.09,2.75000000,0
1505596358,21606451,43.64,2.44022071,1
1505596358,21606450,43.65,3.62000000,1
1505596348,21606415,44.59,39.89928065,0
1505596348,21606414,44.59,0.12000000,0
1505596348,21606412,44.59,5.06795000,1
1505596348,21606409,44.59,5.28805900,1
1505596348,21606406,44.59,8.12013600,1
1505596348,21606404,44.59,4.44178000,1
1505596347,21606403,44.49,0.12000000,0
1505596347,21606401,44.39,0.12000000,0
1505596347,21606398,44.39,12.77686800,1
1505596346,21606396,44.34,1.96072120,0
1505596346,21606395,44.31,55.03744045,1
1505596346,21606394,44.31,4.14000000,1
1505596345,21606392,44.19,5.08003119,0
1505596345,21606391,44.09,2.89000000,0
1505596345,21606390,44.09,32.45000000,1
1505596345,21606389,44.08,4.73280934,0
1505596344,21606388,44.07,2.81000000,1
1505596344,21606387,43.92,14.03000000,1
1505596344,21606386,43.92,7.84916500,1
1505596343,21606384,43.92,13.98094524,1
1505596342,21606382,43.91,3.06000000,0
1505596342,21606381,43.91,15.29000000,0
1505596034,21606161,44.07,0.03174739,1
1505596032,21606152,44.07,0.54130715,1
1505596028,21606136,44.08,18.73424442,1
1505596027,21606132,44.08,11.82575558,1
1505596027,21606130,44.08,39.67926842,1
1505596026,21606122,44.09,15.15000000,0
1505595809,21605908,44.20,2.00000000,1
1505595202,21605677,44.05,27.93537000,0
1505595196,21605676,44.07,2.65000000,0
1505595183,21605662,44.11,2.64999994,0
1505595183,21605661,44.10,0.00000006,0
1505595181,21605660,44.10,1.30882700,0
1505594696,21605473,43.70,0.53755190,1
1505594696,21605472,43.75,0.49244810,1
1505594696,21605471,43.80,0.20000000,1
1505594696,21605470,43.80,9.57000000,1
1505594696,21605469,44.00,0.20000000,1
1505593548,21604991,43.93,1.10000000,1
1505593548,21604990,44.00,1.00000000,1
1505593318,21604913,43.86,2.86306000,1
1505592231,21604438,43.99,0.49113549,1
1505592145,21604410,43.99,8.12916210,1
1505592145,21604409,44.12,0.09083790,1
1505592134,21604407,44.12,1.37000000,1
1505592134,21604406,44.12,0.50000000,1
1505592130,21604405,44.13,1.37000000,1
1505592074,21604389,44.13,0.90012424,1
1505592013,21604366,44.29,0.22510725,1
1505592001,21604355,44.29,0.22510725,0
1505591991,21604345,44.32,0.22495487,0
1505591986,21604341,44.32,0.22495487,0
1505591892,21604319,44.15,2.23254252,1
1505591784,21604247,44.24,2.63663000,1
1505591771,21604243,44.24,1.49292000,1
1505591771,21604242,44.24,3.32217000,1
1505591758,21604236,44.23,1.49116000,1
1505591755,21604235,44.23,1.96566000,1
1505591752,21604230,44.24,1.49189000,1
1505591644,21604211,44.18,0.50000000,0
1505591489,21604173,44.37,5.31910500,0
1505591353,21604088,44.06,0.00003548,0
1505591072,21603795,43.99,1.50951384,0
1505591072,21603794,43.99,1.50951384,0
1505590869,21603646,43.73,1.33030000,1
1505590799,21603606,43.65,3.51660939,1
1505590765,21603558,43.82,14.40200000,0
1505590764,21603557,43.82,1.97213600,1
1505590763,21603556,43.64,2.32747032,1
1505590763,21603555,43.64,4.16492968,1
1505590762,21603554,43.67,3.52000000,1
1505590762,21603553,43.67,17.61000000,1
1505590762,21603552,43.81,18.20000000,1
1505590740,21603538,43.95,11.77277581,1
1505590729,21603525,43.95,17.11900000,1
1505590713,21603503,43.95,7.44453108,1
1505590712,21603502,43.94,10.00000000,0
1505590699,21603469,43.95,0.06972800,0
1505590699,21603468,43.94,1.07891200,0
1505590656,21603394,43.74,3.50937357,1
1505590651,21603385,43.73,19.50886451,1
1505590651,21603384,43.83,3.48942941,1
1505590650,21603382,43.85,0.49113549,1
1505590650,21603381,43.99,1.51057059,1
1505590646,21603377,43.99,3.48942941,1
1505590638,21603366,44.06,1.14897562,1
1505590638,21603365,44.06,2.32466094,1
1505590599,21603346,44.39,25.11376436,1
1505590599,21603344,44.33,21.49093302,0
1505590597,21603343,44.18,2.88000000,0
1505590570,21603313,44.23,8.27572700,0
1505590564,21603297,44.25,1.29946500,0
1505590485,21603191,44.13,0.50000000,1
1505590483,21603189,44.42,55.09940149,1
1505590457,21603152,44.44,13.77000000,1
1505590455,21603149,44.42,26.76646000,1
1505590453,21603147,44.42,17.95924269,1
1505590444,21603122,44.42,0.50000000,1
1505590426,21603106,44.43,1.01345000,1
1505590403,21603104,44.44,0.50000000,1
1505590402,21603103,44.43,3.00000000,1
1505590396,21603099,44.43,3.00000000,1
1505590390,21603098,44.43,3.00000000,1
1505590380,21603087,44.43,2.12087000,1
1505590363,21603079,44.42,2.13940000,1
1505590362,21603078,44.42,0.50000000,1
1505590359,21603074,44.42,3.13840000,1
1505590322,21603026,44.43,0.50000000,1
1505590273,21603012,44.42,11.00000000,1
1505590270,21603010,44.43,0.50000000,1
1505590267,21603005,44.43,15.58500000,1
1505590267,21603004,44.43,5.00000000,1
1505590143,21602871,44.43,1.38165972,1
1505590141,21602870,44.49,10.00000000,1
1505589994,21602742,44.50,40.68502300,0
1505589992,21602739,44.55,16.46948582,1
1505589991,21602737,44.55,1.39661568,1
1505589991,21602736,44.50,3.62483152,0
1505589991,21602733,44.50,39.28860497,1
1505589705,21602570,44.52,0.50000000,1
1505589700,21602562,44.68,1.04047000,1
1505589381,21602253,44.46,0.55400000,1
1505589291,21602193,44.69,0.12000000,0
1505588954,21602040,44.43,0.89778824,1
1505588954,21602039,44.54,5.11140400,1
1505588954,21602038,44.61,2.07045400,1
1505588954,21602037,44.65,1.92035376,1
1505588870,21601939,45.00,18.33399873,0
1505588870,21601938,44.99,0.12000000,0
1505588870,21601937,44.93,42.66400000,0
1505588853,21601930,45.00,15.22276699,0
1505588853,21601929,45.00,14.78069745,0
1505588853,21601928,45.00,23.11703600,0
1505588853,21601927,45.00,5.58386000,0
1505588853,21601926,45.00,1.92600025,0
1505588853,21601925,45.00,1.00000000,0
1505588853,21601924,45.00,11.00000000,0
1505588852,21601923,44.99,0.12000000,0
1505588852,21601922,44.99,0.53292769,0
1505588852,21601921,44.98,0.12000000,0
1505588852,21601920,44.91,10.00000000,0
1505588851,21601919,44.89,0.12000000,0
1505588851,21601918,44.89,45.97000000,1
1505588851,21601917,44.79,0.12000000,0
1505588850,21601914,44.69,0.12000000,0
1505588513,21601541,44.78,10.39877623,0
1505588513,21601540,44.78,2.76000000,0
1505588511,21601538,44.69,0.12000000,0
1505588360,21601482,44.59,0.12000000,0
1505587976,21601245,44.55,18.20000000,0
1505587975,21601242,44.54,18.20000000,1
1505587975,21601241,44.54,0.00017961,1
1505587958,21601214,44.54,18.19982039,1
1505587921,21601174,44.60,2.51000000,0
1505587633,21600937,44.61,6.89000000,1
1505587632,21600935,44.97,6.81542279,0
1505587631,21600934,44.89,0.12000000,0
1505587631,21600933,44.88,2.83000000,0
1505587631,21600932,44.79,0.12000000,0
1505587629,21600931,44.69,0.12000000,0
1505587527,21600798,44.55,4.38459789,1
1505587470,21600706,44.68,0.20000000,0
1505587241,21600526,44.88,4.11720142,1
1505587241,21600525,44.79,0.12000000,0
1505587239,21600523,44.69,0.12000000,0
1505587110,21600411,44.60,3.09990400,0
1505587078,21600393,44.60,5.33817400,0
1505587076,21600390,44.60,21.56192200,0
1505586938,21600259,44.89,0.15801773,1
1505586937,21600255,44.89,0.12000000,0
1505586937,21600254,44.79,0.12000000,0
1505586872,21600193,44.49,0.50000000,1
1505586868,21600189,44.89,4.84400000,1
1505586868,21600188,44.89,0.12000000,0
1505586868,21600187,44.69,3.00000000,0
1505586851,21600152,44.84,3.00000000,1
1505586845,21600137,44.84,3.00000000,1
1505586840,21600118,44.84,3.00000000,1
1505586834,21600089,44.84,3.00000000,1
1505586833,21600085,44.84,10.80000000,1
1505586832,21600077,44.84,0.79198920,0
1505586832,21600075,44.84,2.51198318,0
1505586832,21600072,44.84,0.12000000,0
1505586823,21600024,44.79,30.03383000,1
1505586823,21600022,44.79,1.54757355,1
1505586823,21600020,44.79,0.12000000,0
1505586823,21600019,44.77,0.00000045,0
1505586821,21600011,44.77,4.83406400,0
1505586782,21599883,44.75,0.20000000,0
1505586772,21599826,44.60,2.00801080,0
1505586767,21599816,44.60,0.20000000,0
1505586766,21599806,44.69,0.79198920,1
1505586754,21599750,44.69,2.51198318,1
1505586751,21599730,44.69,0.12000000,0
1505586748,21599706,44.59,0.12000000,0
1505586582,21599361,44.56,0.20000000,0
1505586560,21599354,44.49,0.12000000,0
1505586488,21599296,44.10,8.80000000,1
1505586303,21599192,44.50,3.50000000,0
1505586303,21599191,44.49,0.12000000,0
1505586303,21599190,44.37,0.00007278,0
1505586286,21599179,44.26,10.90000000,1
1505586218,21599149,44.36,13.58199800,0
1505586212,21599138,44.37,30.61385443,0
1505586212,21599135,44.36,21.49086811,1
1505586193,21599113,44.12,9.99998062,1
1505586193,21599112,44.38,0.00001938,1
1505586178,21599091,44.39,52.63879767,0
1505586150,21599030,44.39,2.42059022,0
1505586149,21599028,44.39,1.66771795,0
1505586148,21599025,44.39,2.50168956,0
1505586147,21599023,44.39,0.16874600,0
1505586138,21599006,44.39,13.31606217,0
1505586134,21598996,44.39,4.63145900,0
1505586134,21598995,44.38,0.12000000,0
1505586116,21598979,44.39,2.37373282,0
1505586057,21598952,44.39,14.48675216,0
1505586057,21598950,44.39,0.12000000,0
1505586057,21598949,44.30,0.53652335,0
1505586039,21598939,44.30,3.42347629,0
1505586028,21598931,44.30,0.13527400,0
1505586026,21598930,44.30,2.48509600,0
1505586009,21598916,44.30,7.20564334,0
1505586003,21598911,44.30,54.22539600,0
1505586001,21598910,44.30,1.54666100,0
1505586001,21598909,44.29,0.12000000,0
1505585977,21598901,44.30,3.67325000,0
1505585976,21598900,44.29,0.12000000,0
1505585870,21598774,44.28,3.14679313,1
1505585866,21598771,44.28,8.46000000,1
1505585854,21598764,44.25,7.77050000,1
1505585775,21598695,44.14,9.03682000,0
1505585773,21598694,44.38,8.99053628,0
1505585660,21598594,44.17,2.93366500,0
1505585578,21598434,44.17,1.85698000,1
1505585577,21598433,44.39,0.08000000,1
1505585572,21598424,44.39,0.12000000,0
1505585476,21598320,44.30,0.03934303,0
1505585476,21598319,44.29,0.12000000,0
1505585476,21598318,44.25,1.99445876,0
1505585474,21598316,44.24,1.14897562,0
1505585467,21598299,44.24,2.32466094,0
1505585467,21598297,44.17,1.14897006,0
1505585467,21598292,44.17,1.99445300,0
1505585449,21598262,44.16,0.50000000,1
1505585419,21598239,44.17,2.44856503,0
1505585403,21598215,44.16,14.50600000,1
1505585379,21598183,44.15,0.50000000,1
1505585372,21598180,44.16,0.55919880,1
1505585359,21598164,44.19,9.00000000,1
1505585359,21598163,44.19,0.12000000,0
1505585356,21598154,44.15,36.52000000,1
1505585355,21598149,44.16,18.20000000,0
1505585354,21598148,44.16,18.20000000,0
1505585354,21598143,44.15,0.50000000,1
1505585347,21598129,44.15,4.50000000,1
1505585341,21598116,44.15,0.19899627,1
1505585339,21598109,44.15,93.00000000,0
1505585339,21598108,44.09,0.12000000,0
1505585338,21598106,44.00,1.00000000,0
1505585338,21598104,43.99,0.12000000,0
1505585338,21598103,43.84,0.50000000,1
1505585299,21598047,43.95,4.74258000,1
1505585288,21598002,43.89,0.12000000,0
1505585278,21597986,43.87,1.99971885,0
1505585278,21597983,43.87,0.50000000,0
1505585278,21597982,43.87,1.00000000,0
1505585270,21597961,43.81,27.01906041,0
1505585269,21597958,43.81,18.82446929,0
1505585266,21597950,43.81,14.87635444,0
1505585266,21597949,43.80,3.92597379,0
1505585265,21597944,43.80,22.58136986,0
1505585265,21597942,43.79,0.12000000,0
1505585235,21597921,43.81,11.74030586,0
1505585235,21597920,43.79,0.12000000,0
1505585150,21597807,43.81,22.63958000,0
1505585145,21597799,43.79,5.46220800,0
1505585081,21597716,43.79,9.88023000,1
1505585080,21597715,43.79,0.12000000,0
1505584935,21597543,43.81,1.00023000,0
1505584872,21597501,43.79,21.75029002,1
1505584871,21597499,43.79,0.12000000,0
1505584838,21597483,43.64,0.59956056,0
1505584834,21597479,43.63,18.20000000,0
1505584834,21597478,43.62,1.25283498,0
1505584833,21597477,43.64,4.74277057,1
1505584830,21597472,43.64,0.00004788,0
1505584829,21597468,43.64,4.26059758,0
1505584827,21597467,43.64,4.73935454,0
1505584807,21597432,43.78,9.00000000,1
1505584795,21597373,43.63,2.05545541,0
1505584794,21597368,43.63,0.60350000,0
1505584793,21597357,43.50,36.14012803,0
1505584793,21597350,43.50,4.75872245,0
1505584792,21597343,43.50,9.32941000,0
1505584792,21597338,43.50,4.82022495,0
1505584790,21597322,43.50,6.96312874,0
1505584787,21597285,43.50,4.75528256,0
1505584786,21597272,43.50,4.99525845,0
1505584786,21597270,43.50,3.00319000,0
1505584782,21597230,43.50,4.94015708,0
1505584781,21597222,43.50,5.32702596,0
1505584780,21597218,43.50,48.57931034,0
1505584777,21597202,43.50,46.23816091,0
1505584766,21597167,43.50,1.21487600,0
1505584765,21597165,43.50,7.02532600,0
1505584763,21597162,43.50,15.99131900,0
1505584761,21597157,43.50,134.63928600,0
1505584759,21597145,43.50,111.50681358,0
1505584759,21597143,43.49,17.09566000,0
1505584753,21597123,43.49,1.10434000,0
1505584225,21596884,43.60,2.22547361,0
1505583961,21596766,43.25,2.29257642,0
1505583393,21596281,43.50,3.76437000,1
1505583083,21596069,43.57,0.23563000,1
1505582599,21595604,43.63,3.41526810,1
1505582599,21595603,43.63,0.58473190,1
1505581308,21594585,43.54,11.46000000,0
1505580854,21594276,43.51,2.29257642,0
1505580448,21593981,43.74,42.62436600,0
1505580120,21593832,43.36,0.50000000,1
1505580115,21593824,43.74,4.56241427,0
1505580080,21593803,43.28,0.50000000,1
1505580070,21593794,43.22,3.55159648,1
1505580042,21593737,43.82,3.67514200,0
1505580040,21593732,43.80,0.50000000,1
1505580026,21593720,43.80,1.27892800,1
1505580013,21593700,43.82,1.00023000,0
1505580000,21593679,43.80,0.50000000,1
1505579959,21593608,43.80,0.50000000,1
1505579919,21593541,43.80,0.50000000,1
1505579879,21593516,43.80,0.50000000,1
1505579835,21593497,43.80,0.56200000,1
1505579833,21593495,43.80,0.50000000,1
1505579788,21593473,43.79,0.12000000,0
1505579788,21593472,43.75,3.50000000,0
1505579771,21593460,43.53,0.88000000,1
1505579763,21593446,43.71,0.26351791,0
1505579763,21593445,43.70,0.00005209,0
1505579603,21593312,43.60,1.99970000,0
1505579578,21593297,43.70,1.99971885,1
1505579502,21593229,43.70,0.50000000,1
1505579460,21593176,43.70,1.00000000,0
1505579456,21593173,43.49,1.63100604,0
1505579456,21593172,43.49,1.12910000,0
1505579456,21593171,43.49,0.76985466,0
1505579254,21592966,43.01,1.00000000,1
1505579199,21592943,42.95,8.01380000,1
1505578989,21592844,42.86,0.00000019,0
1505578989,21592843,42.86,2.99999981,0
1505578834,21592704,42.80,5.32800000,1
1505578813,21592646,42.79,0.50000000,1
1505578773,21592593,42.79,0.50000000,1
1505578732,21592572,42.79,0.50000000,1
1505578691,21592558,42.78,0.50000000,1
1505578686,21592554,42.78,77.68169815,1
1505578677,21592551,42.79,8.39000000,1
1505578675,21592550,42.80,2.41000000,1
1505578651,21592528,42.80,0.50000000,1
1505578452,21592402,42.86,8.00600000,1
1505578446,21592394,42.86,0.50000000,1
1505578415,21592377,42.83,8.05910000,1
1505578320,21592311,42.98,9.40000000,0
1505578307,21592293,42.98,0.71289012,1
1505578305,21592292,43.00,5.46220800,1
1505578238,21592190,42.98,8.01250000,1
1505578199,21592175,42.98,8.01250000,1
1505578183,21592167,43.37,5.05879640,0
1505578181,21592164,43.26,0.00114396,0
1505578160,21592146,42.98,8.01250000,1
1505578058,21592093,42.94,2.19400000,1
1505577763,21591860,43.09,1.60400000,1
1505577678,21591668,43.31,1.63100604,1
1505577677,21591665,43.31,1.12910000,1
1505577675,21591662,43.31,0.76985466,0
1505577668,21591649,43.31,0.02401293,0
1505577666,21591647,43.23,0.55269306,0
1505577666,21591645,43.23,2.99507700,0
1505577651,21591628,43.18,1.88201300,0
1505577618,21591594,43.18,0.99440000,0
1505577618,21591591,43.12,0.00560000,0
1505577609,21591576,43.16,8.00000000,1
1505577600,21591563,43.18,14.12358700,0
1505577577,21591514,42.93,0.00000001,0
1505577574,21591498,42.93,2.00701300,0
1505577573,21591494,42.92,3.58393649,0
1505577569,21591485,42.93,1.56857496,0
1505577569,21591484,42.87,0.01082504,0
1505577567,21591475,42.82,0.01085031,0
1505577565,21591463,42.81,0.01667338,0
1505577545,21591372,42.93,0.00000028,1
1505577545,21591371,42.93,1.00000000,1
1505577545,21591370,42.93,2.02384800,1
1505577545,21591369,42.93,0.53846297,1
1505577545,21591368,42.95,1.88342375,1
1505577509,21591261,43.17,26.32223000,0
1505577509,21591259,43.17,17.00000000,0
1505577508,21591257,43.16,4.57730327,0
1505577508,21591256,43.16,4.93000000,0
1505577508,21591255,43.16,17.00000000,0
1505577505,21591227,42.95,2.90492103,1
1505577505,21591226,42.95,0.66900213,1
1505577499,21591217,42.95,4.11610719,1
1505577499,21591216,42.95,4.78164260,1
1505577499,21591215,42.95,4.77840691,1
1505577499,21591214,42.95,4.77494042,1
1505577499,21591213,42.96,0.01073221,1
1505577499,21591212,42.96,3.54992656,1
1505577497,21591210,43.00,1.94652677,1
1505577464,21591183,43.13,2.04488065,1
1505577464,21591182,43.13,12.70609800,1
1505577464,21591181,43.13,11.75636500,1
1505577463,21591178,43.13,18.20000000,1
1505577461,21591175,43.11,18.20000000,0
1505577461,21591174,43.11,14.50600000,0
1505577453,21591169,43.00,4.13145000,1
1505577452,21591167,43.00,3.10207000,1
1505577449,21591164,43.00,9.66482000,1
1505577449,21591162,43.00,1.15513323,1
1505577449,21591161,43.00,0.65797747,1
1505577449,21591160,43.00,15.03703330,1
1505577368,21591120,43.00,14.28574000,1
1505577364,21591117,43.00,5.74416000,1
1505577357,21591111,43.00,34.52547300,1
1505577346,21591100,43.00,14.78069745,1
1505577344,21591098,43.00,23.11703600,1
1505577343,21591096,43.00,5.58386000,1
1505577211,21590954,43.00,1.92600025,1
1505577211,21590953,43.00,2.33023256,1
1505577211,21590952,43.11,0.23926719,1
1505577208,21590950,43.11,0.01073221,0
1505577208,21590949,43.09,0.00000047,0
1505577208,21590948,43.01,0.00000013,0
1505577195,21590934,43.00,3.56976744,1
1505577193,21590932,43.01,2.41269000,0
1505577183,21590913,43.01,1.39699342,1
1505577183,21590912,43.01,1.00000000,1
1505577182,21590911,43.04,0.05485658,1
1505577127,21590771,43.04,0.00002994,1
1505577127,21590769,43.05,3.54777006,1
1505577056,21590657,43.09,1.00000000,0
1505577042,21590651,43.09,2.02384800,0
1505577038,21590647,43.04,3.00000000,1
1505577034,21590644,43.04,0.50000000,1
1505576963,21590605,43.07,2.00000000,0
1505576912,21590577,43.07,2.67000000,0
1505576875,21590557,43.09,0.53846297,1
1505576859,21590541,43.11,0.00002718,1
1505576859,21590540,43.13,3.54667253,1
1505576859,21590539,43.13,0.00000029,1
1505576853,21590538,43.66,1.10698926,0
1505576853,21590537,43.51,2.84000000,0
1505576853,21590536,43.27,3.50000000,0
1505576851,21590533,43.20,2.55324074,0
1505576610,21590228,43.20,1.00000000,1
1505576599,21590159,43.28,4.94602111,1
1505576599,21590156,43.28,0.00000014,1
1505576598,21590154,43.28,3.00527875,1
1505576536,21589975,43.33,39.87687515,1
1505576144,21589681,43.33,0.25000000,1
1505575901,21589503,43.31,8.55574100,0
1505575874,21589477,43.31,5.00000000,0
1505575866,21589461,43.31,2.44425900,0
1505575863,21589450,43.28,0.50000000,1
1505575823,21589412,43.32,0.50000000,1
1505575783,21589393,43.28,0.02670425,1
1505575782,21589391,43.60,0.47329575,1
1505575749,21589376,43.60,3.00000000,1
1505575741,21589372,43.60,0.50000000,1
1505575735,21589371,43.60,3.00000000,1
1505575730,21589366,43.60,6.68462000,1
1505575728,21589362,43.60,4.19726000,1
1505575721,21589359,43.37,3.00000000,1
1505575708,21589346,43.38,2.63983000,1
1505575706,21589341,43.38,3.00000000,1
1505575699,21589339,43.38,0.50000000,1
1505575570,21589225,43.36,1.24412714,1
1505575570,21589224,43.42,15.75587286,1
1505575535,21589205,43.30,0.50000000,1
1505575530,21589201,43.53,13.58109400,0
1505575528,21589196,43.60,1.82430600,1
1505575527,21589195,43.60,16.00000000,0
1505575495,21589179,43.68,0.50000000,1
1505575370,21589071,43.53,0.50000000,1
1505575297,21589007,43.82,0.50000000,1
1505575093,21588906,44.00,1.00000000,0
1505574969,21588820,43.97,0.50000000,1
1505574920,21588763,43.89,10.80000000,1
1505574898,21588756,43.91,2.00000000,1
1505574827,21588714,44.18,16.42451500,1
1505574809,21588693,43.53,0.49779963,0
1505574807,21588691,44.04,0.00220037,1
1505574765,21588650,43.99,3.14328963,0
1505574696,21588548,43.99,2.75062000,0
1505574571,21588300,43.52,2.43195000,1
1505574564,21588290,43.50,0.50000000,1
1505574510,21588183,43.46,0.00000014,0
1505574080,21587787,43.46,3.53198300,0
1505574067,21587769,43.34,9.76380781,1
1505574040,21587737,43.28,4.89474349,1
1505574033,21587729,43.28,3.54667253,0
1505574014,21587711,43.18,3.55488652,1
1505574003,21587681,43.72,5.00000000,1
1505574000,21587669,43.46,0.01824491,1
1505574000,21587667,43.46,3.50158970,1
1505574000,21587665,43.47,30.94455739,1
1505573998,21587664,43.47,0.50000000,1
1505573932,21587612,43.47,2.03544261,1
1505573931,21587610,43.50,1.00000000,1
1505573865,21587471,43.99,1.23473776,1
1505573865,21587468,43.99,5.19694377,1
1505573864,21587466,43.95,3.56831847,0
1505573584,21587073,43.61,0.01824520,0
1505573583,21587071,43.61,3.50158970,1
1505573577,21587067,43.57,3.12017191,1
1505573576,21587066,43.67,0.39693084,1
1505573576,21587065,43.71,3.49578683,1
1505573576,21587064,43.72,1.25994069,1
1505573501,21586980,44.12,1.00023000,0
1505573495,21586977,44.13,8.27283027,0
1505573373,21586797,43.83,17.91000000,1
1505573372,21586796,43.83,0.28540955,1
1505573372,21586795,43.84,17.91459045,1
1505573333,21586778,43.89,0.25000000,0
1505573333,21586777,43.89,2.00000000,0
1505573174,21586644,44.24,0.88623000,0
1505573172,21586642,44.19,0.12000000,0
1505572328,21586203,43.95,1.86718000,0
1505572320,21586190,43.95,3.74613000,0
1505572292,21586156,43.95,17.80306916,0
1505572291,21586155,43.95,0.39693084,1
1505572020,21585924,44.47,1.00023000,0
1505571973,21585905,44.54,9.76380781,0
1505571869,21585839,44.37,5.75000000,0
1505571836,21585816,43.90,13.37129004,0
1505571836,21585815,43.90,18.20000000,1
1505571836,21585814,43.90,1.99949749,1
1505571824,21585804,43.91,3.49578683,1
1505571822,21585799,44.70,0.08871165,1
1505571821,21585797,44.70,2.75135994,1
1505571821,21585793,44.70,15.70400000,0
1505571803,21585777,44.27,9.61081903,0
1505571706,21585726,44.78,134.01451078,0
1505571706,21585725,44.69,2.79000000,0
1505571705,21585724,44.69,0.12000000,0
1505571705,21585723,44.65,1.46051253,0
1505571705,21585722,44.63,45.69191466,0
1505571705,21585721,44.59,0.12000000,0
1505571705,21585720,44.55,0.51147151,0
1505571705,21585719,44.50,20.00000000,0
1505571705,21585718,44.49,0.12000000,0
1505571705,21585717,44.40,65.69005447,0
1505571705,21585716,44.39,0.12000000,0
1505571705,21585715,44.29,0.12000000,0
1505571704,21585714,44.24,1.24802332,0
1505571704,21585713,44.19,0.12000000,0
1505571704,21585712,44.14,2.83166650,0
1505571704,21585711,44.14,0.64600000,0
1505571704,21585710,44.13,10.71000000,0
1505571695,21585708,44.09,6.66725335,1
1505571695,21585707,44.09,0.12000000,0
1505571450,21585569,44.00,0.50000000,1
1505571409,21585535,44.00,0.00000010,1
1505571409,21585534,44.00,7.64000000,1
1505571409,21585533,44.00,1.56111190,1
1505571407,21585531,44.00,7.73780100,1
1505571380,21585513,44.00,7.41108710,0
1505571380,21585512,43.99,0.12000000,0
1505571379,21585510,43.89,0.12000000,0
1505571209,21585350,43.70,9.78945104,1
1505571127,21585290,43.66,0.50000000,1
1505570941,21585210,43.77,8.31194800,0
1505570941,21585209,43.69,0.12000000,0
1505570894,21585196,43.66,33.04619309,0
1505570846,21585169,43.60,2.96227708,0
1505570846,21585168,43.60,18.74672292,1
1505570475,21584797,43.54,1.00000000,0
1505570339,21584673,43.83,1.68204545,0
1505570077,21584412,43.95,0.78088737,0
1505570038,21584350,43.24,3.54995374,1
1505570035,21584347,43.54,0.47173665,0
1505570035,21584346,43.60,1.54933335,1
1505570028,21584335,44.00,2.83166650,1
1505570023,21584325,44.00,0.64600000,0
1505570019,21584322,44.00,0.45573451,1
1505570019,21584321,43.99,0.12000000,0
1505570019,21584320,43.89,0.12000000,0
1505570017,21584317,43.74,0.85293853,0
1505569982,21584207,43.60,16.94991157,0
1505569980,21584204,43.60,15.61545000,0
1505569928,21584165,43.60,1.33455000,0
1505569869,21584092,43.57,44.22460000,1
1505569850,21584075,43.57,1.94238000,0
1505569716,21583934,43.99,10.00023000,0
1505569457,21583588,44.25,9.93479860,1
1505569457,21583586,44.19,0.12000000,0
1505569457,21583584,44.19,16.95000000,1
1505569456,21583583,44.09,0.12000000,0
1505569456,21583582,44.00,1.00000000,0
1505569456,21583581,44.00,16.95000000,1
1505569456,21583580,43.99,0.12000000,0
1505569455,21583579,43.89,0.12000000,0
1505569455,21583578,43.89,17.90551506,1
1505569455,21583577,43.85,16.95000000,0
1505569454,21583576,43.83,9.62581041,0
1505569454,21583575,43.79,0.12000000,0
1505569452,21583574,43.69,0.12000000,0
1505569292,21583383,43.68,0.70357000,0
1505569257,21583321,43.36,1.00000000,1
1505569205,21583198,43.21,35.73729000,1
1505569164,21583076,43.56,4.26271000,1
1505569159,21583055,43.68,38.46824000,1
1505569159,21583053,43.68,10.00000000,1
1505569158,21583052,43.59,0.12000000,0
1505569158,21583051,43.59,0.12000000,0
1505569158,21583050,43.59,0.12000000,0
1505569158,21583049,43.49,0.12000000,0
1505569158,21583047,43.47,17.75000000,0
1505569158,21583045,43.39,0.12000000,0
1505569149,21583001,43.29,0.12000000,0
1505569149,21582998,43.19,0.00060000,0
1505569149,21582992,43.00,38.74974832,0
1505569148,21582985,43.00,9.51097829,0
1505569147,21582974,43.00,1.73927339,0
1505569146,21582967,43.19,0.11940000,0
1505569143,21582948,43.00,24.24388852,0
1505569143,21582946,43.00,7.48493600,0
1505569142,21582944,43.00,7.64632070,0
1505569142,21582939,43.00,4.84139041,0
1505569141,21582934,43.00,0.11940000,0
1505569140,21582930,43.00,0.91878437,1
1505569140,21582929,43.08,4.74528000,1
1505569138,21582922,43.00,9.08121524,0
1505569138,21582921,43.00,0.91878476,0
1505569138,21582918,43.00,9.08121524,0
1505569137,21582911,43.00,0.91878476,0
1505569135,21582903,43.01,5.67081000,1
1505569135,21582901,43.10,4.32919000,1
1505569129,21582873,43.00,10.00000000,0
1505569129,21582872,43.00,5.51053853,0
1505569127,21582862,43.00,4.48946147,1
1505569126,21582858,43.00,0.49608993,0
1505569126,21582854,43.00,4.71824437,0
1505569126,21582852,43.00,4.78566570,1
1505569121,21582834,43.00,1.17222039,0
1505569121,21582829,43.00,5.26712084,0
1505569120,21582827,43.05,3.56065877,1
1505569118,21582820,43.18,3.56065877,0
1505569113,21582791,43.09,0.00000037,0
1505569113,21582790,42.95,4.90756567,0
1505569109,21582765,42.95,5.09243433,0
1505569108,21582764,42.95,0.00000500,0
1505569099,21582744,42.95,9.99999500,1
1505569096,21582739,42.95,10.00000000,0
1505569095,21582737,42.95,2.88922139,0
1505569070,21582713,42.95,9.77921021,0
1505569061,21582684,42.90,5.66466696,0
1505569054,21582668,42.90,4.33533304,0
1505569053,21582666,42.90,5.41610196,0
1505569046,21582651,42.90,4.58389804,0
1505569046,21582650,42.90,0.36359796,0
1505568944,21582562,42.90,9.78945104,0
1505568876,21582527,42.90,3.46155100,0
1505568862,21582522,42.90,1.38540000,1
1505568860,21582521,42.90,8.55071100,0
1505568860,21582520,42.90,1.38540000,0
1505568859,21582519,42.90,5.06388900,0
1505568768,21582444,43.09,1.18334800,0
1505568768,21582443,43.09,2.37957000,0
1505568734,21582394,42.90,4.27829600,0
1505568719,21582373,42.90,10.72170400,0
1505568694,21582319,43.00,1.00000000,0
1505568694,21582318,42.99,0.12000000,0
1505568664,21582290,42.80,2.06578100,0
1505568625,21582263,42.80,12.93421900,0
1505568585,21582231,42.80,15.00000000,0
1505568585,21582230,42.80,0.18565900,0
1505568567,21582212,42.80,14.81434100,0
1505568524,21582160,42.98,7.56591200,0
1505568273,21581859,42.93,1.18334837,1
1505568257,21581826,42.93,2.37957000,1
1505568094,21581593,42.65,3.00023000,0
1505568033,21581549,42.60,44.97417840,0
1505567986,21581453,42.60,1.04516000,0
1505567985,21581449,42.60,1.00715000,0
1505567985,21581448,42.60,0.03801000,0
1505567976,21581428,42.60,11.96380000,0
1505567975,21581425,42.60,2.57979000,0
1505567974,21581420,42.60,35.41840000,0
1505567953,21581410,42.35,3.62455726,1
1505567948,21581406,42.44,0.01527538,0
1505567947,21581401,42.50,14.56430000,0
1505567945,21581400,42.47,0.01356534,0
1505567943,21581397,42.50,8.97768000,0
1505567942,21581394,42.50,2.76264000,0
1505567939,21581391,42.63,3.60075064,1
1505567935,21581385,42.50,31.98018998,0
1505567935,21581384,42.50,6.13397820,0
1505567933,21581382,42.50,3.59400608,1
1505567933,21581381,42.50,6.43108710,1
1505567933,21581380,42.51,1.86073864,1
1505567901,21581342,42.50,0.98000000,1
1505567894,21581334,42.62,2.73302221,0
1505567889,21581314,42.62,2.72206999,1
1505567889,21581313,42.62,3.59064248,1
1505567889,21581312,42.62,0.00000079,1
1505567889,21581311,42.66,3.58728674,1
1505567850,21581189,42.70,0.64600000,1
1505567850,21581186,42.70,1.00000000,1
1505567738,21580920,42.71,3.59400608,1
1505567734,21580900,42.75,0.01088660,1
1505567732,21580894,43.15,1.00023000,0
1505567729,21580888,42.88,3.57975667,0
1505567729,21580886,42.75,3.59064248,1
1505567716,21580869,42.88,3.56893666,1
1505567716,21580868,42.94,0.00000034,1
1505567712,21580864,42.94,3.56313775,1
1505567712,21580862,42.94,0.00000025,1
1505567514,21580030,43.18,0.90000000,1
1505567341,21579859,43.19,1.61000000,1
1505567211,21579764,43.29,0.12000000,0
1505567173,21579733,43.26,3.76000000,0
1505567172,21579732,43.26,3.76000000,1
1505567162,21579724,43.19,0.12000000,1
1505567091,21579658,43.19,0.12000000,0
1505567091,21579657,43.09,0.12000000,0
1505567006,21579572,43.08,3.56313809,0
1505566961,21579540,43.00,11.43490000,0
1505566961,21579539,42.99,0.12000000,0
1505566943,21579473,43.06,22.19670431,0
1505566941,21579462,43.00,7.78687354,1
1505566934,21579441,43.00,30.75904900,1
1505566928,21579422,43.01,3.56893745,1
1505566918,21579400,43.08,3.55077467,1
1505566918,21579399,43.09,0.00006733,1
1505566800,21579226,43.09,3.55070759,1
1505566712,21579123,43.10,14.04000000,1
1505566623,21579076,43.12,14.90718492,1
1505566623,21579075,43.12,7.70981508,0
1505566621,21579074,43.30,0.38300000,1
1505565794,21578377,43.97,0.26036000,1
1505565794,21578375,43.89,0.12000000,0
1505565794,21578374,43.79,0.12000000,0
1505565792,21578373,43.42,0.00280000,0
1505565589,21578241,43.50,4.00000000,1
1505565434,21578146,43.74,7.44945508,0
1505565432,21578138,43.23,3.55077492,0
1505565425,21578117,43.23,3.55077492,1
1505565423,21578112,43.00,11.92971409,1
1505565422,21578108,43.03,0.00000011,1
1505565422,21578103,43.03,1.26947200,1
1505565422,21578102,43.03,2.28376863,1
1505565422,21578101,43.05,1.00000000,1
1505565421,21578100,43.08,0.01711791,1
1505565421,21578098,43.08,3.55235359,1
1505565421,21578096,43.08,0.00006483,1
1505565421,21578095,43.08,3.52873563,1
1505565421,21578094,43.08,3.54749248,1
1505565421,21578093,43.08,9.70653794,0
1505565420,21578090,43.10,0.01144617,1
1505565420,21578088,43.10,3.53686635,1
1505565420,21578084,43.11,3.54585354,1
1505565420,21578083,43.22,7.31000000,1
1505565418,21578080,43.23,5.29902163,0
1505565418,21578076,43.23,21.94791553,1
1505565365,21578001,43.37,13.61200000,1
1505565360,21577995,43.37,3.33375000,1
1505565358,21577993,43.38,8.35000000,1
1505565228,21577937,43.30,3.54585354,1
1505565219,21577929,43.51,5.51030000,1
1505565213,21577919,43.51,2.31643000,1
1505565209,21577914,43.18,3.46830203,0
1505565209,21577913,43.21,3.54169797,1
1505565209,21577912,43.51,2.70000000,1
1505565208,21577911,43.51,14.23269277,1
1505565207,21577909,43.51,2.71730723,0
1505565144,21577796,43.79,1.48481388,1
1505565144,21577793,43.46,0.00006880,0
1505565143,21577790,43.41,7.76341857,0
1505565005,21577627,43.44,16.95000000,0
1505565004,21577625,43.45,16.95000000,0
1505565003,21577619,43.46,16.95000000,1
1505564979,21577590,43.46,5.84997677,1
1505564975,21577586,43.46,11.10000000,1
1505564955,21577554,43.44,5.25000000,1
1505564955,21577552,43.44,5.85000000,1
1505564945,21577533,43.44,11.10000000,1
1505564929,21577507,43.43,0.39041000,1
1505564914,21577493,43.75,0.33302495,1
1505564910,21577487,43.42,11.10000000,1
1505564824,21577336,43.80,11.21826484,1
1505564756,21577240,43.33,0.59584130,1
1505564691,21577181,43.79,0.87588947,1
1505564691,21577180,43.79,0.12000000,0
1505564624,21577048,43.74,11.40024074,1
1505564624,21577047,43.74,1.91800343,1
1505564622,21577043,43.37,0.00008992,0
1505564620,21577038,43.34,3.54169797,0
1505564620,21577037,43.30,17.78043887,0
1505564620,21577036,43.29,0.01711791,0
1505564620,21577034,43.26,0.01144617,0
1505564619,21577031,43.21,3.55235359,0
1505564619,21577030,43.20,0.00000011,0
1505564609,21577002,43.20,1.26947200,0
1505564578,21576943,43.20,2.28376863,1
1505564575,21576928,43.20,2.81941366,1
1505564557,21576834,43.34,1.22963556,1
1505564557,21576832,43.34,2.31697243,1
1505564554,21576819,43.37,3.52792461,1
1505564526,21576697,43.50,1.00000000,1
1505564526,21576695,43.50,39.44591071,1
1505564524,21576689,43.50,2.71726832,1
1505564524,21576688,43.51,0.07514525,1
1505564519,21576670,43.51,1.17287807,1
1505564324,21576293,44.39,0.00022527,1
1505564324,21576292,44.16,0.00000013,0
1505564323,21576289,44.07,6.04320196,1
1505564282,21576255,43.51,3.52792461,1
1505564275,21576249,43.51,35.04457082,0
1505564275,21576248,43.51,0.01604660,1
1505564275,21576247,43.51,3.50136861,1
1505564275,21576246,43.51,3.51660939,1
1505564275,21576244,43.60,1.00000000,1
1505564274,21576242,43.89,3.48230490,1
1505564274,21576241,43.91,0.85284739,1
1505564273,21576239,44.00,0.00094634,1
1505564272,21576236,44.05,33.05000000,1
1505564271,21576233,44.05,16.95000000,1
1505564205,21576125,44.00,2.49905366,1
1505564191,21576105,44.01,19.98883572,0
1505564157,21576059,44.02,13.89753408,0
1505564102,21575925,44.16,1.50067900,0
1505564090,21575901,44.20,0.51283565,1
1505564035,21575852,44.20,0.37717000,0
1505564033,21575849,44.53,2.36533700,1
1505564032,21575847,44.53,7.63489300,0
1505564011,21575830,44.51,0.88000000,1
1505564011,21575827,44.49,0.12000000,0
1505563976,21575802,44.39,23.00459873,1
1505563869,21575708,44.42,1.12269248,0
1505563866,21575699,44.39,0.12000000,0
1505563803,21575611,44.19,4.18336800,1
1505563391,21575133,44.08,3.20500000,0
1505563360,21575088,44.48,1.00000000,0
1505563305,21575002,44.00,8.50628280,0
1505563303,21574998,44.30,1.46414361,1
1505563137,21574740,44.76,8.51258000,0
1505563137,21574739,44.69,0.62778312,1
1505563137,21574738,44.69,0.12000000,0
1505563136,21574737,44.60,1.76419431,0
1505563136,21574736,44.59,0.12000000,0
1505563136,21574735,44.49,0.12000000,0
1505563136,21574734,44.48,0.50749257,0
1505563113,21574722,44.48,0.00693368,0
1505563113,21574721,44.45,9.91003632,0
1505562787,21574351,44.54,9.91003632,0
1505562763,21574322,44.20,0.12000000,1
1505562652,21574151,44.13,0.86480419,1
1505562642,21574142,44.09,1.13816985,1
1505562640,21574140,44.06,0.86480419,1
1505562630,21574131,44.08,3.48230490,1
1505562628,21574119,44.09,0.55933912,1
1505562618,21574102,44.03,0.51579827,1
1505562610,21574093,43.99,0.51579827,1
1505562608,21574092,44.00,0.20000000,1
1505562602,21574078,43.77,0.51579827,1
1505562592,21574057,44.15,0.51579827,1
1505562583,21574045,44.17,0.31579827,1
1505562547,21574000,44.00,0.23994188,1
1505562500,21573911,43.70,0.20000000,0
1505562492,21573902,43.64,0.01604660,0
1505562474,21573872,44.68,0.20000000,0
1505562463,21573868,44.12,0.12000000,1
1505562450,21573858,44.60,0.12000000,1
1505562449,21573857,43.66,3.51660939,1
1505562442,21573855,44.12,0.12000000,1
1505562437,21573853,44.08,0.12000000,1
1505562429,21573848,44.04,0.12000000,1
1505562418,21573843,44.13,0.12000000,1
1505562379,21573782,43.86,3.50136861,1
1505562378,21573778,44.71,0.20000000,1
1505562316,21573718,44.85,0.20000000,0
1505562316,21573716,44.46,3.28998622,0
1505562316,21573715,44.66,0.68001378,1
1505562315,21573714,44.80,0.08000000,1
1505562281,21573658,44.79,0.12000000,0
1505562182,21573517,44.68,0.20000000,0
1505562139,21573478,43.98,7.34768900,0
1505562139,21573476,44.11,16.95000000,1
1505562090,21573442,44.78,46.41469405,1
1505562088,21573439,44.09,1.00000000,0
1505562017,21573339,44.08,0.12000000,1
1505562012,21573329,44.08,0.12000000,1
1505562011,21573324,44.08,3.08759473,0
1505562006,21573297,43.73,0.12000000,1
1505561928,21573077,44.08,1.00000000,0
1505561758,21572835,44.08,1.00000000,0
1505561729,21572787,44.04,2.99119706,0
1505561728,21572785,44.04,0.24085294,0
1505561718,21572762,44.04,1.00000000,0
1505561447,21572202,43.93,2.74000000,0
1505561434,21572193,43.50,3.52873563,1
1505561429,21572179,43.51,0.00036312,1
1505561429,21572178,43.52,31.24157165,0
1505561427,21572176,43.52,6.64806523,1
1505561413,21572139,43.73,8.05000000,1
1505561412,21572137,43.73,16.95000000,1
1505561405,21572115,44.04,1.37000000,0
1505561405,21572113,43.51,0.04425682,1
1505561405,21572111,43.51,3.00000000,1
1505561404,21572108,43.58,3.51178220,1
1505561404,21572107,43.70,0.01190000,1
1505561404,21572106,43.70,38.19093600,0
1505561404,21572105,43.70,68.46541100,0
1505561403,21572104,43.70,2.20209400,0
1505561403,21572102,43.72,7.80758982,1
1505561403,21572101,43.73,4.00000000,0
1505561401,21572099,43.73,12.76603016,1
1505561368,21572010,43.95,1.36000000,0
1505561360,21571984,43.71,3.51178220,1
1505561349,21571946,43.96,3.48151508,1
1505561348,21571942,44.04,3.27150000,0
1505561347,21571936,43.98,3.72959915,1
1505561346,21571931,43.98,6.19231700,1
1505561345,21571924,43.98,5.12142705,1
1505561344,21571920,43.97,18.94928316,0
1505561344,21571915,44.01,0.00000022,1
1505561343,21571910,44.01,1.99999978,1
1505561342,21571893,44.04,8.07879653,1
1505561340,21571879,44.04,4.89896386,1
1505561340,21571874,44.04,16.20425700,1
1505561339,21571868,44.04,12.85608447,1
1505561336,21571860,44.04,14.57200614,1
1505561334,21571853,44.05,9.27809285,0
1505561333,21571850,44.04,10.78989200,1
1505561330,21571846,44.14,5.31184954,0
1505561326,21571842,44.09,2.00000000,1
1505561279,21571723,44.40,2.00000000,0
1505561275,21571703,44.30,1.00000000,1
1505561273,21571694,44.97,5.87493693,0
1505561271,21571683,44.40,11.38089884,0
1505561267,21571666,44.41,22.44838000,1
1505561142,21571306,44.99,0.12000000,0
1505561087,21571166,45.00,1.93939803,0
1505561087,21571165,44.31,0.06060197,0
1505561068,21571147,44.31,4.11854386,0
1505561064,21571140,45.00,5.35044444,1
1505561064,21571139,44.96,11.42000000,1
1505561064,21571137,44.95,15.19200000,0
1505561063,21571134,44.94,34.68428063,1
1505561052,21571117,44.11,3.48151508,1
1505560941,21570984,44.90,4.39332406,0
1505560938,21570981,44.61,1.00000000,1
1505560888,21570912,44.61,2.29146800,1
1505560888,21570911,44.61,2.12475962,1
1505560865,21570880,44.99,1.93333333,0
1505560858,21570862,44.86,6.37368308,1
1505560857,21570861,44.84,0.01706693,1
1505560856,21570857,44.84,3.39631977,1
1505560854,21570855,45.00,0.39458505,0
1505560854,21570854,44.99,0.12000000,0
1505560854,21570853,44.98,3.41338670,0
1505560854,21570852,44.97,3.02545000,0
1505560854,21570851,44.97,0.12000044,0
1505560854,21570850,44.89,0.12000000,0
1505560853,21570849,44.84,1.70020947,0
1505560853,21570848,44.79,0.12000000,0
1505560840,21570806,44.97,5.62712600,0
1505560840,21570804,44.79,0.12000000,0
1505560832,21570773,44.96,0.12000000,1
1505560831,21570771,44.96,4.97632786,1
1505560830,21570768,44.89,0.12000000,0
1505560830,21570767,44.84,0.00000029,0
1505560828,21570764,44.84,3.30390358,0
1505560828,21570763,44.84,0.12000000,0
1505560828,21570762,44.80,1.76150000,0
1505560828,21570761,44.80,9.64394542,0
1505560828,21570760,44.79,0.12000000,0
1505560781,21570625,44.79,4.74976500,1
1505560758,21570592,44.80,1.45739387,0
1505560709,21570508,44.69,3.30390387,1
1505560668,21570433,44.80,8.89866071,0
1505560666,21570427,44.79,0.12000000,0
1505560604,21570326,44.69,0.12000000,0
1505560592,21570272,44.65,6.65619100,0
1505560576,21570242,44.68,2.23254252,0
1505560543,21570155,44.59,0.12000000,0
1505560542,21570153,44.49,0.12000000,0
1505560542,21570151,44.39,0.12000000,0
1505560528,21570121,44.31,9.94507383,0
1505560528,21570120,44.31,3.47446000,0
1505560528,21570119,44.29,0.12000000,0
1505560508,21570079,44.20,5.01426500,0
1505560493,21570063,44.20,10.90000000,0
1505560480,21570040,44.20,3.10097000,0
1505560478,21570037,44.20,5.33981000,0
1505560477,21570034,44.20,9.40500000,0
1505560465,21569969,44.19,19.95925200,1
1505560444,21569929,44.20,11.23995500,0
1505560369,21569806,44.23,1.91426000,0
1505560367,21569798,44.23,4.64544000,0
1505560366,21569795,44.21,5.52362000,0
1505560366,21569794,44.19,0.12000000,0
1505560364,21569792,44.18,2.27349000,0
1505560306,21569732,44.02,16.95000000,1
1505560228,21569638,43.96,16.95000000,1
1505560211,21569615,44.30,1.69646000,0
1505560210,21569614,44.29,0.12000000,0
1505560210,21569613,44.19,0.12000000,0
1505560080,21569513,43.63,16.95000000,0
1505560076,21569511,43.84,3.33848492,0
1505560076,21569510,44.03,3.48151508,1
1505560075,21569507,44.19,11.34781624,0
1505560074,21569506,44.18,1.34970100,1
1505560074,21569505,44.18,3.48151508,1
1505560072,21569503,44.09,0.12000000,0
1505560037,21569464,44.34,1.13199000,1
1505560037,21569462,44.29,0.12000000,0
1505560037,21569461,44.19,0.12000000,0
1505560037,21569460,44.09,0.12000000,0
1505560037,21569459,43.99,0.12000000,0
1505560037,21569458,43.89,0.12000000,0
1505560036,21569457,43.79,0.12000000,0
1505559999,21569375,43.69,0.12000000,0
1505559999,21569374,43.59,0.12000000,0
1505559999,21569373,43.49,0.00060000,0
1505559987,21569325,43.49,0.11940000,0
1505559977,21569302,43.48,0.12000000,1
1505559977,21569300,43.48,1.22970039,0
1505559976,21569293,43.48,2.31697243,0
1505559974,21569285,43.28,3.54749248,1
1505559972,21569276,44.05,0.00000281,1
1505559971,21569270,44.05,3.47442000,1
1505559968,21569253,44.45,4.48818898,0
1505559960,21569231,44.18,0.49090732,1
1505559946,21569211,44.18,2.98272924,1
1505559902,21569039,44.30,5.47000000,1
1505559901,21569033,44.19,3.47442281,1
1505559879,21568957,44.57,21.70181574,0
1505559879,21568955,44.49,0.12000000,0
1505559878,21568954,44.39,0.12000000,0
1505559878,21568952,44.38,3.47363656,1
1505559876,21568947,44.19,0.40000000,0
1505559853,21568863,44.39,26.94165352,1
1505559853,21568861,44.29,0.12000000,0
1505559852,21568859,44.19,0.12000000,0
1505559852,21568855,44.09,0.12000000,0
1505559852,21568854,43.99,0.12000000,0
1505559850,21568847,43.89,0.12000000,0
1505559815,21568723,43.41,3.53686635,1
1505559814,21568715,43.86,1.58987000,0
1505559810,21568703,43.80,0.24060516,0
1505559809,21568697,43.80,1.00577600,0
1505559809,21568696,43.79,0.12000000,0
1505559809,21568694,43.69,0.12000000,0
1505559809,21568691,43.59,0.00060000,0
1505559803,21568663,43.59,0.11940000,0
1505559790,21568611,43.66,2.76263000,0
1505559784,21568588,43.66,5.06999497,0
1505559784,21568587,43.66,5.02000000,0
1505559784,21568585,43.66,6.86178603,0
1505559779,21568572,43.66,5.06622346,0
1505559774,21568563,43.66,5.02199051,0
1505559774,21568561,43.66,0.00000560,0
1505559773,21568554,43.66,4.95999440,0
1505559773,21568553,43.66,2.04000000,0
1505559773,21568552,43.66,9.95017860,0
1505559769,21568544,43.66,4.96078140,0
1505559746,21568479,43.66,2.03904000,0
1505559746,21568478,43.59,0.12000000,0
1505559745,21568477,43.49,0.12000000,0
1505559745,21568475,43.39,0.12000000,0
1505559709,21568259,43.29,0.12000000,0
1505559701,21568226,42.95,20.00000000,1
1505559683,21568159,43.19,0.65007787,0
1505559679,21568151,43.25,2.58231213,1
1505559679,21568148,43.25,4.18000000,1
1505559678,21568144,43.27,36.35187121,0
1505559678,21568142,43.28,3.23012879,1
1505559676,21568135,43.19,0.12000000,0
1505559676,21568132,43.09,0.12000000,0
1505559675,21568126,42.99,0.12000000,0
1505559646,21567988,42.89,0.12000000,0
1505559635,21567958,42.88,17.92261866,0
1505559634,21567956,42.88,28.30140000,0
1505559633,21567947,42.88,5.29343332,0
1505559633,21567942,42.88,6.34312000,0
1505559631,21567939,42.87,17.84226151,0
1505559628,21567921,42.88,5.09854130,0
1505559627,21567917,42.88,16.32000000,0
1505559627,21567913,42.88,8.56809702,0
1505559623,21567895,42.88,5.35990678,0
1505559623,21567889,42.88,10.00023000,0
1505559621,21567882,42.88,4.83702048,0
1505559620,21567876,42.88,6.11007462,0
1505559619,21567873,42.88,4.84511953,0
1505559617,21567856,42.88,4.83135921,0
1505559615,21567848,42.88,2.32103713,0
1505559615,21567844,42.79,3.58728674,1
1505559613,21567833,42.88,5.10645260,0
1505559609,21567822,43.02,1.99977111,0
1505559608,21567819,43.69,1.99977111,1
1505559608,21567818,43.59,0.12000000,0
1505559607,21567817,43.49,0.12000000,0
1505559607,21567816,43.39,0.12000000,0
1505559607,21567815,43.29,0.12000000,0
1505559606,21567814,43.19,0.12000000,0
1505559606,21567813,43.09,0.12000000,0
1505559606,21567808,43.00,0.64500000,0
1505559605,21567806,42.99,0.12000000,0
1505559605,21567805,42.90,1.00000000,0
1505559603,21567801,42.89,0.12000000,0
1505559598,21567792,42.79,2.57838000,0
1505559598,21567789,42.79,1.85510634,0
1505559597,21567785,42.79,3.88729400,0
1505559597,21567784,42.79,11.43164291,0
1505559597,21567782,42.79,6.12292591,0
1505559596,21567780,42.79,9.30170601,0
1505559596,21567778,42.79,15.42463192,0
1505559595,21567776,42.79,6.12292591,0
1505559592,21567770,42.79,4.85800000,0
1505559576,21567754,42.77,3.06000000,0
1505559575,21567749,42.78,10.25000000,1
1505559575,21567748,42.78,6.69000000,1
1505559565,21567744,42.77,10.26000000,0
1505559564,21567740,42.77,16.95000000,0
1505559563,21567739,42.77,16.95000000,0
1505559563,21567738,42.77,13.90000000,0
1505559563,21567736,42.77,3.05000000,0
1505559562,21567735,42.78,12.59000000,1
1505559562,21567734,42.78,1.30000000,1
1505559561,21567731,42.78,3.06000000,0
1505559561,21567730,42.77,12.58000000,0
1505559560,21567725,42.78,4.37000000,1
1505559560,21567724,42.78,12.57000000,1
1505559555,21567705,42.78,4.38000000,0
1505559546,21567675,42.78,5.54863576,0
1505559541,21567642,42.73,3.59257001,1
1505559538,21567625,42.73,2.53365269,1
1505559521,21567489,42.74,2.53185501,1
1505559518,21567473,42.74,2.53125585,0
1505559516,21567468,42.75,30.00000000,1
1505559374,21566983,42.80,1.72690984,1
1505559336,21566928,42.51,0.03977022,0
1505559335,21566923,42.51,7.91427445,0
1505559333,21566913,42.51,5.04595533,0
1505559285,21566782,42.38,2.00000000,1
1505559284,21566767,42.38,3.62199150,1
1505559281,21566745,42.03,5.91867565,1
1505559281,21566741,42.04,3.62500000,1
1505559280,21566739,42.17,1.00000000,1
1505559280,21566736,42.35,3.61176470,1
1505559280,21566735,42.37,3.61176470,1
1505559278,21566727,42.50,2.21287542,1
1505559198,21566577,42.90,1.00000000,0
1505559156,21566486,42.51,3.61176470,1
1505559098,21566361,42.51,3.61176470,1
1505559096,21566359,42.50,15.28712458,1
1505559096,21566358,42.50,2.35000000,1
1505559095,21566357,42.63,1.57802934,1
1505559095,21566356,42.63,2.01177421,1
1505559095,21566355,42.70,3.42369395,1
1505559095,21566354,42.88,1.78835210,1
1505559093,21566352,42.97,2.39934000,1
1505559092,21566345,42.88,1.95426790,1
1505559092,21566341,42.97,2.26478000,1
1505559088,21566325,42.90,1.09633000,0
1505559085,21566320,42.70,0.16024254,1
1505559085,21566317,42.75,3.57975746,1
1505559083,21566311,42.83,6.26000000,1
1505559033,21566185,42.84,30.00000000,1
1505558979,21566055,43.37,3.39310479,0
1505558967,21566038,42.83,3.58393649,1
1505558948,21565974,42.76,1.57802934,0
1505558945,21565966,42.76,1.56548050,1
1505558945,21565965,42.76,3.62500000,1
1505558945,21565962,42.80,1.24638116,1
1505558944,21565960,42.95,3.56313834,1
1505558929,21565911,43.29,6.18566600,0
1505558878,21565766,42.96,7.20000000,1
1505558859,21565699,43.01,66.96238431,1
1505558859,21565697,43.02,20.29974130,1
1505558859,21565695,43.23,9.58946239,1
1505558806,21565502,43.57,8.01285438,1
1505558771,21565439,43.25,9.90000000,1
1505558763,21565424,43.26,2.20881774,0
1505558763,21565415,43.29,11.87674206,1
1505558657,21565196,43.80,22.50855904,1
1505558656,21565191,43.80,1.22431767,0
1505558638,21565128,43.09,10.68482932,0
1505558633,21565116,43.08,3.56313834,1
1505558631,21565109,42.76,33.35777546,0
1505558630,21565108,42.76,10.50000000,0
1505558630,21565107,42.76,1.62326500,0
1505558630,21565106,42.76,7.11664500,0
1505558630,21565105,42.76,7.10964000,0
1505558630,21565104,42.76,6.22089400,0
1505558630,21565103,42.76,18.73978900,0
1505558630,21565102,42.76,7.12593400,0
1505558630,21565101,42.76,2.54906200,0
1505558629,21565099,42.76,1.09516100,0
1505558629,21565097,42.76,5.66574000,0
1505558628,21565089,42.77,222.43000000,0
1505558628,21565085,42.81,3.57142857,1
1505558628,21565084,42.81,6.96063786,0
1505558628,21565083,42.81,2.56067000,0
1505558627,21565080,42.83,5.14799300,1
1505558627,21565078,42.87,3.56976744,1
1505558627,21565076,42.87,133.94355202,0
1505558626,21565071,42.93,0.00000144,1
1505558626,21565070,42.93,3.56231000,1
1505558626,21565069,43.00,34.50000000,1
1505558626,21565068,43.00,11.00000000,1
1505558626,21565067,43.00,1.22431767,1
1505558625,21565066,43.00,1.42024254,1
1505558625,21565065,43.01,23.99000000,1
1505558625,21565064,43.47,3.51822140,1
1505558623,21565062,43.50,21.49695260,1
1505558617,21565052,43.65,10.52618000,0
1505558617,21565051,43.65,5.42382000,0
1505558611,21565027,43.65,1.00000000,0
1505558594,21565011,43.64,6.87504400,0
1505558547,21564925,43.63,3.51822140,1
1505558539,21564909,43.88,3.49737981,1
1505558530,21564874,44.18,142.22501465,0
1505558530,21564873,44.09,0.12000000,0
1505558529,21564872,44.05,26.37094610,0
1505558529,21564871,44.04,3.49737981,1
1505558527,21564864,43.89,0.12000000,0
1505558519,21564830,43.89,5.78914800,0
1505558519,21564829,43.89,8.47855100,0
1505558511,21564823,44.00,0.88000000,1
1505558511,21564822,43.99,0.12000000,0
1505558505,21564814,43.91,1.00000000,0
1505558497,21564809,43.88,1.00000000,0
1505558492,21564803,43.90,0.88000000,0
1505558492,21564802,43.89,0.12000000,0
1505558483,21564790,43.88,2.81494400,0
1505558354,21564622,43.91,21.20023000,0
1505558175,21564273,43.19,7.00000000,1
1505558108,21563969,43.13,19.07238586,0
1505558094,21563907,43.09,0.00000144,0
1505558077,21563874,43.09,3.56231000,0
1505558047,21563715,43.00,3.57975746,1
1505558044,21563691,43.62,9.97042641,0
1505558040,21563666,42.98,3.57142857,1
1505558036,21563646,43.67,2.00160293,1
1505558022,21563526,43.72,1.00388838,0
1505557991,21563376,43.82,0.25000000,0
1505557978,21563339,43.38,15.93819031,1
1505557950,21563246,43.44,9.99776000,1
1505557939,21563185,43.43,2.65216511,1
1505557909,21563067,43.95,2.37139600,1
1505557908,21563063,43.95,4.07030700,1
1505557906,21563058,44.05,5.61765798,0
1505557906,21563057,43.96,22.61433302,0
1505557869,21562914,43.97,22.68819649,1
1505557867,21562903,43.28,0.00805509,0
1505557866,21562900,43.28,1.21504114,0
1505557857,21562860,43.28,3.57725471,1
1505557857,21562858,43.00,3.56976744,0
1505557856,21562855,42.91,8.83127946,1
1505557855,21562850,43.00,2.50000000,1
1505557855,21562844,43.28,0.17764699,1
1505557855,21562843,43.28,2.42677391,1
1505557855,21562842,43.28,0.93000230,1
1505557854,21562840,43.40,3.52630369,1
1505557854,21562837,43.66,19.22513923,1
1505557854,21562834,43.73,3.49977200,1
1505557852,21562831,43.80,26.25858242,1
1505557840,21562801,43.80,17.74141758,1
1505557840,21562800,43.83,1.37000000,0
1505557838,21562796,43.83,7.25997200,1
1505557707,21562581,43.90,4.61000000,1
1505557706,21562578,43.90,4.61000000,1
1505557706,21562576,43.90,4.61000000,1
1505557705,21562570,44.19,4.60960800,0
1505557704,21562568,44.19,5.00000000,0
1505557662,21562486,44.19,0.92748970,0
1505557650,21562473,44.18,1.00000000,0
1505557634,21562445,44.04,0.87202586,0
1505557632,21562442,44.08,0.12797414,1
1505557627,21562439,44.20,1.00000000,1
1505557589,21562364,44.20,2.50429300,0
1505557586,21562356,44.20,8.16000000,0
1505557585,21562353,44.20,3.35944464,1
1505557515,21562193,44.71,0.00044732,0
1505557514,21562188,44.67,4.46541303,1
1505557454,21562119,44.74,11.80165019,0
1505557454,21562118,44.74,1.84452773,0
1505557450,21562111,44.75,3.00023000,0
1505557430,21562067,44.19,10.00000000,1
1505557302,21561730,44.00,9.99776000,1
1505557290,21561696,43.86,2.03503700,1
1505557280,21561665,43.85,29.42610583,0
1505557279,21561664,43.85,3.49000000,0
1505557279,21561662,43.85,13.45000000,0
1505557278,21561660,43.86,3.50000000,1
1505557278,21561659,43.86,10.00000000,1
1505557278,21561658,43.86,3.44012998,1
1505557278,21561657,43.87,16.69376419,1
1505557264,21561622,43.86,3.49977200,1
1505557245,21561569,43.86,1.95009802,1
1505557245,21561568,43.86,8.04990198,1
1505557234,21561546,43.86,8.90009802,0
1505557233,21561541,43.86,16.94990198,0
1505557233,21561540,43.80,0.00009802,0
1505557227,21561524,43.80,21.11783028,0
1505557203,21561466,43.44,0.51222000,0
1505557179,21561420,43.86,11.00000000,0
1505557159,21561374,43.42,0.52969202,0
1505557157,21561371,43.55,0.86000000,1
1505557141,21561310,43.88,9.62993359,0
1505557141,21561309,43.61,0.00006641,0
1505557132,21561284,43.61,5.08078393,0
1505557123,21561243,43.88,11.00000000,0
1505557028,21560913,43.94,11.00000000,0
1505556995,21560839,43.53,3.52630369,1
1505556953,21560658,44.00,10.00023000,0
1505556947,21560629,43.98,0.00000021,1
1505556946,21560624,43.98,5.76658200,1
1505556943,21560607,43.98,1.90313779,0
1505556940,21560594,43.98,0.09686221,0
1505556938,21560580,43.80,6.73567600,0
1505556933,21560543,43.80,4.68128500,0
1505556932,21560539,43.80,6.98711900,0
1505556932,21560536,43.79,6.73567600,0
1505556926,21560481,43.79,15.17942500,1
1505556926,21560480,43.79,1.77057500,1
1505556924,21560475,43.79,16.95000000,1
1505556924,21560471,43.52,4.53000000,1
1505556923,21560469,43.52,12.42000000,1
1505556923,21560468,43.52,4.53000000,1
1505556922,21560463,43.79,5.43150700,1
1505556922,21560461,43.79,6.99148700,1
1505556922,21560459,43.79,4.52700600,1
1505556921,21560454,43.78,2.31000000,0
1505556921,21560453,43.52,16.95000000,1
1505556920,21560452,43.80,1.59592000,0
1505556920,21560451,43.52,12.04900000,1
1505556920,21560450,43.52,4.90100000,1
1505556918,21560440,43.52,16.95000000,1
1505556843,21560225,43.43,0.17764699,0
1505556842,21560222,43.43,2.42677391,0
1505556841,21560218,43.43,0.93000230,1
1505556836,21560204,43.21,0.01529350,1
1505556835,21560202,43.22,1.00000000,0
1505556835,21560201,43.22,1.31500000,0
1505556835,21560199,43.22,0.99500000,0
1505556835,21560198,43.30,1.00000000,0
1505556834,21560196,43.30,0.98470650,0
1505556834,21560195,43.21,80.00000000,1
1505556833,21560191,43.21,2.17400000,1
1505556833,21560188,43.21,0.64276000,1
1505556833,21560187,43.81,0.35724000,1
1505556833,21560186,43.81,0.64276000,1
1505556833,21560185,43.81,1.30724000,1
1505556830,21560172,42.88,198.33674518,0
1505556830,21560171,43.00,5.00000000,1
1505556830,21560170,43.00,100.00000000,1
1505556830,21560169,43.00,2.90000000,1
1505556830,21560168,43.00,2.00000000,1
1505556829,21560166,43.20,10.00000000,1
1505556829,21560164,43.42,3.75000000,1
1505556829,21560162,43.50,11.44533866,1
1505556828,21560161,43.51,3.51660939,1
1505556828,21560160,43.57,3.51178220,1
1505556828,21560158,43.64,3.50536652,1
1505556828,21560157,43.70,10.00000000,1
1505556826,21560151,43.81,42.72133292,1
1505556786,21560073,44.00,8.25097100,0
1505556749,21559979,44.43,7.24735539,0
1505556736,21559935,44.42,0.20000000,0
1505556721,21559877,44.43,36.45387838,1
1505556720,21559875,44.43,45.48000000,1
1505556720,21559873,43.74,17.92582162,0
1505556719,21559871,43.74,1.16672189,0
1505556719,21559867,43.73,3.51178220,0
1505556718,21559864,43.74,7.93561700,0
1505556718,21559862,43.74,8.50399600,0
1505556718,21559857,43.74,4.78632110,0
1505556716,21559848,43.74,4.32175766,0
1505556716,21559845,43.74,1.00000000,0
1505556716,21559844,43.74,6.11020000,0
1505556715,21559843,43.74,1.00000000,0
1505556715,21559842,43.74,17.32345200,0
1505556715,21559841,43.74,7.67009100,0
1505556715,21559840,43.74,5.54751100,0
1505556714,21559836,43.74,5.90524905,0
1505556714,21559831,43.74,9.98798167,0
1505556713,21559822,43.78,0.81528001,1
1505556629,21559525,43.70,1.00000000,0
1505556629,21559524,43.70,0.18471999,0
1505556628,21559520,43.70,1.81528001,0
1505556621,21559500,43.65,3.51660939,1
1505556619,21559498,43.65,183.16983149,1
1505556619,21559496,43.98,0.22993270,1
1505556619,21559494,43.98,3.25000000,1
1505556618,21559493,43.98,0.00000382,1
1505556618,21559492,44.00,4.01907017,1
1505556618,21559491,44.00,1.00000000,1
1505556618,21559490,44.00,2.27000000,1
1505556617,21559487,44.05,3.47285067,1
1505556617,21559484,44.06,3.47285067,1
1505556617,21559483,44.19,3.46110484,1
1505556615,21559478,44.20,45.65435564,1
1505556611,21559466,44.20,16.76419000,1
1505556596,21559386,44.20,3.64687500,1
1505556593,21559364,44.20,3.52839881,1
1505556581,21559320,44.20,3.47285067,1
1505556580,21559311,44.20,3.47285067,1
1505556577,21559292,44.20,62.88819071,1
1505556577,21559291,44.20,3.45876520,1
1505556577,21559290,44.24,0.00017328,1
1505556575,21559286,44.24,1.88665281,1
1505556573,21559280,44.24,1.57271864,1
1505556573,21559278,44.26,0.02472742,1
1505556573,21559276,44.26,0.40255394,1
1505556566,21559257,44.26,3.02914737,1
1505556566,21559254,44.34,2.46951606,1
1505556566,21559252,44.37,18.19958657,1
1505556560,21559234,44.37,3.00509005,1
1505556538,21559186,44.47,137.13421500,0
1505556487,21559048,44.47,5.93694300,0
1505556480,21559018,44.38,5.39566095,1
1505556473,21558990,44.37,3.45954473,1
1505556464,21558946,44.47,11.20122600,0
1505556460,21558921,44.47,5.80000000,0
1505556455,21558893,44.38,2.79000000,1
1505556453,21558880,44.47,16.98403000,0
1505556453,21558875,44.47,20.43209100,0
1505556452,21558874,44.47,2.96358600,0
1505556452,21558872,44.47,8.56790900,0
1505556428,21558815,44.47,16.95000000,0
1505556427,21558812,44.47,45.48000000,0
1505556427,21558811,44.49,16.95000000,1
1505556415,21558778,44.50,11.09254546,1
1505556379,21558701,44.81,16.95000000,0
1505556379,21558696,44.81,16.95000000,0
1505556378,21558695,44.80,16.95000000,0
1505556345,21558554,44.37,0.99538610,1
1505556337,21558508,44.55,3.46110484,1
1505556333,21558484,44.34,0.98613454,1
1505556333,21558481,44.41,0.01386546,1
1505556331,21558470,44.55,1.00000000,1
1505556329,21558454,44.55,0.01386546,0
1505556329,21558453,44.54,3.45565060,0
1505556324,21558413,44.41,0.02472742,0
1505556272,21558168,44.61,5.17188475,1
1505556252,21558047,44.74,24.13000000,1
1505556237,21557940,44.62,10.00000000,1
1505556237,21557939,44.62,21.13267571,1
1505556234,21557923,44.62,2.95000000,1
1505556229,21557890,44.62,5.25143980,1
1505556217,21557785,44.62,1.06133175,1
1505556196,21557615,44.87,8.00000000,0
1505556155,21557411,44.88,3.00000000,0
1505556150,21557399,44.86,3.00000000,0
1505556146,21557387,44.89,2.99999989,0
1505556146,21557386,44.62,0.00000011,0
1505556146,21557385,44.62,2.50999989,0
1505556146,21557384,44.62,4.41245711,0
1505556146,21557383,44.62,10.03200000,0
1505556143,21557373,44.62,2.50554289,1
1505556113,21557235,44.61,3.81000000,0
1505556113,21557234,44.61,11.45744713,0
1505556112,21557233,44.61,1.68101322,0
1505556107,21557219,44.61,3.81153965,1
1505556106,21557217,44.91,3.00000000,0
1505556047,21557060,44.73,3.43170131,1
1505556026,21557000,44.49,4.17186933,1
1505556026,21556999,44.50,0.64500000,1
1505556026,21556996,44.59,3.43246869,1
1505556025,21556995,44.72,0.01064546,1
1505556025,21556994,44.72,1.79141111,1
1505556025,21556993,44.72,1.20000000,1
1505556025,21556992,44.72,0.41970000,1
1505556024,21556990,44.73,16.26590541,0
1505556024,21556989,44.73,110.06300000,1
1505555986,21556890,44.73,3.43246869,1
1505555983,21556886,44.90,6.14645854,1
1505555983,21556885,44.86,0.01064546,0
1505555977,21556866,44.90,2.40808170,1
1505555977,21556864,44.90,1.00000000,1
1505555973,21556861,44.92,3.62500000,1
1505555957,21556822,45.02,2.56003000,0
1505555934,21556774,45.00,0.55400000,0
1505555931,21556770,45.00,2.37641489,0
1505555931,21556769,45.00,2.09000000,0
1505555931,21556768,45.00,8.31000000,0
1505555931,21556767,45.00,0.04410011,0
1505555927,21556755,45.00,6.50738600,0
1505555924,21556746,44.99,6.69469500,0
1505555923,21556738,45.00,1.09307000,0
1505555915,21556714,45.00,1.00000000,1
1505555915,21556713,45.00,8.30544389,1
1505555908,21556680,45.02,0.50641042,1
1505555875,21556628,45.02,19.85000000,1
1505555836,21556525,45.02,88.00000000,1
1505555829,21556499,45.02,4.89817300,1
1505555798,21556418,45.02,4.26832497,1
1505555763,21556334,45.32,2.34244160,0
1505555709,21556263,45.31,3.39885412,0
1505555692,21556229,45.00,1.00000000,1
1505555691,21556228,45.00,2.00000000,1
1505555691,21556227,45.00,0.69455611,1
1505555691,21556226,45.00,9.30544389,1
1505555686,21556219,45.00,1.79141111,1
1505555686,21556217,45.00,1.20000000,1
1505555686,21556216,45.00,0.41970000,1
1505555683,21556202,45.01,5.89440701,1
1505555683,21556200,45.02,4.43136384,1
1505555682,21556198,45.20,3.38553153,1
1505555682,21556197,45.20,3.38553153,1
1505555682,21556196,45.20,1.38316609,1
1505555682,21556195,45.20,2.00000000,1
1505555678,21556191,45.20,0.00236544,1
1505555678,21556190,45.28,0.00148683,1
1505555677,21556189,45.28,1.24763773,1
1505555677,21556188,45.28,2.12970000,1
1505555650,21556129,45.38,13.01873071,1
1505555650,21556126,45.39,2.37254901,1
1505555626,21556083,45.41,0.58407839,0
1505555617,21556063,45.41,1.22309623,0
1505555612,21556052,45.41,8.12984300,0
1505555582,21555960,45.41,5.24169769,0
1505555572,21555945,45.41,3.38682000,0
1505555544,21555891,45.41,9.60140900,0
1505555541,21555883,45.41,1.51580000,0
1505555533,21555866,45.41,2.75289100,0
1505555497,21555738,45.41,1.14740000,0
1505555497,21555731,45.41,7.16054300,0
1505555495,21555715,45.41,1.78142000,0
1505555493,21555702,45.41,1.73362000,0
1505555479,21555644,45.35,1.40853000,0
1505555437,21555455,45.39,2.35369000,0
1505555422,21555358,45.38,7.20195163,0
1505555422,21555356,45.34,0.00062837,0
1505555410,21555296,45.34,7.48220463,1
1505555409,21555294,45.40,31.98255285,1
1505555409,21555293,45.40,1.14353100,1
1505555403,21555242,45.40,23.00000000,1
1505555385,21555077,45.41,6.02628300,1
1505555381,21555039,45.55,16.95000000,0
1505555370,21554953,45.39,7.87391615,0
1505555368,21554922,45.34,5.25544233,1
1505555366,21554896,45.39,0.15000000,0
1505555330,21554668,45.34,3.38553153,1
1505555325,21554616,45.53,6.64616736,0
1505555322,21554579,45.34,2.00038915,1
1505555322,21554577,45.40,1.00000000,1
1505555321,21554576,45.41,0.00000010,1
1505555321,21554575,45.41,3.35636600,1
1505555321,21554574,45.41,0.01355706,1
1505555321,21554573,45.42,2.64518157,1
1505555321,21554568,45.42,0.50000000,1
1505555321,21554566,45.42,0.22400192,1
1505555321,21554562,45.54,0.26050420,1
1505555311,21554473,45.55,2.20103100,0
1505555309,21554447,45.55,12.04130200,0
1505555309,21554445,45.55,15.87808400,0
1505555305,21554407,45.56,2.64518157,0
1505555305,21554403,45.55,0.00000010,0
1505555305,21554395,45.55,3.35636600,0
1505555296,21554304,45.49,123.20554755,1
1505555296,21554303,45.50,32.67000000,1
1505555293,21554274,45.50,10.97000000,1
1505555290,21554247,45.50,1.07239646,1
1505555289,21554243,45.50,0.80000000,1
1505555289,21554240,45.50,1.00000000,1
1505555269,21554097,45.55,0.01355706,1
1505555267,21554080,45.56,0.50000000,0
1505555267,21554078,45.55,0.48644294,1
1505555261,21554046,45.56,1.73486022,1
1505555261,21554042,45.56,0.40000000,1
1505555261,21554036,45.56,1.00000000,1
1505555233,21553806,45.57,0.34040214,1
1505555233,21553803,45.60,1.00000000,1
1505555197,21553652,45.70,1.95886214,0
1505555192,21553622,45.70,0.40000000,0
1505555190,21553618,45.70,1.00000000,1
1505555188,21553612,45.85,0.00233430,1
1505555183,21553577,45.85,3.33462222,1
1505555146,21553446,46.00,0.66682310,1
1505555146,21553442,46.00,5.35000000,1
1505555146,21553440,46.00,2.00000000,1
1505555145,21553437,46.00,0.89317690,1
1505555144,21553422,46.00,3.49682310,1
1505555144,21553420,46.00,1.86542008,1
1505555141,21553404,46.00,3.33695652,1
1505555139,21553385,46.00,1.14762340,1
1505555139,21553383,46.00,4.19857268,1
1505555137,21553369,46.00,1.00142732,1
1505555136,21553368,46.00,0.99857268,1
1505555136,21553365,45.80,4.39142732,0
1505555135,21553360,45.80,1.00000000,1
1505555135,21553358,45.92,1.76192174,1
1505555135,21553354,45.92,1.57068789,1
1505555135,21553353,46.00,6.35000000,1
1505555135,21553352,46.00,4.80000000,1
1505555135,21553351,46.00,0.39681305,1
1505555134,21553350,46.00,1.72318695,1
1505555134,21553349,46.00,3.17000000,1
1505555134,21553348,46.00,0.49824218,1
1505555128,21553319,46.00,5.50975150,1
1505555125,21553295,46.00,0.84200632,1
1505555124,21553290,46.00,2.37000000,1
1505555124,21553287,46.00,2.42073870,1
1505555123,21553281,46.00,2.12926130,1
1505555123,21553279,46.00,3.16866753,1
1505555118,21553258,46.00,5.23348921,1
1505555113,21553239,46.00,1.61577283,1
1505555113,21553237,46.00,2.37423396,1
1505555111,21553226,46.00,4.55775880,1
1505555110,21553225,46.00,0.00007767,1
1505555110,21553224,46.00,4.96500000,1
1505555110,21553222,46.00,5.25544233,1
1505555110,21553221,46.00,2.90000000,1
1505555104,21553199,46.12,0.30546507,0
1505555104,21553198,46.12,0.66480419,0
1505555104,21553197,46.06,1.76192174,0
1505555097,21553160,46.06,0.03056211,1
1505555097,21553158,46.06,0.56299414,1
1505555096,21553149,46.06,0.02732013,1
1505555096,21553147,46.09,2.16424387,1
1505555091,21553125,46.12,0.20000000,0
1505555066,21553039,46.11,2.33600264,0
1505555066,21553037,46.12,0.00016522,1
1505555062,21553009,46.20,1.60125000,0
1505555059,21552994,46.19,1.44465000,0
1505555056,21552989,46.12,3.62483478,1
1505555054,21552980,46.20,0.59031427,1
1505555050,21552947,46.20,2.00000000,1
1505555046,21552925,46.20,15.19012460,1
1505555046,21552923,46.21,2.59034841,1
1505555046,21552922,46.25,0.00010038,1
1505555045,21552921,46.36,0.20000000,0
1505555045,21552920,46.25,0.72152825,1
1505555045,21552918,46.25,2.58300000,1
1505555045,21552916,46.35,0.00000473,1
1505555042,21552899,46.35,3.30178060,1
1505555042,21552898,46.36,0.51615940,1
1505554990,21552785,46.36,2.78176519,1
1505554989,21552782,46.39,10.34804810,1
1505554988,21552779,46.39,19.47640169,1
1505554980,21552756,46.36,32.69000000,1
1505554979,21552745,46.36,11.60008607,0
1505554940,21552687,46.39,19.50212266,1
1505554917,21552630,46.40,9.19214724,0
1505554916,21552626,46.48,0.95632531,1
1505554911,21552599,46.54,13.91482062,1
1505554911,21552597,46.54,7.57611240,1
1505554908,21552586,46.54,3.59164971,0
1505554800,21552407,46.63,10.14269291,0
1505554799,21552406,46.62,10.00000000,1
1505554791,21552383,46.80,10.14847255,0
1505554776,21552320,46.80,0.50000000,1
1505554774,21552311,46.81,29.75068300,1
1505554678,21552093,46.80,0.50000000,0
1505554674,21552090,46.82,3.00000000,1
1505554672,21552087,47.16,3.00000000,0
1505554670,21552086,46.82,0.70000000,0
1505554667,21552081,46.82,1.87000000,0
1505554667,21552079,46.82,1.13000000,0
1505554666,21552070,46.83,1.87000000,1
1505554665,21552066,46.82,2.55000000,0
1505554665,21552064,46.82,0.45000000,0
1505554665,21552063,46.82,3.00000000,0
1505554661,21552052,47.17,3.00000000,0
1505554661,21552049,46.82,2.55000000,0
1505554659,21552043,46.82,0.45000000,1
1505554658,21552039,46.82,1.35000000,0
1505554657,21552037,46.83,1.65000000,1
1505554656,21552035,46.83,3.00000000,1
1505554656,21552032,47.17,3.00000000,0
1505554650,21552002,47.16,3.00000000,0
1505554647,21552001,47.17,2.89000000,0
1505554647,21552000,47.09,0.11000000,0
1505554619,21551965,46.82,11.00000000,1
1505554512,21551780,46.86,4.09791000,1
1505554491,21551748,46.90,2.65000000,1
1505554490,21551739,47.19,2.66000000,0
1505554465,21551699,47.14,5.56336636,1
1505554464,21551698,47.14,11.54850000,1
1505554463,21551694,47.14,2.79215104,1
1505554463,21551693,47.14,12.06078731,1
1505554462,21551691,47.01,0.00007424,0
1505554462,21551690,47.00,18.03512105,0
1505554444,21551671,47.01,2.65000000,1
1505554398,21551643,47.24,10.55779000,1
1505554395,21551642,46.78,16.95000000,0
1505554383,21551631,46.78,14.29000000,0
1505554382,21551629,46.78,1.12547431,0
1505554380,21551623,46.78,1.53452569,0
1505554380,21551622,46.78,0.00038431,0
1505554380,21551621,46.78,14.28961569,0
1505554378,21551618,46.78,2.66000000,0
1505554375,21551617,46.78,16.95000000,0
1505554373,21551613,46.82,14.52000000,1
1505554373,21551612,46.82,2.43000000,1
1505554372,21551610,46.78,14.52000000,0
1505554371,21551609,46.78,2.43000000,1
1505554305,21551543,47.29,3.23507519,0
1505554292,21551528,47.30,139.42771150,0
1505554292,21551527,47.29,7.77000000,0
1505554292,21551526,47.29,0.11000000,0
1505554292,21551525,47.19,0.11000000,0
1505554292,21551524,47.15,3.25600059,0
1505554292,21551523,47.13,1.55000000,0
1505554292,21551522,47.12,17.70000000,0
1505554292,21551521,47.09,0.11000000,0
1505554215,21551439,46.94,3.25600059,0
1505554201,21551417,47.00,44.76412914,1
1505554200,21551415,47.00,3.26648198,0
1505554200,21551413,47.00,20.00000000,0
1505554200,21551412,46.99,0.11000000,0
1505554200,21551411,46.98,1.92000000,0
1505554200,21551410,46.95,9.59000000,0
1505554200,21551409,46.90,4.30556754,0
1505554200,21551408,46.89,2.30143297,0
1505554199,21551407,46.89,2.67812531,0
1505554199,21551406,46.89,2.67812531,0
1505554199,21551405,46.89,2.67812531,0
1505554199,21551404,46.89,2.67812531,0
1505554199,21551403,46.89,0.72250121,0
1505554199,21551402,46.89,2.30738592,0
1505554113,21551301,46.82,2.67000000,0
1505554082,21551272,46.84,2.67000000,0
1505554053,21551246,46.84,2.67000000,0
1505553994,21551218,46.83,0.21330000,0
1505553992,21551217,46.61,1.18000000,1
1505553992,21551216,46.62,0.11000000,1
1505553990,21551210,46.85,0.31000000,1
1505553990,21551209,46.83,2.25000000,0
1505553958,21551181,46.62,2.57000000,1
1505553958,21551180,46.82,0.26400000,1
1505553957,21551179,46.82,2.37600000,1
1505553942,21551153,46.84,2.45000000,0
1505553857,21551097,46.82,3.00000000,0
1505553853,21551096,46.83,1.70653402,0
1505553853,21551095,46.82,1.29346598,0
1505553847,21551092,46.83,0.72000000,0
1505553846,21551091,46.80,2.28000000,0
1505553846,21551089,46.82,0.12000000,1
1505553841,21551080,46.85,3.00000000,0
1505553840,21551079,46.80,2.48000000,0
1505553837,21551078,46.78,3.00000000,0
1505553831,21551074,46.84,3.00000000,0
1505553827,21551071,46.84,3.00000000,0
1505553823,21551070,46.85,0.44000000,0
1505553823,21551069,46.80,2.56000000,0
1505553817,21551067,46.89,0.35000000,0
1505553816,21551066,46.86,2.65000000,0
1505553812,21551064,46.80,3.00000000,0
1505553808,21551063,46.80,3.00000000,0
1505553680,21550950,46.45,0.72162863,0
1505553679,21550942,46.45,2.58300000,0
1505553677,21550939,46.83,3.26648198,0
1505553613,21550813,46.75,5.39807487,0
1505553611,21550812,46.76,2.07341767,0
1505553506,21550714,46.47,12.07372390,1
1505553506,21550713,46.48,10.92627610,1
1505553505,21550712,46.70,2.00000000,1
1505553422,21550657,46.76,2.51000000,1
1505553413,21550654,46.82,0.61686700,1
1505553409,21550646,46.86,7.71000000,0
1505553398,21550637,46.82,1.88313300,1
1505553397,21550630,46.88,2.65000000,0
1505553378,21550615,46.81,0.00001984,1
1505553371,21550611,46.87,2.59000000,0
1505553368,21550606,46.89,0.02073939,1
1505553365,21550596,46.89,2.65926061,1
1505553362,21550588,46.81,1.67224333,1
1505553360,21550586,46.79,0.87773683,0
1505553353,21550581,46.78,2.43000000,0
1505553345,21550568,46.77,3.28210704,1
1505553345,21550567,46.77,2.42000000,1
1505553345,21550566,46.82,0.00000896,1
1505553330,21550518,46.82,16.94999104,1
1505553308,21550502,46.81,16.94992800,1
1505553289,21550475,46.81,0.00007158,0
1505553288,21550469,46.80,20.57863227,1
1505553287,21550464,46.81,26.22000000,1
1505553174,21550313,46.97,8.49563551,1
1505553136,21550297,46.92,10.37018477,1
1505553134,21550293,46.70,0.00360761,0
1505553006,21550247,46.56,5.00000000,1
1505552934,21550199,46.37,0.87773683,1
1505552934,21550198,46.37,4.82000000,1
1505552934,21550197,46.60,2.59000041,1
1505552932,21550196,46.64,2.50000000,1
1505552910,21550177,46.67,11.05225300,0
1505552908,21550176,46.68,3.28668800,0
1505552908,21550175,46.68,4.63430200,0
1505552905,21550172,46.68,2.89031600,0
1505552886,21550154,46.67,2.51005434,1
1505552866,21550145,46.65,0.00994566,0
1505552835,21550122,46.65,2.65000000,0
1505552831,21550121,46.65,3.43275100,0
1505552827,21550118,46.65,2.56000000,1
1505552804,21550074,46.70,2.58000000,0
1505552750,21550041,46.70,2.55000000,1
1505552735,21550008,46.60,5.95837800,1
1505552735,21550007,46.62,3.01000000,1
1505552735,21550006,46.81,2.59000000,1
1505552734,21550004,46.87,2.59000000,1
1505552733,21550001,46.87,13.02048400,1
1505552733,21550000,46.87,3.92951600,1
1505552733,21549999,46.87,2.62828000,1
1505552678,21549927,46.85,0.00172000,0
1505552672,21549923,46.88,2.45000000,1
1505552607,21549814,46.97,29.46944859,1
1505552604,21549808,46.96,0.50459796,0
1505552604,21549807,46.86,0.01422109,0
1505552548,21549776,46.86,2.76000000,1
1505552548,21549775,46.86,14.17635509,1
1505552547,21549770,46.86,2.77364491,1
1505552547,21549769,46.86,0.00057618,1
1505552544,21549763,46.86,16.94942382,1
1505552530,21549752,47.00,1.28000000,0
1505552510,21549732,46.83,2.49964100,1
1505552503,21549711,46.84,48.18253631,0
1505552499,21549671,46.97,2.65000000,1
1505552499,21549667,47.00,0.24730567,1
1505552497,21549663,47.00,4.10306773,1
1505552229,21549496,46.92,2.58000000,1
1505552206,21549466,46.94,1.76458000,0
1505552206,21549464,46.94,2.23542000,1
1505552184,21549453,46.94,0.34458000,1
1505552151,21549425,47.13,3.17462338,0
1505552145,21549423,46.98,1.66000000,1
1505552072,21549352,47.03,7.19909100,0
1505552054,21549342,47.05,5.84047716,0
1505552044,21549321,47.14,13.81268561,0
1505552042,21549314,47.13,17.93175214,1
1505552028,21549302,47.14,4.12883327,0
1505552028,21549301,47.07,1.00069611,0
1505551982,21549258,46.98,2.63000000,1
1505551982,21549257,47.00,0.16589762,1
1505551939,21549227,47.00,2.63000000,1
1505551937,21549225,47.00,2.20410238,1
1505551936,21549224,47.00,11.00000000,1
1505551936,21549223,47.05,0.00013262,1
1505551922,21549203,47.05,2.47986738,1
1505551919,21549199,47.07,2.46000000,1
1505551749,21549006,47.13,13.10035714,0
1505551749,21549005,47.13,1.19964286,1
1505551749,21549004,47.14,0.19000000,1
1505551735,21548989,47.31,1.64870006,0
1505551735,21548987,47.30,2.46000000,0
1505551733,21548984,47.29,0.11000000,0
1505551711,21548974,47.14,2.46000000,1
1505551710,21548973,47.31,2.46000000,0
1505551682,21548941,47.45,1.82691095,1
1505551682,21548940,47.39,0.11000000,0
1505551682,21548939,47.31,16.95000000,0
1505551587,21548850,47.31,2.42000000,0
1505551575,21548830,47.31,20.13990000,0
1505551561,21548809,47.32,2.58000000,0
1505551554,21548801,47.32,2.61000000,0
1505551528,21548758,47.32,1.44000000,0
1505551517,21548749,47.36,1.09902872,0
1505551516,21548748,47.35,3.00000000,0
1505551254,21548426,47.46,12.26663602,0
1505551254,21548425,47.46,2.99864000,1
1505551254,21548424,47.45,3.10000000,0
1505551253,21548421,47.39,0.11000000,0
1505551102,21548320,47.38,1.02826239,0
1505551037,21548206,47.38,2.11059519,0
1505551001,21548130,47.10,10.39867700,1
1505551000,21548129,47.10,7.16000000,1
1505550999,21548126,47.10,13.17211200,1
1505550990,21548115,47.14,4.83139500,0
1505550960,21548058,47.21,1.63960600,1
1505550944,21548029,47.20,1.20764800,1
1505550937,21548007,47.20,8.87738200,1
1505550879,21547905,47.18,8.84033200,1
1505550879,21547904,47.19,10.50000000,1
1505550878,21547896,47.21,8.85499400,1
1505550700,21547730,47.20,2.57000000,1
1505550694,21547725,47.47,9.32778597,0
1505550694,21547724,47.44,2.36000000,1
1505550693,21547723,47.44,2.99864000,1
1505550693,21547721,47.40,11.78000000,0
1505550693,21547720,47.39,40.03854568,0
1505550691,21547718,47.37,38.74234378,0
1505550614,21547666,47.22,9.77653600,0
1505550579,21547609,47.23,2.53292769,1
1505550504,21547566,47.37,1.80897100,0
1505550487,21547558,47.41,2.42000000,1
1505550487,21547557,47.39,0.11000000,0
1505550480,21547551,47.12,1.06377334,1
1505550372,21547436,47.29,9.89023000,1
1505550371,21547433,47.29,0.11000000,0
1505550327,21547290,47.08,32.64407400,1
1505550325,21547284,47.08,9.61611300,1
1505550325,21547283,47.17,2.52000000,1
1505550325,21547282,47.18,1.50000000,1
1505550262,21547218,47.29,2.37000000,0
1505550262,21547217,47.29,0.11000000,0
1505550230,21547178,47.28,2.41000000,0
1505550188,21547119,47.18,2.64000000,1
1505550188,21547118,47.25,0.48164500,1
1505550141,21547071,47.23,2.18835500,0
1505550138,21547067,47.23,1.81164500,0
1505550098,21547025,47.21,15.85498700,1
1505550049,21546936,47.20,17.43990657,1
1505550049,21546935,47.20,0.00011822,1
1505550047,21546925,47.20,2.97988178,1
1505550047,21546924,47.20,14.44000000,1
1505550025,21546892,47.20,3.00000000,0
1505550013,21546882,47.16,1.04158000,1
1505549990,21546866,47.21,0.66765515,0
1505549988,21546865,47.14,2.05177000,0
1505549980,21546856,47.14,2.57000000,0
1505549975,21546848,47.17,0.37823000,1
1505549973,21546846,47.17,2.13012000,1
1505549971,21546844,47.15,0.00165000,0
1505549959,21546839,47.21,2.36000000,1
1505549958,21546838,47.19,0.11000000,0
1505549952,21546829,47.18,0.48927919,0
1505549952,21546828,47.16,2.18072081,0
1505549942,21546817,47.16,2.38937919,0
1505549942,21546816,47.15,0.00062081,0
1505549915,21546799,47.09,0.11000000,1
1505549914,21546796,47.15,1.03966065,0
1505549890,21546777,47.05,1.62126153,1
1505549889,21546776,47.09,0.66000000,1
1505549848,21546755,47.15,0.51086798,0
1505549844,21546750,47.15,1.81894600,0
1505549817,21546736,47.09,2.00000000,1
1505549813,21546732,47.15,0.62990456,0
1505549744,21546668,47.08,7.49589600,1
1505549744,21546667,47.11,0.87000000,1
1505549710,21546637,47.16,5.42990000,0
1505549665,21546599,47.26,10.00058751,0
1505549665,21546598,47.25,15.63940738,0
1505549665,21546597,47.19,0.11000000,0
1505549665,21546596,47.12,0.00000511,0
1505549649,21546584,47.11,1.50000000,1
1505549645,21546573,47.12,6.73610600,0
1505549633,21546550,47.12,3.26388889,0
1505549608,21546529,47.09,0.11000000,0
1505549599,21546526,47.05,6.38383100,0
1505549585,21546498,47.05,1.19616900,0
1505549583,21546494,47.05,2.42000000,0
1505549565,21546482,47.08,5.93819031,1
1505549565,21546481,47.08,10.00000000,0
1505549555,21546466,47.06,12.78999456,0
1505549552,21546455,46.99,0.11000000,0
1505549447,21546341,47.07,0.12540242,0
1505549432,21546324,46.91,8.67739126,0
1505549431,21546323,46.92,17.44000000,0
1505549430,21546322,46.92,17.44000000,1
1505549364,21546249,47.00,2.53000000,0
1505549051,21546010,47.12,1.00023000,0
1505548950,21545956,47.20,7.20635593,0
1505548948,21545953,47.19,2.49417249,0
1505548859,21545826,47.27,0.00021155,1
1505548858,21545823,47.19,10.45983960,1
1505548857,21545817,47.19,0.11000000,0
1505548682,21545644,47.18,3.00000000,0
1505548680,21545642,47.18,0.10555320,0
1505548612,21545582,47.02,30.33800000,1
1505548551,21545521,47.34,59.61061825,1
1505548453,21545376,47.29,8.04948192,1
1505548451,21545372,47.28,13.25763939,0
1505548429,21545358,47.29,0.84373018,0
1505548409,21545326,47.31,3.15482967,0
1505548409,21545325,47.19,0.11000000,0
1505548409,21545324,47.17,0.57517033,0
1505548389,21545299,47.00,0.00000028,0
1505548380,21545286,47.00,2.28610600,0
1505548380,21545285,46.98,1.96000000,0
1505548345,21545225,46.97,10.20000000,0
1505548341,21545219,46.88,1.80000000,0
1505548337,21545216,46.62,5.99000000,1
1505548337,21545215,46.73,2.42000000,1
1505548335,21545212,46.80,2.59000000,1
1505548334,21545209,46.88,0.61000000,0
1505548334,21545208,46.88,9.59000000,0
1505548333,21545207,46.88,2.48000000,0
1505548308,21545185,46.99,3.15556000,0
1505548308,21545184,46.99,10.19999454,0
1505548308,21545183,46.88,0.00000546,0
1505548308,21545181,46.88,2.97999454,0
1505548308,21545180,46.88,14.90000000,0
1505548243,21545116,46.98,2.49000000,1
1505548225,21545087,46.60,91.45162159,1
1505548225,21545084,46.61,4.00000000,1
1505548225,21545083,46.62,2.89000000,1
1505548224,21545082,46.79,78.10043915,1
1505548224,21545081,46.79,65.92603034,1
1505548224,21545080,46.80,10.37190892,1
1505548222,21545079,46.81,2.65000000,1
1505548222,21545078,46.82,43.61000000,1
1505548221,21545075,46.92,2.68000000,0
1505548208,21545020,46.82,26.84532900,1
1505548207,21545015,46.88,2.58000000,0
1505548201,21544986,46.89,2.53000000,0
1505548170,21544948,46.85,2.42000000,1
1505548148,21544893,46.88,2.18669400,1
1505548078,21544726,46.86,4.15272429,1
1505548051,21544713,46.86,1.27046000,1
1505548050,21544712,46.99,0.50947010,0
1505547995,21544687,46.99,13.56550000,0
1505547992,21544683,46.99,0.50023000,0
1505547987,21544677,46.99,10.61396042,0
1505547902,21544611,46.93,2.63000000,1
1505547901,21544610,46.94,0.57502670,1
1505547705,21544439,47.02,2.66000000,1
1505547678,21544403,47.38,10.97100089,1
1505547677,21544402,47.29,0.11000000,0
1505547677,21544401,47.27,25.63658814,1
1505547676,21544396,47.29,9.75841186,1
1505547675,21544394,47.19,24.72000000,1
1505547675,21544392,47.19,0.11000000,0
1505547674,21544390,47.09,0.11000000,0
1505547623,21544347,46.94,0.97990368,0
1505547623,21544346,46.94,1.65942313,1
1505547622,21544343,46.94,0.98057687,1
1505547622,21544341,47.00,0.40630000,1
1505547614,21544333,47.00,19.59370000,1
1505547251,21544030,47.20,3.99841000,1
1505547249,21544020,46.84,0.00182000,0
1505547232,21543995,46.92,2.60000000,1
1505547222,21543979,46.93,1.99740000,1
1505547203,21543953,47.28,20.87838409,1
1505547203,21543952,47.19,0.11000000,0
1505547202,21543951,47.09,0.11000000,0
1505547131,21543896,47.10,12.44588573,1
1505547130,21543895,47.10,8.09044718,0
1505547115,21543883,47.12,1.35588820,0
1505547102,21543873,47.17,0.00023942,1
1505547101,21543867,47.17,8.33651495,1
1505547099,21543860,47.17,0.66324563,0
1505547067,21543840,47.01,19.59136354,0
1505547017,21543774,47.09,0.14204268,1
1505547017,21543772,47.09,35.86900000,0
1505546994,21543735,47.09,35.54002952,1
1505546989,21543726,47.09,27.69486177,1
1505546987,21543720,47.09,8.52943407,1
1505546986,21543715,47.09,23.57320000,1
1505546977,21543696,47.09,19.63956800,1
1505546977,21543695,47.09,201.77794700,1
1505546976,21543693,47.09,46.19369379,1
1505546975,21543691,47.09,4.53100000,1
1505546975,21543689,47.09,17.94600000,1
1505546974,21543687,47.09,9.77773000,1
1505546974,21543686,47.09,62.51946100,1
1505546973,21543685,47.09,6.12428000,1
1505546972,21543684,47.09,19.30000000,1
1505546971,21543682,47.09,37.93300000,1
1505546970,21543681,47.09,6.63345900,1
1505546970,21543680,47.10,6.13000000,1
1505546970,21543679,47.10,30.66000000,1
1505546951,21543670,47.09,5.47210600,1
1505546950,21543669,47.31,12.06975269,0
1505546946,21543665,47.09,7.85680166,1
1505546946,21543664,47.09,2.84779800,1
1505546942,21543658,47.09,12.21000000,1
1505546932,21543646,47.09,11.93473000,1
1505546925,21543637,47.09,92.56964800,1
1505546922,21543634,47.09,41.22396500,1
1505546911,21543620,47.09,24.59009100,1
1505546911,21543618,47.09,13.46150000,1
1505546910,21543616,47.09,2.66041100,1
1505546910,21543615,47.10,37.31000000,1
1505546909,21543612,47.54,0.00006172,1
1505546908,21543605,47.38,19.96962306,1
1505546906,21543602,47.11,3.43764424,0
1505546904,21543600,47.10,2.57675000,1
1505546898,21543582,47.10,15.99700000,1
1505546892,21543564,47.10,10.80226900,1
1505546891,21543561,47.10,0.78589500,1
1505546891,21543560,47.12,5.86000000,1
1505546890,21543559,47.55,31.57237770,1
1505546890,21543558,47.55,27.60304700,1
1505546890,21543556,47.55,17.51695300,1
1505546889,21543555,47.55,20.38880000,1
1505546889,21543554,47.49,0.11000000,0
1505546889,21543553,47.49,90.83360365,1
1505546888,21543552,47.49,70.70978600,1
1505546888,21543551,47.49,45.14148500,1
1505546888,21543550,47.49,4.29021400,1
1505546888,21543548,47.49,20.00000000,1
1505546888,21543547,47.49,5.93472200,1
1505546888,21543546,47.49,25.00000000,1
1505546888,21543545,47.49,4.35386500,1
1505546888,21543544,47.49,4.80448300,1
1505546887,21543543,47.49,30.74870200,1
1505546887,21543542,47.48,3.10000000,0
1505546886,21543541,47.48,4.16000000,1
1505546886,21543540,47.48,5.46050237,1
1505546886,21543539,47.48,5.97312000,1
1505546886,21543534,47.39,0.11000000,0
1505546886,21543533,47.39,39.26300000,1
1505546885,21543531,47.34,15.50000000,0
1505546885,21543529,47.33,17.44000000,0
1505546884,21543526,47.29,0.11000000,0
1505546884,21543523,47.19,43.30994292,1
1505546883,21543519,47.19,43.24000000,1
1505546882,21543517,47.19,0.11000000,0
1505546882,21543516,47.18,3.43005700,0
1505546880,21543512,47.12,11.36974576,0
1505546880,21543510,47.09,9.27276000,1
1505546878,21543508,47.09,4.84959588,1
1505546878,21543507,47.10,6.53440412,1
1505546876,21543504,47.10,15.78390000,1
1505546857,21543483,47.12,5.30672894,1
1505546844,21543460,47.09,17.46430000,1
1505546843,21543457,47.09,9.70622000,1
1505546842,21543456,47.10,2.14171000,1
1505546822,21543436,47.11,3.08078000,1
1505546789,21543414,47.11,0.48604000,0
1505546788,21543413,47.15,3.09505000,1
1505546735,21543381,47.15,6.90495000,1
1505546735,21543380,47.15,3.32855000,1
1505546731,21543378,47.15,3.10217000,1
1505546719,21543370,47.15,3.56928000,1
1505546688,21543318,47.14,4.56013000,1
1505546675,21543305,47.14,4.59949000,1
1505546675,21543304,47.14,2.62000000,1
1505546673,21543300,47.15,0.31737200,1
1505546653,21543282,47.37,12.89023000,0
1505546652,21543281,47.36,10.00023000,0
1505546651,21543280,47.29,0.11000000,0
1505546566,21543190,47.15,0.11000000,1
1505546558,21543178,47.09,0.11000000,1
1505546556,21543170,47.09,1.81335000,1
1505546549,21543152,47.09,7.42190000,1
1505546549,21543151,47.10,2.54000000,1
1505546549,21543150,47.13,4.64000000,1
1505546545,21543143,47.13,3.08987000,1
1505546543,21543137,47.14,0.11000000,1
1505546528,21543109,47.49,19.61044430,1
1505546526,21543107,47.42,1.39820710,0
1505546463,21543047,47.11,4.79050000,0
1505546461,21543045,47.17,39.23200000,1
1505546399,21542976,47.42,15.89055250,0
1505546398,21542975,47.24,1.58000000,0
1505546390,21542959,47.15,7.92000000,0
1505546382,21542951,47.33,3.22852414,0
1505546380,21542949,47.42,199.33024040,0
1505546379,21542948,47.40,4.59254109,0
1505546379,21542947,47.40,2.37174472,0
1505546379,21542946,47.40,2.27783179,0
1505546379,21542945,47.39,0.11000000,0
1505546379,21542944,47.35,3.24185029,0
1505546378,21542942,47.29,1.95584559,0
1505546378,21542940,47.29,1.29023816,0
1505546378,21542938,47.29,0.11000000,0
1505546378,21542937,47.24,1.96000000,1
1505546377,21542935,47.19,0.11000000,0
1505546377,21542933,47.16,121.76714747,0
1505546375,21542928,47.15,9.78000000,1
1505546375,21542927,47.15,14.87000000,0
1505546375,21542926,47.14,32.91973536,0
1505546321,21542865,47.16,21.74575912,0
1505546307,21542856,47.14,1.95584559,1
1505546262,21542822,47.16,3.24185029,0
1505546256,21542821,47.14,1.85607731,0
1505546256,21542820,47.14,0.11000000,0
1505546254,21542816,47.09,0.11000000,0
1505546238,21542810,47.01,4.00286000,1
1505546238,21542809,47.02,13.43714000,1
1505546216,21542766,47.02,6.48718100,0
1505546196,21542757,47.02,0.99025000,0
1505546178,21542740,47.01,0.74260795,0
1505546174,21542734,47.01,1.24633056,0
1505546169,21542728,47.00,8.48936170,0
1505546155,21542711,47.01,10.00000000,0
1505546147,21542683,47.01,0.17017656,0
1505546140,21542665,46.99,3.14631547,1
1505546139,21542664,46.99,0.11000000,0
1505546137,21542661,46.89,12.16911977,1
1505546136,21542659,46.96,17.97699184,1
1505546135,21542658,46.96,3.26661974,0
1505546133,21542656,46.96,0.00228631,0
1505546132,21542655,46.92,3.27176369,0
1505546129,21542649,46.89,0.10991771,0
1505546129,21542648,46.86,1.38643596,0
1505546127,21542645,46.86,1.53764404,0
1505546124,21542643,46.86,5.25033000,0
1505546121,21542640,46.86,2.92525000,0
1505546086,21542583,46.86,3.90034000,0
1505546043,21542508,46.79,0.11000000,0
1505546024,21542487,46.77,3.27176369,0
1505546012,21542482,46.75,1.87366459,0
1505546012,21542481,46.69,0.11000000,0
1505545867,21542353,46.74,3.26890605,0
1505545859,21542342,46.75,1.40016825,0
1505545858,21542341,46.75,0.00986647,0
1505545858,21542340,46.73,3.28513930,0
1505545858,21542339,46.69,0.11000000,0
1505545858,21542338,46.69,2.11515690,0
1505545858,21542337,46.69,3.27412204,0
1505545858,21542335,46.69,0.55508804,0
1505545856,21542329,46.69,2.71903400,0
1505545818,21542283,46.59,0.11000000,0
1505545752,21542245,46.50,0.36041117,1
1505545752,21542244,46.50,0.71227700,0
1505545748,21542242,46.50,2.69772300,0
1505545748,21542241,46.49,0.11000000,0
1505545597,21542135,46.49,1.00000000,0
1505545566,21542119,46.39,5.54591901,1
1505545566,21542118,46.40,6.22000000,1
1505545511,21542091,46.40,27.83987069,1
1505545507,21542084,46.49,6.20993417,1
1505545503,21542074,46.50,1.59000000,0
1505545503,21542073,46.49,3.30178533,1
1505545501,21542070,46.49,0.11000000,0
1505545390,21542019,46.42,2.55794916,1
1505545159,21541830,46.40,11.65164900,1
1505545140,21541795,46.40,11.33964100,1
1505545131,21541780,46.40,10.22889500,1
1505545124,21541771,46.40,8.52061300,1
1505545119,21541759,46.39,0.11000000,0
1505545063,21541706,46.46,0.18115797,0
1505545016,21541672,46.13,1.06293126,0
1505545015,21541668,46.13,4.59706874,0
1505545015,21541667,46.13,0.00293126,0
1505545014,21541666,46.13,1.37893400,0
1505545013,21541663,46.13,3.21813474,0
1505545013,21541662,46.13,1.37893426,0
1505545011,21541656,46.13,1.07106574,1
1505545011,21541655,46.13,2.75000000,0
1505545011,21541654,46.13,1.84707467,0
1505545010,21541652,46.13,1.07107000,0
1505545009,21541647,46.13,0.40185533,0
1505545009,21541646,46.13,0.97996467,0
1505545008,21541643,46.13,2.34305000,0
1505545007,21541641,46.13,0.40698533,1
1505545006,21541640,46.13,3.31999546,0
1505545006,21541639,46.13,0.00000454,0
1505545006,21541638,46.13,3.72694546,0
1505545005,21541637,46.13,3.32305454,1
1505545004,21541636,46.13,7.05000000,1
1505545003,21541634,46.13,6.57694546,1
1505545003,21541633,46.21,0.47305454,1
1505545002,21541630,46.29,6.00000000,0
1505544994,21541626,46.29,1.04734500,0
1505544994,21541625,46.29,0.00000500,0
1505544936,21541575,46.29,3.14999500,0
1505544936,21541569,46.29,10.85021500,0
1505544923,21541556,46.29,3.14978500,1
1505544922,21541554,46.37,13.00386767,0
1505544894,21541522,46.29,1.15021500,1
1505544842,21541495,46.37,1.00021566,0
1505544610,21541231,46.15,6.00000000,1
1505544555,21541182,46.17,8.79012200,1
1505544552,21541180,46.59,11.33268941,1
1505544551,21541178,46.49,0.11000000,0
1505544551,21541175,46.45,1.84000000,0
1505544551,21541173,46.45,9.21000000,0
1505544549,21541167,46.39,0.11000000,0
1505544279,21540931,46.36,2.98479292,1
1505544220,21540870,46.13,10.00950916,1
1505544217,21540861,46.20,1.76000000,0
1505544196,21540847,46.23,7.53000000,1
1505544169,21540822,46.20,6.27000000,1
1505544088,21540769,46.56,3.28513930,1
1505544086,21540768,46.69,20.95416577,1
1505544085,21540767,46.59,0.11000000,0
1505544085,21540766,46.57,5.43000000,1
1505544085,21540765,46.49,0.11000000,0
1505544084,21540764,46.46,0.80457660,0
1505544084,21540763,46.46,2.50000000,0
1505544084,21540762,46.39,0.11000000,0
1505544083,21540761,46.37,2.27839657,0
1505544083,21540760,46.37,1.03229983,0
1505544083,21540758,46.32,1.23000000,0
1505544081,21540756,46.29,6.15000000,0
1505544072,21540755,46.19,1.07425000,1
1505544065,21540748,46.28,0.85317937,0
1505544025,21540703,46.19,6.53023000,1
1505543992,21540662,46.36,1.01514454,0
1505543992,21540661,46.36,6.97428600,1
1505543991,21540660,46.29,0.11000000,0
1505543991,21540659,46.29,0.11000000,0
1505543991,21540658,46.28,1.80007862,1
1505543989,21540657,46.21,4.00000000,1
1505543972,21540650,46.19,3.05555200,1
1505543947,21540638,46.23,0.34448469,0
1505543947,21540637,46.23,2.86540531,0
1505543946,21540636,46.19,0.11000000,0
1505543946,21540635,46.09,0.11000000,0
1505543773,21540458,46.02,7.80858100,0
1505543751,21540445,45.95,0.00178000,0
1505543744,21540435,46.01,2.55000000,1
1505543742,21540432,45.99,0.11000000,0
1505543716,21540391,45.79,1.31000000,1
1505543709,21540386,45.97,2.72000000,0
1505543704,21540380,45.97,3.36000000,0
1505543692,21540365,45.97,2.67000000,0
1505543681,21540356,45.98,0.00871366,0
1505543680,21540355,45.97,2.56128634,0
1505543674,21540348,45.97,10.42379596,0
1505543673,21540347,45.96,2.56128634,1
1505543673,21540346,45.97,8.28491770,0
1505543673,21540345,45.96,2.56128634,0
1505543669,21540338,45.96,1.68871366,1
1505543661,21540325,45.97,19.79269087,0
1505543652,21540305,45.96,2.85161009,0
1505543617,21540258,45.96,0.77959000,0
1505543480,21540141,45.89,6.52102855,0
1505543366,21540036,45.96,1.76261966,1
1505543366,21540035,45.89,0.11000000,0
1505543364,21540034,45.63,0.49004883,0
1505543175,21539897,45.58,0.00065817,1
1505543170,21539883,45.58,15.99934183,1
1505543112,21539739,45.35,1.32140000,1
1505543104,21539717,45.59,0.09418822,1
1505543103,21539712,45.59,1.22432495,1
1505543101,21539704,45.43,0.00148683,0
1505543087,21539665,45.34,3.38553153,1
1505543079,21539615,45.45,0.35020255,1
1505543077,21539598,45.45,1.24142361,1
1505543077,21539597,45.45,1.77534028,1
1505543077,21539596,45.58,2.82000000,1
1505543077,21539595,45.59,3.37000000,1
1505543076,21539593,45.59,14.60073611,1
1505543075,21539582,45.59,1.59162616,0
1505543075,21539581,45.57,1.24763773,0
1505543072,21539562,45.57,2.12970000,0
1505543072,21539558,45.56,1.25000000,0
1505543066,21539518,45.58,3.37000000,0
1505543063,21539499,45.34,3.38553153,1
1505543063,21539496,45.59,1.77534028,0
1505543062,21539492,45.58,1.22465972,0
1505543061,21539485,45.58,0.35519111,1
1505543061,21539481,45.58,1.44507636,1
1505543059,21539465,45.58,1.55419046,1
1505543057,21539443,45.58,0.00073318,1
1505543057,21539442,45.58,0.00000014,1
1505543057,21539441,45.59,3.35445768,1
1505543056,21539439,45.59,0.00220096,1
1505543056,21539437,45.60,0.01127854,1
1505543056,21539435,45.60,3.34317950,1
1505543052,21539420,45.63,0.01022700,1
1505543052,21539419,45.63,0.01815540,1
1505543052,21539418,45.63,1.69786727,1
1505543052,21539416,45.63,0.40525960,1
1505543050,21539398,45.63,1.22221587,1
1505543039,21539353,45.93,0.15106544,1
1505543036,21539340,45.97,38.30546281,1
1505543034,21539321,45.97,18.41000000,1
1505543033,21539318,45.97,20.96193148,1
1505543033,21539312,45.97,3.42260571,1
1505543033,21539311,45.98,11.53519264,1
1505543030,21539300,45.98,1.21443000,1
1505543029,21539296,45.98,5.66037736,1
1505543010,21539181,45.99,5.53059000,1
1505543010,21539180,46.01,4.17000000,1
1505543005,21539169,46.01,0.00006998,1
1505543000,21539157,46.01,4.76983243,1
1505542996,21539145,46.01,0.00009759,0
1505542990,21539108,46.01,4.55000000,1
1505542953,21539001,46.28,4.74023000,0
1505542740,21538752,46.28,6.95970812,1
1505542739,21538750,46.28,5.03303488,1
1505542738,21538746,46.28,5.33725700,0
1505542738,21538745,46.19,0.11000000,0
1505542736,21538743,46.00,14.78186077,1
1505542736,21538742,46.06,1.70653495,1
1505542735,21538741,46.07,17.26160428,1
1505542656,21538648,46.15,17.44000000,1
1505542654,21538647,46.15,17.11000000,1
1505542654,21538646,46.15,0.32866700,0
1505542653,21538645,46.15,11.78000000,0
1505542653,21538644,46.15,5.33133300,0
1505542596,21538567,45.96,5.06255200,1
1505542594,21538564,45.96,4.72000000,1
1505542530,21538490,46.28,0.50023000,1
1505542529,21538488,46.05,2.50000000,0
1505542525,21538481,45.94,23.00000000,1
1505542517,21538465,46.04,0.24957251,1
1505542497,21538422,46.07,2.50000000,1
1505542461,21538367,46.25,6.69542340,1
1505542461,21538366,46.25,0.80457660,1
1505542447,21538334,46.25,2.50000000,0
1505542443,21538324,45.98,4.41555343,1
1505542443,21538322,45.98,4.91605000,1
1505542443,21538321,46.03,2.64000000,1
1505542443,21538320,46.22,2.27839657,1
1505542440,21538317,46.22,2.17902806,0
1505542440,21538315,46.22,0.11000000,0
1505542440,21538314,46.19,0.11000000,0
1505542440,21538313,46.09,0.11000000,0
1505542410,21538258,46.08,1.18673000,0
1505542401,21538236,46.08,1.84158000,0
1505542376,21538192,45.98,1.89395000,1
1505542374,21538184,45.98,10.62000000,1
1505542374,21538182,45.98,6.81492396,1
1505542369,21538172,45.98,0.00225211,1
1505542369,21538171,45.99,3.21132789,1
1505542367,21538160,45.99,0.11000000,0
1505542365,21538154,45.98,10.62282393,0
1505542359,21538115,45.91,0.00007061,0
1505542337,21538001,45.91,1.69830000,0
1505542311,21537936,45.91,1.64480889,0
1505542309,21537932,45.75,0.35519111,0
1505542302,21537911,45.73,3.35665864,1
1505542299,21537904,45.75,3.00000000,0
1505542295,21537893,45.90,2.98977300,0
1505542295,21537892,45.77,0.01022700,0
1505542293,21537890,45.75,0.00726675,1
1505542293,21537889,45.75,0.00035712,1
1505542293,21537887,45.75,3.33587413,1
1505542267,21537793,45.76,0.01127854,0
1505542258,21537761,46.23,7.81180500,0
1505542258,21537759,46.02,0.00003960,0
1505542258,21537755,45.91,0.01815540,0
1505542250,21537702,46.02,3.32394976,1
1505542247,21537690,46.31,1.30213273,0
1505542247,21537688,46.06,1.69786727,0
1505542246,21537682,46.06,1.54505253,1
1505542246,21537679,46.06,0.14271593,1
1505542246,21537677,46.06,1.20553438,1
1505542244,21537671,46.06,0.30010219,1
1505542244,21537670,46.06,1.81687425,1
1505542239,21537654,46.07,1.26944671,1
1505542235,21537632,46.07,1.35055329,1
1505542233,21537628,46.18,0.24660412,1
1505542227,21537615,46.26,10.40000000,0
1505542194,21537564,46.21,58.59575828,0
1505542182,21537543,46.43,13.75315335,0
1505542147,21537509,46.48,15.00000000,0
1505542133,21537488,46.20,3.17979489,0
1505542122,21537478,46.18,3.32394976,1
1505542115,21537471,46.20,1.00000000,0
1505542115,21537470,46.20,3.23996250,0
1505542115,21537469,46.38,1.76003750,1
1505542112,21537457,46.34,0.14271593,0
1505542112,21537456,46.20,1.50563657,0
1505542110,21537452,46.34,1.81687425,0
1505542110,21537451,46.18,2.05312575,0
