date,tid,price,amount,type
1505606242,21611463,51.82,2.96238419,0
1505605669,21611323,51.50,15.50000000,1
1505605181,21611251,51.48,12.58263741,1
1505605181,21611250,51.48,1.00000000,1
1505605180,21611249,51.49,1.41736259,1
1505605171,21611233,51.64,2.96238419,0
1505605169,21611231,51.47,0.00000556,0
1505605153,21611226,51.47,1.00000000,0
1505605150,21611217,51.47,1.98284800,0
1505605123,21611205,51.46,1.00000000,0
1505605052,21611160,51.30,0.00934916,0
1505605051,21611159,51.29,94.52513304,1
1505605051,21611158,51.30,5.47486696,1
1505605046,21611157,51.21,15.54572331,1
1505605046,21611156,51.23,92.00000000,1
1505605046,21611155,51.24,10.34000000,1
1505605046,21611154,51.29,99.00000000,1
1505605045,21611153,51.33,6.00000000,1
1505605045,21611151,51.33,2.97884727,1
1505605045,21611150,51.46,6.00000000,1
1505605043,21611149,51.47,1.04752942,1
1505604804,21611076,51.50,75.89053333,0
1505604768,21611072,51.54,6.00000000,1
1505604768,21611071,51.55,6.00000000,1
1505604515,21610948,51.53,2.97884727,1
1505604507,21610946,51.45,41.07839476,1
1505604507,21610945,51.46,3.96000000,1
1505604507,21610944,51.46,2.83000000,1
1505604506,21610943,51.55,14.17000000,1
1505604506,21610942,51.67,2.96160524,1
1505604506,21610941,51.69,15.00000000,1
1505604500,21610940,51.80,3.92645270,1
1505604475,21610924,51.83,0.13500000,0
1505604276,21610823,51.83,29.72000000,0
1505603794,21610733,51.81,43.91487938,1
1505603794,21610732,51.82,8.08512062,1
1505603728,21610717,51.82,69.66015737,1
1505603728,21610716,51.83,44.52000000,1
1505603724,21610715,51.83,44.00000000,1
1505603660,21610687,51.83,2.96160524,1
1505603659,21610685,52.05,0.00010564,1
1505603659,21610684,52.05,0.81000000,1
1505603659,21610683,52.05,1.22568479,1
1505603372,21610555,52.16,0.28000000,0
1505602488,21610392,52.17,0.69800000,0
1505602469,21610387,52.17,3.28703200,0
1505602418,21610350,52.10,2.76000000,0
1505602232,21610266,52.05,0.58720000,1
1505602144,21610226,52.05,0.31200000,1
1505601908,21610193,52.07,11.00000000,0
1505601905,21610185,52.07,99.00000000,1
1505601859,21610158,52.08,0.52083000,1
1505601402,21610056,52.14,13.16280000,0
1505601402,21610055,52.16,0.58720000,1
1505601350,21610028,52.11,71.15716385,0
1505601274,21609988,52.11,0.11000000,0
1505601203,21609966,52.11,14.69010564,1
1505601203,21609965,52.30,0.80989436,1
1505601164,21609938,52.32,8.80194788,1
1505601164,21609937,52.32,3.32000000,0
1505601164,21609936,52.32,4.60000000,0
1505601163,21609933,52.32,7.47112493,0
1505601088,21609869,52.32,0.10070000,0
1505601081,21609865,52.30,0.00010564,0
1505601070,21609852,52.30,0.81000000,0
1505601040,21609834,52.30,2.12488479,1
1505601035,21609833,52.32,3.32817507,1
1505601034,21609832,52.32,1.67182493,1
1505601034,21609831,52.32,2.88096374,1
1505601034,21609830,52.32,0.04396004,1
1505601034,21609829,52.41,10.90325129,1
1505601033,21609827,52.41,15.50000000,0
1505601033,21609826,52.41,2.16000000,0
1505600896,21609730,52.48,2.88000000,1
1505600883,21609726,52.50,17.19694193,1
1505600883,21609724,52.50,2.87976372,1
1505600874,21609719,52.50,24.52317800,1
1505600853,21609669,52.50,14.70604000,1
1505600829,21609648,52.50,1.38247581,1
1505600815,21609637,52.67,0.62749193,0
1505600813,21609635,52.64,2.91610710,0
1505600795,21609607,52.55,7.32601800,1
1505600777,21609603,52.51,2.87712000,0
1505600768,21609589,52.50,9.90213387,1
1505600766,21609585,52.51,2.80103160,1
1505600763,21609580,52.50,6.82000000,1
1505600761,21609572,52.51,2.92000000,1
1505600759,21609570,52.51,2.92367075,0
1505600758,21609565,52.49,10.48000000,0
1505600751,21609550,52.41,1.59433437,0
1505600750,21609547,52.37,2.21805844,1
1505600750,21609545,52.50,0.47672970,1
1505600749,21609542,52.50,2.10000000,0
1505600749,21609541,52.50,74.06230656,0
1505600749,21609540,52.49,10.48000000,0
1505600749,21609539,52.48,2.88096374,0
1505600745,21609534,52.48,0.04396004,1
1505600744,21609533,52.48,0.77603996,1
1505600743,21609529,52.48,2.18000000,0
1505600655,21609464,52.47,2.91610710,0
1505600465,21609277,52.49,9.50180987,0
1505600410,21609100,52.36,45.36553715,1
1505600410,21609098,52.33,16.62000000,0
1505600410,21609097,52.32,3.32000000,0
1505600409,21609096,52.31,33.87462022,0
1505600367,21608941,52.04,0.14830000,0
1505600347,21608895,52.07,2.57679300,0
1505600346,21608887,52.06,2.09200000,0
1505600174,21608503,51.38,1.50000000,1
1505600006,21608448,52.12,9.31881900,1
1505599998,21608440,52.12,16.12065800,1
1505599997,21608438,52.12,6.66715600,1
1505599990,21608433,52.12,2.90000000,1
1505599979,21608411,52.12,15.98597500,1
1505599977,21608409,52.12,10.00000000,1
1505599977,21608408,52.14,29.28000000,0
1505599976,21608407,52.12,12.44023600,1
1505599972,21608398,52.13,14.91400000,0
1505599935,21608367,51.99,13.70842900,1
1505599827,21608291,52.12,11.39000000,0
1505599827,21608290,52.05,4.11000000,1
1505599827,21608289,52.05,9.89000000,1
1505599826,21608288,52.05,1.48000000,1
1505599671,21608261,52.05,1.30000000,1
1505599671,21608260,52.05,2.82000000,1
1505599671,21608259,52.05,2.51000000,1
1505599671,21608258,52.05,7.37000000,1
1505599594,21608227,52.05,2.78000000,1
1505599578,21608213,52.05,2.82000000,1
1505599561,21608206,52.05,2.53000000,1
1505599520,21608187,52.23,0.01000000,1
1505599519,21608186,52.23,2.69000000,1
1505599485,21608169,52.23,2.70000000,1
1505599478,21608153,52.23,2.70000000,0
1505599314,21608082,52.29,2.71000000,0
1505599194,21608017,52.28,3.48000000,0
1505599190,21608015,52.27,2.71000000,0
1505599009,21607961,52.10,1.06007900,1
1505598702,21607841,52.15,0.24701600,1
1505598689,21607815,52.08,5.32746500,1
1505598687,21607811,52.08,13.73826500,1
1505598686,21607810,52.09,35.60191200,1
1505598685,21607808,52.08,22.50260000,1
1505598683,21607804,52.08,12.06487900,1
1505598664,21607794,52.00,37.99270649,1
1505598578,21607766,52.00,19.23158700,1
1505598570,21607760,51.94,1.78473700,1
1505598570,21607759,51.94,32.37906400,1
1505598449,21607736,52.19,96.97662387,1
1505598449,21607735,52.10,113.00000000,0
1505598448,21607734,52.09,0.60000000,0
1505598448,21607733,52.02,48.28625529,0
1505598447,21607732,51.97,28.53200000,1
1505598447,21607731,51.97,2.99000000,0
1505598434,21607726,51.99,30.00000000,0
1505598427,21607711,52.02,60.71374471,0
1505598427,21607710,52.02,3.55000000,1
1505598426,21607709,51.95,99.00000000,0
1505598426,21607708,51.89,1.77722104,0
1505598426,21607706,51.89,6.13878181,1
1505598425,21607705,51.88,104.00000000,1
1505598425,21607703,51.88,23.91900000,0
1505598410,21607668,51.89,96.22277896,0
1505598215,21607626,52.11,13.58395701,0
1505598215,21607623,52.10,29.34000000,0
1505598215,21607622,52.09,0.83000000,0
1505598213,21607621,51.99,4.17000000,0
1505598202,21607604,52.11,74.50700441,0
1505598200,21607600,52.19,0.85282420,0
1505598200,21607599,52.19,7.87950000,1
1505598199,21607598,52.11,2.66000000,0
1505598199,21607597,52.10,109.00000000,0
1505598198,21607594,52.00,4.41845520,1
1505598192,21607591,52.00,41.55230769,0
1505598192,21607590,51.99,5.43000000,0
1505598192,21607589,51.91,1.03000000,0
1505598190,21607588,51.82,5.15000000,0
1505598172,21607582,51.83,48.16708470,0
1505598159,21607547,51.93,61.46042749,0
1505598159,21607546,51.85,102.00546302,0
1505598159,21607545,51.83,1.27000000,0
1505598157,21607544,51.75,6.36000000,0
1505598145,21607523,51.75,87.70318841,0
1505598133,21607487,51.71,77.24618062,0
1505598129,21607483,51.72,6.58000000,0
1505598126,21607478,51.73,53.59000000,1
1505598122,21607467,51.77,35.00100000,1
1505598105,21607444,51.85,5.99453698,0
1505598105,21607443,51.84,7.55000000,0
1505598105,21607442,51.76,0.00000002,0
1505598032,21607371,51.76,0.38000000,0
1505598011,21607356,51.76,11.38372900,0
1505598007,21607348,51.76,0.38000000,0
1505597980,21607330,51.76,0.93000000,0
1505597972,21607303,51.76,0.93000000,0
1505597946,21607266,51.76,16.27244100,0
1505597942,21607264,51.76,0.68980000,0
1505597939,21607250,51.76,0.68980000,0
1505597938,21607247,51.76,12.62412900,0
1505597935,21607245,51.76,0.68980000,0
1505597917,21607234,51.76,1.41790800,0
1505597687,21607105,51.69,2.30000000,0
1505597687,21607103,51.69,13.19709100,0
1505597651,21607073,51.69,1.20338500,0
1505597651,21607072,51.69,1.09952400,0
1505597480,21606955,51.54,9.90005800,0
1505597479,21606954,51.54,2.74419300,0
1505597358,21606888,51.08,0.29900000,1
1505597341,21606879,51.23,7.10513900,0
1505597236,21606857,51.23,1.01795822,0
1505597180,21606821,51.23,5.17182700,0
1505596958,21606777,51.23,1.00000000,0
1505596564,21606578,51.04,3.00744514,0
1505596350,21606421,51.25,5.85365854,0
1505596344,21606385,51.25,7.84916500,0
1505596337,21606380,51.19,7.94503900,0
1505596043,21606207,51.10,10.75114679,0
1505596041,21606169,51.10,4.73280934,0
1505596034,21606162,51.10,4.85986735,0
1505596032,21606151,51.10,0.54130715,0
1505596032,21606149,51.13,69.73500000,1
1505595981,21606071,51.39,3.62960100,0
1505595977,21606066,51.39,9.10974300,0
1505595977,21606064,51.38,39.59720000,0
1505595607,21605844,51.61,8.81423900,0
1505595607,21605843,51.60,15.31000000,0
1505595166,21605649,51.62,2.68000000,0
1505595057,21605608,51.78,26.52260162,0
1505595055,21605607,51.59,0.00000015,0
1505595029,21605588,51.59,2.91563500,0
1505595029,21605587,51.59,13.94388100,0
1505595029,21605586,51.59,30.14581500,0
1505594944,21605541,51.59,3.20194600,0
1505594882,21605531,51.44,12.05190110,1
1505594608,21605459,51.44,1.43458000,1
1505594506,21605384,51.44,1.00158335,1
1505594469,21605378,51.59,10.86298900,0
1505594460,21605370,51.59,8.39063700,0
1505594460,21605369,51.59,3.49238500,0
1505594444,21605362,51.59,0.99750000,0
1505592638,21604567,51.69,3.26928994,0
1505592618,21604560,51.69,2.94601900,0
1505592238,21604440,51.65,9.86969990,0
1505592122,21604403,51.44,0.33000000,1
1505592117,21604401,51.44,42.02006144,1
1505591998,21604348,51.69,3.15864400,0
1505591993,21604346,51.69,6.21567800,0
1505591700,21604218,51.61,1.00000000,0
1505591555,21604194,51.76,6.72700100,0
1505591551,21604193,51.71,14.33000000,0
1505591551,21604191,51.71,19.46570700,0
1505591535,21604183,51.76,11.60270800,0
1505591530,21604180,51.75,9.21791400,0
1505591283,21604043,51.86,0.68877748,0
1505591138,21603906,51.72,0.24624261,0
1505591130,21603873,51.94,24.85905569,0
1505591130,21603872,51.74,43.53800000,0
1505591071,21603793,51.52,3.01891344,0
1505591047,21603782,51.50,2.97531378,0
1505590830,21603636,51.24,7.00911479,0
1505590828,21603635,51.03,0.00940194,0
1505590803,21603620,50.91,3.01512472,0
1505590666,21603409,51.13,1.50951384,1
1505590657,21603398,51.11,1.50951384,0
1505590652,21603389,51.04,0.08744514,0
1505590652,21603388,51.04,2.92000000,1
1505590648,21603380,51.14,2.99103663,1
1505590641,21603367,51.19,158.33100000,1
1505590637,21603363,51.21,3.47367204,0
1505590628,21603361,51.28,25.11368256,0
1505590622,21603355,51.32,2.84161768,1
1505590619,21603353,51.33,2.97531378,1
1505590573,21603317,51.42,8.28471411,1
1505590568,21603305,51.42,1.30124465,0
1505590563,21603294,51.42,2.05320000,0
1505590563,21603293,51.41,0.59680000,0
1505590559,21603284,51.42,11.60976600,0
1505590559,21603283,51.42,4.90081700,0
1505590549,21603269,51.43,19.62000000,0
1505590548,21603268,51.43,36.70000000,0
1505590527,21603236,51.32,2.99103663,1
1505590519,21603233,51.16,20.00000000,0
1505590517,21603232,51.15,88.21087586,1
1505590517,21603231,51.16,59.99000000,1
1505590517,21603230,51.23,43.00000000,1
1505590517,21603229,51.24,0.48000000,1
1505590517,21603228,51.24,2.38000000,1
1505590517,21603227,51.27,0.59680000,1
1505590516,21603226,51.41,0.44457981,1
1505590516,21603225,51.41,2.52677133,1
1505590501,21603196,51.60,21.80000000,1
1505590483,21603188,51.64,55.09950451,0
1505590459,21603156,51.71,13.77277122,0
1505590452,21603143,51.71,17.95924269,0
1505590450,21603141,51.71,11.96325000,0
1505590450,21603139,51.70,14.83000000,0
1505590193,21602892,51.78,42.08682229,1
1505589991,21602735,51.83,21.96911657,0
1505589991,21602734,51.83,5.51699100,0
1505589991,21602732,51.83,15.86934200,0
1505589990,21602729,51.83,19.08535500,0
1505589990,21602727,51.83,90.98263884,0
1505589988,21602725,51.83,38.29000000,1
1505589988,21602724,51.84,32.41584359,1
1505589985,21602723,52.00,2.37097300,0
1505589834,21602656,52.00,40.22334100,0
1505589828,21602651,52.00,4.86404500,0
1505589828,21602650,52.00,5.39797700,0
1505589761,21602605,52.23,3.78339600,0
1505589367,21602250,52.26,8.50906123,0
1505589367,21602249,52.25,9.36000000,0
1505589271,21602179,52.26,6.21660400,0
1505589168,21602123,52.20,5.58795958,0
1505589168,21602122,52.19,39.67943342,0
1505589008,21602071,52.00,34.23485361,0
1505589007,21602070,52.01,37.00000000,1
1505588868,21601935,52.31,36.05741735,1
1505588691,21601793,52.31,0.42478942,0
1505588357,21601480,52.30,2.19023213,0
1505588287,21601452,52.21,5.11123502,0
1505588220,21601407,52.19,179.00000000,0
1505588042,21601267,52.06,56.88090664,0
1505588019,21601257,51.85,20.92000000,0
1505588019,21601256,51.85,5.64000000,1
1505587939,21601190,52.00,1.16980800,1
1505587939,21601189,52.00,4.42358700,1
1505587939,21601188,51.99,1.82257500,0
1505587892,21601161,51.66,0.44457981,0
1505587891,21601160,51.66,2.52677133,1
1505587888,21601159,51.66,37.47322867,1
1505587888,21601158,51.66,58.89000000,0
1505587888,21601156,51.86,2.95078815,1
1505587886,21601155,51.93,2.51198318,1
1505587846,21601145,51.98,15.16000000,1
1505587843,21601143,51.99,4.32547600,0
1505587835,21601139,51.98,0.56000000,0
1505587834,21601138,51.98,15.44000000,1
1505587832,21601135,51.97,0.28000000,0
1505587831,21601134,51.97,15.72000000,1
1505587824,21601124,51.97,15.72000000,1
1505587576,21600863,52.36,5.21000000,0
1505587576,21600860,52.36,74.63896000,0
1505587562,21600842,52.25,5.11639100,1
1505587560,21600838,52.25,31.09504800,1
1505587542,21600822,52.25,11.30706200,1
1505587539,21600817,52.25,198.00000000,1
1505587524,21600796,52.25,4.48149900,1
1505587226,21600513,52.50,2.91449908,0
1505587217,21600503,52.47,1.37650999,0
1505587217,21600502,52.47,1.54931000,0
1505587214,21600494,52.46,2.92581999,0
1505586935,21600253,52.31,10.52552093,1
1505586934,21600250,52.31,4.47447907,1
1505586933,21600249,52.02,2.95078815,1
1505586927,21600243,52.29,2.92581999,1
1505586923,21600241,52.29,0.00301038,1
1505586923,21600240,52.30,1.37650999,1
1505586923,21600239,52.30,1.54931000,1
1505586821,21600013,52.50,2.92367100,0
1505586820,21600006,52.50,1.01502200,0
1505586819,21600002,52.50,6.20528800,0
1505586818,21599997,52.50,17.08133400,0
1505586817,21599990,52.50,28.02257000,0
1505586817,21599987,52.50,29.01128000,0
1505586817,21599986,52.50,46.04504000,0
1505586816,21599984,52.50,30.03383000,0
1505586816,21599983,52.50,30.02254000,0
1505586816,21599980,52.50,32.66261936,0
1505586816,21599979,52.47,0.00000004,0
1505586816,21599978,52.47,9.41982023,0
1505586816,21599977,52.46,2.92883037,0
1505586810,21599957,52.47,18.49090296,0
1505586810,21599956,52.41,4.93271604,0
1505586795,21599935,52.30,0.00000004,0
1505586764,21599797,52.30,4.37667300,0
1505586762,21599784,52.30,28.62332696,0
1505586755,21599760,52.00,39.20061997,0
1505586755,21599758,52.00,15.01130000,0
1505586754,21599757,52.00,4.03137700,0
1505586754,21599756,52.00,30.23059000,0
1505586754,21599754,52.00,1.80033000,0
1505586754,21599752,52.00,18.90600000,0
1505586754,21599749,52.00,30.00000000,0
1505586753,21599747,52.00,35.00000000,0
1505586753,21599745,52.00,10.49999700,0
1505586753,21599744,52.00,41.52072900,0
1505586753,21599743,52.00,2.01128000,0
1505586753,21599742,52.00,30.00000000,0
1505586752,21599740,52.00,41.78777703,0
1505586752,21599738,52.00,11.94533639,0
1505586752,21599736,51.93,15.73998858,0
1505586752,21599734,51.93,6.11126900,0
1505586752,21599733,51.93,17.34936200,0
1505586740,21599675,51.93,21.74180700,0
1505586740,21599674,51.93,28.76940000,0
1505586729,21599652,51.93,0.75000000,0
1505586713,21599623,51.93,54.48230000,0
1505586712,21599622,51.93,17.73238318,0
1505586712,21599620,51.92,2.48000000,0
1505586712,21599619,51.90,41.89388782,0
1505586712,21599616,51.90,6.15159900,0
1505586708,21599599,51.90,90.62013063,0
1505586705,21599586,51.90,69.84500000,0
1505586701,21599571,51.90,23.67105700,0
1505586699,21599566,51.90,38.51315300,0
1505586696,21599554,51.90,20.56584400,0
1505586689,21599542,51.90,8.68372800,0
1505586687,21599528,51.89,1.64934932,0
1505586687,21599526,51.80,0.08838668,0
1505586676,21599505,51.80,0.50000000,0
1505586304,21599194,51.89,0.86919612,0
1505586296,21599187,51.60,5.00000000,1
1505586222,21599151,51.50,0.00000015,0
1505586218,21599148,51.50,8.77457300,0
1505586214,21599140,51.50,4.84096185,0
1505586212,21599129,51.50,71.00000000,0
1505586211,21599128,51.50,75.55444147,0
1505586211,21599127,51.49,1.55000000,0
1505586209,21599124,51.52,4.38450107,1
1505586182,21599094,51.66,5.25456200,0
1505586170,21599065,51.67,2.27288562,0
1505586169,21599063,51.66,6.23645600,0
1505586169,21599062,51.66,20.78447200,0
1505586169,21599061,51.66,9.51694600,0
1505586167,21599055,51.67,7.07508100,0
1505586166,21599053,51.23,5.00000000,1
1505586165,21599051,51.66,8.76549400,0
1505586162,21599045,51.66,6.78796200,0
1505586154,21599041,51.67,196.00000000,0
1505586150,21599033,51.67,105.00000000,1
1505586150,21599032,51.68,36.40000000,1
1505586122,21598989,51.85,0.20220584,0
1505586089,21598968,51.90,104.73865096,0
1505586079,21598963,51.75,7.06678400,1
1505585961,21598892,51.82,49.09267535,0
1505585775,21598696,51.77,39.40456370,1
1505585772,21598693,51.85,1.52033500,1
1505585771,21598692,51.85,21.05868900,1
1505585760,21598684,51.85,1.01081000,1
1505585736,21598671,51.81,28.07710000,0
1505585724,21598664,51.76,0.59350000,0
1505585648,21598571,51.49,24.09267535,1
1505585647,21598568,51.50,45.89077185,0
1505585646,21598564,51.52,0.59350000,1
1505585627,21598516,51.48,18.88576100,0
1505585623,21598509,51.48,46.48490500,1
1505585609,21598481,51.55,8.42145000,1
1505585607,21598479,51.55,46.48490500,1
1505585595,21598466,51.63,24.18607500,1
1505585594,21598464,51.63,44.69522626,1
1505585594,21598463,51.63,1.78967900,1
1505585571,21598422,51.57,25.00000000,1
1505585469,21598307,51.68,8.60797214,1
1505585451,21598266,51.84,80.00000000,0
1505585443,21598259,51.68,0.63000000,1
1505585363,21598167,51.68,1.68400000,0
1505585347,21598128,51.61,30.01646867,1
1505585289,21598003,51.54,0.48827000,1
1505585280,21597995,51.47,3.49951390,0
1505585277,21597981,51.50,158.12943519,0
1505585277,21597980,51.50,4.72269409,0
1505585277,21597979,51.50,4.71928765,0
1505585277,21597978,51.50,4.71588121,0
1505585277,21597977,51.50,4.71270186,0
1505585273,21597971,51.49,0.59550000,1
1505585271,21597967,51.41,15.19469900,1
1505585269,21597955,51.41,18.80248921,1
1505585265,21597946,51.41,22.70109493,1
1505585264,21597938,51.41,22.66965800,1
1505585230,21597915,51.49,11.83045251,1
1505585229,21597914,51.48,14.72629555,0
1505585149,21597805,51.34,22.62607714,1
1505585144,21597798,51.29,5.46173329,1
1505585104,21597749,51.12,1.00000000,1
1505585095,21597732,51.38,0.27354564,1
1505584876,21597505,51.20,2.99863254,1
1505584843,21597489,51.21,4.76453427,1
1505584840,21597485,51.20,4.63983216,0
1505584838,21597482,51.21,0.12150351,1
1505584836,21597480,51.21,3.87849649,0
1505584833,21597476,51.21,0.86020829,0
1505584833,21597475,51.21,4.13979171,0
1505584832,21597473,51.21,0.59550000,0
1505584829,21597470,51.19,4.26059758,1
1505584794,21597359,51.26,4.87859692,1
1505584793,21597353,51.26,57.36198596,1
1505584793,21597349,51.26,4.82022495,1
1505584792,21597341,51.20,6.96312874,1
1505584791,21597332,51.50,7.67495379,1
1505584791,21597330,51.50,177.70000000,1
1505584791,21597329,51.50,29.13950500,1
1505584791,21597328,51.50,7.48905500,1
1505584791,21597327,51.50,3.56939400,1
1505584790,21597326,51.50,8.38793500,1
1505584790,21597324,51.50,50.00000000,1
1505584789,21597315,51.50,66.02765900,1
1505584789,21597312,51.50,10.57191100,1
1505584789,21597309,51.50,4.70929541,1
1505584789,21597306,51.50,8.87750200,1
1505584789,21597305,51.50,50.53382400,1
1505584789,21597303,51.50,2.54127100,1
1505584789,21597301,51.50,24.12671300,1
1505584789,21597298,51.50,1.93614100,1
1505584789,21597297,51.50,1.21487600,1
1505584789,21597295,51.50,3.00319000,1
1505584788,21597292,51.50,4.99525845,1
1505584787,21597278,51.50,24.20000000,1
1505584787,21597276,51.50,122.00000000,1
1505584787,21597275,51.50,32.95087400,1
1505584787,21597274,51.50,22.00000000,1
1505584786,21597273,51.50,46.23766991,1
1505584786,21597267,51.50,50.00000000,1
1505584786,21597266,51.50,16.22196400,1
1505584786,21597265,51.50,187.00000000,1
1505584785,21597263,51.50,23.50000000,1
1505584785,21597262,51.50,13.67355800,1
1505584784,21597255,51.50,77.34688000,1
1505584784,21597253,51.50,5.86112861,1
1505584783,21597242,51.50,93.00000000,1
1505584782,21597240,51.50,4.94015708,1
1505584782,21597238,51.50,2.34080330,1
1505584782,21597235,51.50,39.00000000,0
1505584782,21597233,51.46,97.00000000,0
1505584782,21597232,51.45,2.77000000,0
1505584782,21597231,51.44,163.30600000,0
1505584782,21597228,51.43,0.00000018,0
1505584781,21597226,51.40,34.31844400,0
1505584781,21597225,51.39,105.00000000,0
1505584781,21597224,51.37,97.00000000,0
1505584781,21597223,51.26,15.72000000,0
1505584781,21597219,51.01,46.23841200,1
1505584774,21597181,50.96,46.22549451,0
1505584630,21597049,51.00,5.26006144,1
1505584629,21597048,51.00,36.76000000,0
1505583964,21596772,50.70,2.29250454,1
1505583864,21596686,50.58,30.17160000,1
1505583820,21596667,50.81,0.15234402,1
1505583716,21596617,51.00,177.75689350,1
1505583712,21596616,50.99,15.72000000,0
1505583712,21596615,50.98,11.52310650,0
1505583612,21596508,50.87,0.21138980,0
1505583099,21596079,50.87,0.23612000,0
1505582766,21595789,50.52,8.48891002,0
1505582764,21595788,50.67,0.58473190,1
1505582604,21595611,50.68,4.01763000,0
1505582603,21595610,50.68,1.38733228,0
1505582599,21595605,50.67,0.01876810,0
1505582599,21595602,50.67,0.58473190,0
1505582266,21595416,50.30,3.05168986,0
1505582264,21595415,50.29,9.18580352,0
1505582264,21595414,50.42,3.03419648,1
1505582262,21595411,50.43,15.00000000,1
1505581905,21595119,50.59,3.03419648,1
1505581897,21595115,50.53,75.37127336,0
1505581897,21595114,50.58,1.02545570,1
1505581897,21595113,50.58,1.99977094,1
1505581897,21595112,50.62,117.00000000,1
1505581895,21595111,50.74,0.60350000,1
1505581761,21595032,51.10,29.91174168,0
1505581723,21594988,51.02,1.45668365,0
1505581721,21594987,51.01,59.22000000,0
1505581559,21594824,50.66,0.60480000,0
1505581555,21594820,50.61,80.17520000,0
1505581555,21594819,50.63,0.60480000,1
1505581554,21594818,50.67,59.22000000,0
1505581554,21594814,50.67,110.00000000,1
1505581439,21594733,50.90,0.45427000,1
1505581427,21594687,50.90,5.76836300,1
1505581425,21594679,50.90,13.81627200,1
1505581419,21594655,50.90,15.17824100,1
1505581367,21594634,51.00,14.31490196,1
1505581367,21594632,51.00,65.33509804,1
1505581366,21594631,51.00,15.72000000,1
1505581365,21594630,50.99,15.72000000,0
1505581365,21594629,50.98,38.91000000,0
1505581316,21594601,51.00,106.47900000,1
1505581313,21594599,51.00,59.44873500,1
1505581307,21594583,51.00,11.45852746,1
1505581185,21594517,50.92,3.72191673,0
1505580974,21594368,50.75,32.00000000,0
1505580967,21594360,50.75,100.00000000,1
1505580486,21594009,50.69,32.00000000,0
1505580448,21593984,50.97,42.62436600,1
1505580393,21593956,51.24,2.94886807,0
1505579831,21593493,51.25,31.62770804,1
1505579831,21593492,51.20,0.50284926,0
1505579829,21593491,51.19,69.69522626,0
1505579677,21593380,50.92,62.85000000,0
1505579575,21593291,50.74,1.02545570,1
1505579575,21593290,50.75,1.99977094,1
1505579569,21593283,50.94,2.51112600,1
1505579568,21593282,50.94,2.48887400,1
1505579483,21593208,51.18,69.00214700,1
1505579464,21593184,51.01,0.99785300,1
1505579201,21592945,50.45,8.01387493,1
1505578989,21592846,50.30,2.99999981,1
1505578857,21592757,50.22,2.45548100,1
1505578837,21592712,50.43,0.09875074,0
1505578836,21592711,50.22,5.32794714,1
1505578735,21592574,49.98,1.35299574,1
1505578735,21592573,49.98,7.64700426,1
1505578621,21592506,49.98,46.33299574,1
1505578621,21592505,50.00,25.00000000,1
1505578621,21592504,50.00,28.66700426,1
1505578608,21592473,50.00,21.33299574,1
1505578608,21592472,50.00,9.00000000,1
1505578608,21592471,50.01,50.36000000,1
1505578608,21592470,50.02,19.30700426,1
1505578340,21592334,50.20,0.60160000,1
1505577989,21592053,50.48,25.00000000,1
1505577977,21592044,50.83,49.54751131,1
1505577951,21592021,50.44,25.38822200,1
1505577931,21591992,50.37,4.00000000,0
1505577725,21591764,50.37,15.72000000,1
1505577708,21591737,50.32,15.72000000,0
1505577707,21591736,50.37,15.72000000,1
1505577535,21591337,50.39,28.48429370,0
1505577535,21591336,50.36,42.75055991,0
1505577464,21591184,50.18,26.50730327,0
1505577400,21591143,49.98,130.30000000,1
1505577393,21591142,49.98,15.72000000,1
1505577342,21591093,50.00,14.78067769,0
1505577341,21591089,50.00,0.93932231,1
1505577340,21591087,50.00,9.25005808,1
1505577339,21591086,50.00,6.46994192,1
1505577337,21591083,50.00,15.72000000,1
1505577329,21591075,50.21,0.43736308,0
1505577287,21591047,50.00,31.77554700,1
1505577287,21591046,50.00,36.68129100,1
1505577272,21591029,50.00,81.26428008,1
1505577186,21590924,50.00,8.41494000,1
1505577184,21590919,50.00,19.67400000,1
1505577158,21590855,50.10,7.78488000,1
1505577044,21590654,50.12,124.02382732,1
1505577044,21590653,50.13,125.76700000,1
1505576956,21590599,50.17,48.11854203,1
1505576949,21590595,50.18,66.63379786,1
1505576947,21590594,50.40,40.50084028,0
1505576947,21590593,50.31,120.99915972,0
1505576942,21590591,50.31,4.00084028,0
1505576613,21590249,50.30,30.23479125,0
1505576604,21590199,50.14,3.06142800,1
1505576603,21590188,50.33,3.04080824,1
1505576603,21590186,50.39,3.03659742,1
1505576602,21590183,50.40,39.90000000,1
1505576593,21590145,50.56,3.75378500,0
1505576592,21590144,50.56,4.85006100,0
1505576559,21590014,50.72,3.03000000,1
1505576559,21590013,50.72,12.68340258,1
1505576538,21589985,50.55,3.03659742,0
1505576535,21589972,50.34,39.90000000,1
1505576534,21589965,50.34,0.60000000,1
1505576528,21589943,50.33,5.61339248,0
1505576528,21589941,50.38,2.03779932,1
1505576528,21589940,50.38,1.00000000,1
1505576527,21589939,50.52,3.02880820,1
1505576527,21589938,50.52,15.72000000,0
1505576527,21589935,50.54,41.88000000,0
1505576526,21589931,50.72,15.72000000,1
1505576222,21589778,50.90,7.14841272,0
1505576115,21589633,50.91,7.29409800,0
1505576109,21589625,50.91,6.00007000,0
1505576108,21589624,50.91,42.57891200,0
1505576108,21589623,50.91,33.65888500,0
1505576104,21589621,50.91,32.12858700,0
1505576104,21589620,50.91,1.30677200,0
1505576102,21589618,50.91,7.05358500,0
1505576056,21589604,50.91,53.47719600,0
1505576046,21589600,50.90,0.75313300,1
1505576015,21589578,50.90,33.69094400,0
1505576015,21589577,50.76,0.59550000,0
1505575979,21589561,50.81,0.12500000,0
1505575710,21589347,50.96,7.59924000,1
1505575707,21589343,50.83,0.00210385,0
1505575695,21589328,50.68,3.02880820,1
1505575693,21589290,50.68,11.49450000,1
1505575693,21589289,50.70,0.59550000,1
1505575693,21589288,50.72,7.91000000,1
1505575689,21589286,50.95,3.00332615,1
1505575675,21589269,50.96,7.46711000,1
1505575674,21589268,50.96,7.46711000,1
1505575652,21589250,51.09,0.77496300,0
1505575651,21589249,50.96,3.32851000,1
1505575648,21589247,50.96,7.38200000,1
1505575629,21589244,50.96,7.32605000,1
1505575622,21589241,50.96,20.00000000,1
1505575573,21589227,50.96,15.75588658,1
1505575559,21589218,50.96,20.00000000,1
1505575557,21589217,51.09,13.75141906,0
1505575544,21589213,51.21,7.76929500,0
1505575536,21589206,50.96,7.26389000,1
1505575494,21589178,51.03,20.00000000,1
1505575479,21589171,51.11,3.00332615,1
1505575473,21589167,51.11,2.41867608,1
1505575473,21589166,51.17,1.58909392,1
1505575467,21589156,51.22,350.53271300,0
1505575465,21589152,51.22,218.00000000,0
1505575460,21589151,51.22,7.74434000,0
1505575458,21589150,51.22,349.44070300,0
1505575425,21589129,51.22,48.42800000,0
1505575424,21589127,51.22,51.65200000,0
1505575421,21589125,51.17,1.40136000,1
1505575411,21589103,51.22,10.71638700,0
1505575397,21589095,51.22,36.85517600,0
1505575397,21589094,51.22,177.70000000,0
1505575395,21589092,51.19,15.72000000,1
1505575391,21589091,51.22,194.00000000,0
1505575386,21589081,51.22,20.66550100,0
1505575382,21589075,51.22,9.58239800,0
1505575380,21589074,51.22,76.63084000,0
1505575377,21589073,51.22,13.76457900,0
1505575306,21589032,51.40,54.68155600,0
1505575306,21589031,51.38,15.72000000,0
1505575125,21588925,51.43,5.01004000,0
1505575104,21588913,51.43,14.24919500,0
1505575089,21588903,51.33,2.99045392,0
1505575087,21588902,51.43,65.41436000,0
1505575086,21588901,51.43,2.47198200,0
1505575084,21588896,51.43,5.01004000,0
1505575083,21588894,51.43,41.94000000,0
1505575082,21588893,51.43,2.72600282,1
1505575082,21588892,51.43,0.24938000,1
1505575082,21588891,51.49,62.92900000,1
1505575062,21588886,51.63,22.42922100,0
1505575021,21588863,51.63,20.00000000,0
1505574960,21588778,51.62,16.85000000,0
1505574959,21588777,51.62,6.60345800,0
1505574956,21588772,51.62,18.39116000,0
1505574796,21588674,51.65,58.17510000,0
1505574795,21588670,51.65,7.14723317,0
1505574795,21588669,51.64,6.96977183,0
1505574758,21588641,51.59,10.00000000,0
1505574754,21588634,51.59,0.55399718,1
1505574753,21588632,51.59,15.72000000,0
1505574753,21588631,51.59,2.72600282,0
1505574740,21588621,51.59,0.24938000,1
1505574738,21588612,51.59,2.75062000,0
1505574679,21588515,51.50,100.00000000,0
1505574615,21588449,51.06,20.78000000,0
1505574590,21588353,51.05,2.93195000,1
1505574564,21588287,51.22,93.00000000,0
1505574563,21588284,51.22,20.72000000,0
1505574563,21588281,51.18,101.00000000,0
1505574559,21588269,51.17,3.77731500,0
1505574557,21588262,51.17,3.90166094,0
1505574557,21588260,51.00,47.35704614,0
1505574557,21588257,50.98,36.37681292,0
1505574556,21588255,50.98,7.76419500,0
1505574556,21588254,50.98,28.80147100,0
1505574556,21588252,50.98,12.20463400,0
1505574536,21588200,50.98,8.39192200,0
1505574417,21588078,50.84,15.72000000,1
1505574400,21588047,50.92,15.72000000,0
1505574400,21588046,50.92,15.72000000,0
1505574399,21588045,50.84,15.72000000,0
1505574398,21588044,50.92,15.44000000,0
1505574398,21588043,50.83,0.28000000,0
1505574396,21588042,50.83,15.72000000,1
1505574254,21587927,50.97,19.57033549,0
1505574239,21587918,50.98,2.00000000,0
1505574149,21587828,50.98,4.46096508,0
1505574109,21587806,51.00,3.91915200,0
1505574006,21587695,50.45,0.41026783,0
1505574005,21587692,50.45,18.59306243,0
1505574004,21587688,50.45,6.00000000,0
1505574004,21587687,50.45,5.33643300,0
1505574004,21587686,50.45,4.89474349,0
1505574003,21587682,50.43,5.33643292,0
1505573993,21587655,50.75,3.80000000,0
1505573946,21587625,50.46,7.45745297,1
1505573946,21587624,50.47,101.00000000,1
1505573939,21587617,50.48,3.04080824,1
1505573933,21587614,50.53,2.03779932,0
1505573931,21587611,50.53,1.00000000,0
1505573931,21587609,50.47,13.56000000,1
1505573929,21587607,50.46,7.07158045,1
1505573929,21587606,50.52,3.02641955,1
1505573924,21587601,50.53,0.99701359,1
1505573922,21587597,50.72,0.00298641,1
1505573883,21587506,50.82,0.00000019,1
1505573877,21587493,50.82,3.01039400,1
1505573876,21587490,50.90,6.46275000,0
1505573865,21587470,50.90,5.89390963,0
1505573865,21587469,50.90,5.19694377,0
1505573797,21587318,51.04,12.67054200,0
1505573777,21587288,51.05,3.54839770,1
1505573776,21587281,51.05,0.59450000,0
1505573775,21587280,51.02,28.84328430,0
1505573758,21587263,50.82,12.76000000,1
1505573758,21587262,50.86,37.24000000,1
1505573754,21587255,50.86,3.50000000,1
1505573424,21586866,51.07,50.00000000,1
1505573419,21586859,50.99,3.01039419,1
1505573412,21586850,51.09,10.52508184,0
1505573412,21586846,51.20,0.00000016,1
1505573412,21586845,51.20,2.39830700,1
1505573412,21586844,51.20,0.59040000,1
1505573410,21586835,51.26,2.38521100,1
1505573278,21586733,51.26,12.14578900,1
1505573253,21586721,51.28,5.00000000,0
1505573251,21586709,51.27,15.13000000,1
1505573249,21586704,51.26,0.59450000,1
1505573249,21586703,51.26,15.12550000,1
1505573242,21586694,51.28,0.59450000,1
1505573156,21586635,51.47,15.72000000,0
1505573150,21586634,51.49,100.00000000,1
1505573140,21586631,51.48,50.00000000,0
1505573108,21586622,51.36,14.08101770,0
1505572720,21586492,51.55,45.11278900,0
1505572627,21586458,51.50,50.00000000,0
1505572511,21586408,51.58,100.00000000,0
1505572455,21586384,51.50,85.00000000,0
1505572416,21586372,51.50,0.00000037,0
1505572384,21586332,51.50,5.30766900,0
1505572348,21586220,51.32,15.72000000,1
1505572347,21586219,51.31,15.44000000,0
1505572347,21586218,51.31,0.28000000,1
1505572346,21586217,51.31,15.72000000,0
1505572302,21586174,51.37,2.31107650,0
1505572300,21586173,51.34,0.60192300,0
1505572241,21586125,51.33,84.13563397,1
1505572214,21586088,51.33,15.86436603,1
1505572187,21586077,51.40,7.24376900,0
1505572158,21586060,51.40,30.15430800,0
1505572128,21586043,51.37,12.50000000,1
1505572061,21585959,51.53,100.00000000,1
1505572026,21585933,51.53,0.64509000,1
1505571977,21585906,51.69,14.13563397,0
1505571960,21585895,51.70,8.63116100,0
1505571957,21585893,51.69,1.82083500,0
1505571918,21585884,51.45,82.50677700,0
1505571906,21585870,51.45,7.82130000,0
1505571906,21585868,51.45,84.05907400,0
1505571906,21585867,51.45,9.20784900,0
1505571904,21585862,51.45,15.72000000,1
1505571822,21585800,51.68,0.59040000,1
1505571821,21585796,51.70,2.16095994,0
1505571821,21585795,51.68,0.59040000,0
1505571781,21585770,51.36,0.00000016,0
1505571780,21585769,51.36,2.39830700,0
1505571779,21585767,51.36,0.59040000,1
1505571771,21585764,51.48,50.40222646,0
1505571771,21585762,51.48,2.97365362,1
1505571770,21585761,51.53,9.71949500,1
1505571768,21585760,51.72,180.70700020,1
1505571766,21585759,51.72,19.29299980,1
1505571573,21585647,51.72,7.98949038,0
1505571573,21585646,51.72,6.03685600,0
1505571573,21585645,51.71,2.97365362,0
1505571557,21585630,51.72,9.68314400,0
1505571528,21585615,51.50,0.00000012,0
1505571502,21585588,51.50,99.04679600,0
1505571493,21585585,51.50,0.95320388,0
1505571491,21585582,51.49,174.50100000,0
1505571479,21585575,51.43,15.00000000,0
1505571406,21585530,51.34,4.61700300,1
1505571379,21585511,51.45,158.86400000,0
1505571379,21585509,51.42,10.00000000,0
1505571375,21585505,51.40,0.56450813,0
1505571368,21585500,51.39,33.04619309,0
1505571318,21585441,51.20,17.55623400,0
1505571293,21585414,51.19,15.72000000,0
1505571285,21585408,51.19,15.72000000,1
1505571268,21585398,51.19,15.00000000,1
1505571261,21585390,51.16,0.72000000,1
1505571260,21585389,51.16,15.00000000,1
1505571218,21585357,51.16,1.17230300,0
1505571145,21585303,51.03,200.00000000,1
1505571051,21585251,51.20,2.54006096,0
1505571031,21585243,51.10,4.34306100,0
1505570985,21585225,51.06,2.73299980,1
1505570946,21585215,51.03,33.00000000,0
1505570946,21585214,51.18,1.00000000,1
1505570887,21585195,51.43,9.72194556,0
1505570790,21585132,51.25,7.50000000,1
1505570552,21584912,51.09,1.00000000,0
1505570530,21584894,51.03,5.00000000,1
1505570511,21584861,51.01,6.46830500,0
1505570505,21584836,51.01,1.00000000,0
1505570424,21584748,50.77,6.52254764,1
1505570386,21584719,50.77,8.46411555,1
1505570386,21584718,50.82,0.00000045,1
1505570347,21584694,50.92,3.74257800,0
1505570328,21584667,50.82,9.81503300,1
1505570277,21584600,51.01,4.02678300,0
1505570084,21584442,51.24,11.61971354,0
1505570084,21584441,51.21,0.49383600,0
1505570084,21584440,51.20,33.00689346,0
1505570081,21584429,51.21,86.50616400,1
1505570048,21584359,51.14,83.05000000,0
1505570048,21584358,51.13,16.95000000,0
1505570028,21584336,51.23,2.83159069,0
1505570002,21584257,51.20,1.54846017,1
1505569983,21584209,51.14,16.94991157,1
1505569979,21584203,51.12,15.61386618,1
1505569888,21584151,51.00,14.59000000,0
1505569878,21584108,51.00,0.00000013,0
1505569877,21584107,51.00,13.12481800,0
1505569877,21584106,51.00,7.14706300,0
1505569875,21584104,50.98,5.67151903,0
1505569869,21584089,50.98,7.50000000,0
1505569862,21584082,50.98,1.41848097,0
1505569853,21584078,51.00,34.10886500,0
1505569843,21584067,51.00,5.68480700,0
1505569843,21584066,50.99,7.45000000,0
1505569843,21584065,50.99,0.27547000,0
1505569843,21584064,50.99,6.86160400,0
1505569839,21584060,50.99,4.41292600,0
1505569839,21584059,50.99,3.03825600,0
1505569835,21584051,50.99,11.55174400,0
1505569834,21584049,51.00,7.38782000,0
1505569834,21584048,51.00,2.90657000,0
1505569833,21584047,50.99,10.49000000,0
1505569833,21584046,50.99,4.09923700,0
1505569823,21584034,50.99,3.83076300,0
1505569823,21584033,50.99,6.66343000,0
1505569819,21584031,50.99,7.92657000,1
1505569818,21584030,51.00,29.64005687,0
1505569818,21584029,50.99,3.33000000,0
1505569818,21584028,50.99,1.76000000,0
1505569818,21584026,50.99,9.49752413,0
1505569816,21584025,50.99,3.33095400,0
1505569810,21584021,50.99,1.76152187,0
1505569710,21583922,51.02,0.77231000,0
1505569687,21583901,50.78,1.00000000,1
1505569683,21583898,50.93,1.01845671,0
1505569671,21583896,50.93,0.97413800,0
1505569634,21583857,51.11,13.56040000,0
1505569598,21583803,51.20,23.05410602,0
1505569410,21583526,50.77,12.92406000,1
1505569394,21583505,51.00,64.06060829,0
1505569332,21583444,50.85,15.02759468,1
1505569332,21583439,50.91,15.01300000,1
1505569330,21583433,51.00,69.69522626,0
1505569330,21583432,51.00,17.55267419,1
1505569300,21583389,51.19,34.00000000,1
1505569277,21583363,51.19,23.18463100,0
1505569277,21583357,51.19,0.65282306,0
1505569268,21583340,51.29,1.00000000,0
1505569250,21583314,51.29,0.18631409,0
1505569228,21583247,51.27,62.80184505,0
1505569227,21583246,51.26,45.46929383,0
1505569220,21583238,50.85,88.36715014,1
1505569218,21583232,51.00,11.19984986,1
1505569211,21583224,51.21,24.22593243,1
1505569209,21583219,51.04,2.99895882,0
1505569202,21583195,51.00,0.50000000,0
1505569170,21583080,51.00,99.50000000,0
1505569170,21583079,50.98,61.50000000,0
1505569154,21583024,50.84,38.74960622,1
1505569148,21582986,50.92,15.51053800,0
1505569148,21582982,50.92,50.89946200,1
1505569147,21582976,50.92,15.51053800,1
1505569144,21582957,50.92,3.59000000,1
1505569143,21582954,50.84,9.99999961,1
1505569143,21582951,50.84,4.81110073,1
1505569142,21582941,50.84,4.81230303,1
1505569139,21582924,50.85,2.99895882,1
1505569137,21582915,50.84,4.83061894,1
1505569137,21582914,50.84,0.91878476,1
1505569137,21582912,50.84,3.79318938,1
1505569137,21582910,50.89,0.97059404,1
1505569136,21582905,50.89,3.02940596,0
1505569131,21582887,50.66,4.76056450,1
1505569131,21582881,50.66,3.59000000,1
1505569128,21582870,50.66,4.75711564,0
1505569126,21582856,50.58,4.98555140,1
1505569122,21582837,50.66,5.95788609,1
1505569121,21582835,50.66,4.75393716,1
1505569121,21582831,50.66,0.66712084,1
1505569120,21582828,50.66,4.60000000,1
1505569117,21582813,50.68,3.55625987,1
1505569117,21582810,50.68,3.59000000,1
1505569116,21582807,50.67,27.39590700,1
1505569116,21582806,50.67,14.25241800,1
1505569116,21582803,50.67,4.75044786,1
1505569114,21582800,50.60,8.00351400,1
1505569109,21582770,50.58,6.01230400,1
1505569109,21582769,50.58,5.09243933,1
1505569108,21582763,50.58,9.61710065,1
1505569099,21582745,50.35,9.99999500,0
1505569095,21582736,50.35,12.88786277,1
1505569060,21582682,50.29,5.66419328,1
1505569019,21582626,50.00,0.00000017,0
1505568992,21582598,50.00,11.87802900,0
1505568856,21582517,49.79,4.26910633,0
1505568856,21582516,49.79,103.00000000,0
1505568854,21582514,50.14,5.00000000,1
1505568854,21582513,50.14,7.73089367,1
1505568719,21582371,50.41,37.82245586,1
1505568717,21582369,50.20,46.77581224,0
1505568549,21582199,50.20,7.90565900,0
1505568538,21582180,50.20,8.96936000,0
1505568535,21582174,50.20,1.42730800,0
1505568534,21582172,50.20,2.85756400,0
1505568524,21582159,50.20,9.69322700,0
1505568521,21582157,50.18,17.39793541,0
1505568382,21581973,49.77,0.91353728,1
1505568259,21581838,50.10,5.28120400,0
1505568251,21581815,50.09,47.42723100,1
1505568251,21581814,50.09,6.14149400,1
1505568251,21581813,50.09,30.61397900,1
1505568241,21581779,50.02,6.53609200,1
1505568241,21581777,50.03,12.57000000,1
1505568235,21581758,50.32,12.50000000,0
1505568173,21581683,49.74,3.08604744,1
1505568169,21581679,49.75,43.78055706,1
1505568169,21581678,49.75,14.67203220,1
1505568169,21581677,49.75,3.06741074,1
1505568168,21581675,49.76,0.01166371,1
1505568028,21581545,50.00,44.91506103,1
1505568027,21581543,50.00,12.73610800,1
1505568027,21581542,50.00,33.98536000,1
1505568027,21581541,50.00,20.13159600,1
1505568027,21581540,50.00,29.02000000,1
1505568026,21581539,49.99,125.00000000,0
1505568026,21581538,49.91,0.01166371,0
1505568026,21581537,49.89,0.00006822,0
1505568005,21581489,49.75,13.21492300,1
1505567980,21581434,49.76,10.13466923,0
1505567978,21581433,49.75,3.08542713,1
1505567975,21581423,49.76,3.06387225,1
1505567975,21581422,49.76,40.00000000,1
1505567940,21581392,49.83,0.00003773,0
1505567938,21581390,49.80,2.58232931,1
1505567938,21581389,49.80,0.50000000,1
1505567936,21581388,49.83,3.07000000,1
1505567935,21581387,49.89,3.06387225,1
1505567929,21581374,49.98,0.02603152,1
1505567929,21581373,49.98,0.00897693,1
1505567929,21581372,49.98,2.50505251,1
1505567922,21581368,49.98,0.52136704,1
1505567922,21581367,50.00,2.54006096,1
1505567896,21581337,50.00,2.73299980,1
1505567877,21581250,50.00,1.75595600,1
1505567850,21581190,50.00,4.34306100,1
1505567850,21581187,50.00,0.93000000,1
1505567764,21580996,50.08,8.10000000,1
1505567695,21580823,50.07,5.76669000,1
1505567618,21580469,50.00,3.07000000,1
1505567614,21580444,50.10,3.06387225,1
1505567613,21580435,50.07,124.49405607,0
1505567612,21580429,50.07,3.05655117,1
1505567612,21580427,50.09,0.00000047,1
1505567612,21580426,50.09,3.04469900,1
1505567612,21580425,50.09,0.01063492,1
1505567611,21580424,50.10,17.05600000,1
1505567611,21580422,50.19,174.67900000,1
1505567562,21580188,50.53,150.25494545,1
1505567555,21580145,50.53,9.16695500,1
1505567357,21579887,51.15,0.12981427,1
1505567357,21579886,51.13,99.00000000,1
1505567357,21579884,50.94,56.79900000,0
1505567357,21579883,50.94,3.00000000,1
1505567356,21579882,50.94,5.90649100,1
1505567356,21579881,50.94,2.97873100,1
1505567356,21579880,50.94,2.47700000,1
1505567356,21579879,50.90,14.26100000,0
1505567354,21579878,50.88,35.06000000,0
1505567121,21579684,50.51,20.47121484,1
1505567120,21579683,50.52,25.12878516,1
1505567080,21579645,50.52,41.00353100,1
1505567035,21579586,50.73,37.99270649,0
1505567006,21579570,50.51,3.56291010,1
1505566929,21579429,50.41,19.78774053,0
1505566844,21579280,50.10,15.78461673,0
1505566799,21579223,50.19,3.55070759,1
1505566796,21579216,50.15,10.00000000,1
1505566793,21579207,50.20,15.14335300,0
1505566792,21579205,50.17,0.24400000,0
1505566792,21579200,50.17,14.75600000,1
1505566735,21579137,50.46,10.00000000,1
1505566725,21579131,50.53,48.36359746,1
1505566669,21579103,50.60,183.17913043,1
1505566568,21579044,50.76,41.30477374,1
1505566568,21579043,50.76,69.69522626,1
1505566567,21579042,50.76,112.00000000,0
1505566449,21578923,50.55,84.95173918,0
1505566448,21578919,50.55,21.74400000,1
1505566420,21578889,50.63,101.00000000,1
1505566415,21578887,50.69,10.97024391,0
1505566414,21578886,50.69,55.68975609,1
1505566410,21578878,50.68,11.46000000,0
1505566410,21578877,50.76,20.39600000,1
1505566408,21578870,50.86,3.14400000,1
1505566405,21578868,50.86,1.85600000,1
1505566404,21578867,50.87,59.90000000,0
1505566404,21578865,50.87,49.24400000,1
1505566397,21578860,50.89,8.10012600,0
1505566312,21578705,50.64,0.50510000,1
1505566172,21578567,50.89,20.46496672,0
1505566162,21578557,50.95,8.94369237,0
1505565939,21578462,51.13,95.71249756,0
1505565835,21578404,51.22,5.37504881,0
1505565604,21578272,50.80,23.55503900,0
1505565589,21578240,50.80,51.40828000,0
1505565560,21578222,50.80,6.27270900,0
1505565556,21578220,50.80,14.59000000,0
1505565554,21578219,50.80,0.33900000,0
1505565538,21578208,50.80,87.00000000,0
1505565477,21578176,50.80,16.50997200,0
1505565423,21578110,50.68,51.05783407,1
1505565422,21578106,50.68,4.84453272,1
1505565420,21578091,50.68,1.11818226,1
1505565420,21578089,50.68,3.72487837,1
1505565418,21578077,50.68,5.29902163,1
1505565199,21577906,50.68,2.22855600,0
1505565196,21577902,50.68,1.87455000,0
1505565195,21577900,50.68,51.64833800,0
1505565193,21577896,50.68,2.14000000,0
1505565190,21577890,50.68,2.22855600,0
1505565134,21577773,50.63,7.76081375,1
1505565132,21577770,50.62,8.14000000,0
1505565131,21577769,50.62,8.14000000,0
1505565130,21577767,50.61,8.14000000,0
1505565128,21577764,50.47,8.12670500,1
1505565002,21577618,50.65,16.95006880,0
1505564984,21577595,50.69,46.38760702,1
1505564979,21577589,50.66,5.84997677,1
1505564918,21577501,50.59,2.00000000,1
1505564902,21577458,50.58,11.71100000,1
1505564893,21577434,50.58,96.00000000,1
1505564884,21577418,50.49,3.91800000,1
1505564874,21577403,50.49,3.53400000,1
1505564874,21577402,50.50,15.09000000,1
1505564865,21577396,50.59,23.67000000,1
1505564855,21577361,50.58,11.47000000,1
1505564846,21577358,50.59,69.99600000,1
1505564835,21577355,50.50,100.00000000,1
1505564835,21577354,50.90,157.68305041,1
1505564829,21577351,50.90,247.00000000,1
1505564825,21577338,50.73,3.21600000,1
1505564816,21577319,50.84,21.32800000,1
1505564807,21577303,50.86,24.54400000,1
1505564798,21577296,50.76,28.43100000,1
1505564761,21577245,50.97,14.59000000,0
1505564703,21577193,50.66,41.26400000,1
1505564694,21577188,50.60,69.69500000,1
1505564684,21577174,50.66,20.07800000,1
1505564684,21577173,50.68,33.70000000,1
1505564668,21577155,50.54,26.32100000,1
1505564661,21577139,50.92,58.06149569,1
1505564660,21577134,50.91,16.11000000,0
1505564658,21577127,50.52,6.48428396,1
1505564658,21577126,50.80,4.93271604,1
1505564643,21577098,50.83,65.23950000,0
1505564643,21577096,50.82,0.59650000,0
1505564640,21577088,50.40,12.39400000,1
1505564639,21577086,50.68,14.59000000,1
1505564637,21577078,50.67,14.59000000,0
1505564636,21577073,50.68,14.59000000,1
1505564635,21577071,50.67,14.59000000,0
1505564630,21577064,50.31,98.61700000,1
1505564623,21577046,50.30,3.05655117,1
1505564621,21577042,50.22,68.66350000,1
1505564621,21577041,50.23,30.74000000,1
1505564621,21577040,50.24,0.59650000,1
1505564616,21577023,50.44,5.85483288,0
1505564613,21577015,50.14,107.07215500,0
1505564613,21577013,50.22,115.00000000,0
1505564611,21577005,50.41,1.92784500,1
1505564608,21576999,50.13,7.03791954,1
1505564608,21576998,50.14,0.01508046,1
1505564606,21576994,50.42,27.06869054,0
1505564606,21576992,50.32,0.01508046,0
1505564604,21576984,50.14,0.02603152,0
1505564599,21576979,50.11,0.43200000,1
1505564589,21576958,50.10,100.00000000,1
1505564583,21576951,50.10,3.06387225,1
1505564580,21576948,50.10,20.16700000,1
1505564575,21576927,50.24,0.00000047,0
1505564574,21576922,50.24,3.04469900,0
1505564571,21576912,50.24,0.24258643,1
1505564571,21576911,50.24,2.79241357,1
1505564566,21576894,50.40,3.03642486,1
1505564562,21576869,50.40,0.00017256,1
1505564561,21576864,50.41,6.03082744,1
1505564555,21576825,50.52,3.54660799,0
1505564553,21576818,50.52,3.52801453,0
1505564552,21576807,50.41,3.03700000,1
1505564548,21576776,50.61,3.94013041,0
1505564542,21576766,50.45,31.29400000,1
1505564533,21576729,50.42,3.03700000,1
1505564526,21576696,50.57,0.00897693,0
1505564524,21576686,50.41,77.04300000,1
1505564523,21576685,50.41,0.25322135,1
1505564523,21576683,50.54,2.79241357,1
1505564521,21576675,50.54,2.79239693,0
1505564520,21576673,50.54,1.17287807,0
1505564520,21576671,50.54,3.01814783,1
1505564519,21576669,50.54,0.01006286,1
1505564519,21576667,50.55,74.00651431,1
1505564518,21576662,50.55,3.03659742,1
1505564514,21576658,50.55,3.02600000,1
1505564510,21576650,50.73,25.61385217,0
1505564509,21576649,50.69,3.01814783,0
1505564507,21576642,50.73,83.36800000,0
1505564505,21576635,50.71,1.00000000,0
1505564505,21576632,50.69,3.02293457,1
1505564505,21576631,50.71,0.00946109,1
1505564505,21576629,50.71,0.00060434,1
1505564497,21576606,50.74,41.98233063,1
1505564497,21576605,50.74,1.61766937,1
1505564488,21576589,50.74,2.00000000,1
1505564477,21576574,50.74,1.69000000,1
1505564476,21576573,50.73,4.58595990,1
1505564468,21576558,50.73,40.26600000,1
1505564465,21576551,50.88,30.77636291,0
1505564465,21576550,50.87,0.00946109,0
1505564459,21576528,50.72,24.40000000,1
1505564450,21576511,50.72,46.30000000,1
1505564441,21576506,50.72,71.33800000,1
1505564432,21576496,50.72,11.16000000,1
1505564423,21576489,50.72,3.87100000,1
1505564417,21576470,50.72,3.02641955,1
1505564414,21576462,50.71,3.00743014,1
1505564414,21576461,50.73,0.00044514,1
1505564414,21576458,50.74,0.00012472,1
1505564405,21576434,50.89,0.01070877,1
1505564405,21576431,50.89,2.99629123,1
1505564397,21576394,50.91,2.79000000,1
1505564387,21576375,50.91,6.00000000,1
1505564377,21576367,50.96,34.80600000,1
1505564365,21576339,50.90,35.38000000,1
1505564355,21576328,51.12,1.22200000,1
1505564351,21576322,51.15,12.20300000,0
1505564345,21576314,50.90,70.73319832,1
1505564344,21576313,50.90,1.99000000,1
1505564335,21576304,50.90,6.08000000,1
1505564326,21576297,51.04,53.05300000,1
1505564326,21576296,51.05,6.08000000,1
1505564323,21576290,51.33,6.04399454,0
1505564317,21576287,51.12,81.21000000,1
1505564308,21576279,51.12,90.98100000,1
1505564299,21576269,51.11,100.00000000,1
1505564290,21576263,51.10,5.16600000,1
1505564281,21576253,51.06,2.30900000,1
1505564272,21576238,51.06,15.02600000,1
1505564263,21576224,51.06,89.20000000,1
1505564253,21576209,51.03,34.00000000,1
1505564247,21576195,51.04,0.01115391,0
1505564245,21576190,50.93,0.00033087,1
1505564245,21576187,50.94,72.36866913,1
1505564236,21576173,50.94,100.00000000,1
1505564227,21576149,50.94,0.00033087,1
1505564227,21576147,50.95,50.79966913,1
1505564218,21576138,51.03,97.95320160,1
1505564218,21576137,51.03,2.04679840,1
1505564208,21576128,51.03,0.80000000,1
1505564207,21576127,51.03,3.00803448,1
1505564199,21576118,51.06,0.10000000,1
1505564194,21576112,51.19,0.00028919,1
1505564192,21576108,51.24,20.01151219,0
1505564189,21576102,51.19,2.49100000,1
1505564179,21576093,51.19,0.49800000,1
1505564178,21576091,51.29,19.98886594,0
1505564170,21576079,51.20,100.00000000,1
1505564161,21576066,51.20,0.20000000,1
1505564158,21576061,51.36,13.89778037,0
1505564151,21576051,51.20,100.00000000,1
1505564143,21576045,51.20,5.03800000,1
1505564135,21576031,51.21,13.14300000,1
1505564125,21575980,51.22,0.01000000,1
1505564125,21575979,51.23,3.30000000,1
1505564119,21575972,51.43,13.18599500,1
1505564119,21575970,51.43,0.42400000,0
1505564116,21575967,51.21,42.80700000,1
1505564116,21575966,51.22,26.34100000,1
1505564106,21575940,51.27,2.67000000,1
1505564103,21575926,51.44,16.22903000,0
1505564098,21575913,51.21,0.78000000,1
1505564097,21575912,51.50,26.61229100,0
1505564095,21575911,51.51,1.50067913,1
1505564092,21575907,51.23,2.99629123,1
1505564089,21575900,51.52,33.38360485,1
1505564088,21575899,51.22,2.49700000,1
1505564084,21575897,51.21,47.58299612,1
1505564084,21575896,51.31,2.21300388,1
1505564084,21575895,51.32,50.20400000,1
1505564074,21575890,51.32,0.00028463,1
1505564074,21575889,51.42,30.65671537,1
1505564064,21575873,51.36,51.61200000,1
1505564064,21575872,51.40,2.00000000,1
1505564055,21575862,51.50,30.65700000,1
1505564046,21575859,51.46,26.00000000,1
1505564036,21575853,51.57,25.30600000,1
1505564027,21575843,51.52,23.05000000,1
1505564015,21575832,51.47,0.42400000,1
1505564006,21575825,51.48,0.58551089,1
1505564006,21575824,51.61,0.00048911,1
1505563998,21575821,51.61,49.16800000,1
1505563990,21575818,51.61,116.02351089,1
1505563988,21575817,51.61,0.78000000,1
1505563978,21575804,51.60,12.14900000,1
1505563970,21575799,51.55,0.58500000,1
1505563961,21575784,51.57,0.99800000,1
1505563952,21575776,51.70,0.83000000,1
1505563943,21575769,51.45,5.49114000,1
1505563943,21575768,51.49,10.00000000,1
1505563943,21575767,51.60,12.27686000,1
1505563940,21575760,51.85,0.58220000,0
1505563940,21575759,51.83,65.65299126,0
1505563933,21575753,51.61,0.16800000,1
1505563923,21575741,51.61,0.26700000,1
1505563915,21575735,51.61,12.27700000,1
1505563905,21575729,51.59,0.43200000,1
1505563895,21575728,51.59,4.81700000,1
1505563886,21575723,51.57,10.31100000,1
1505563874,21575711,51.57,10.32100000,1
1505563865,21575693,51.56,90.37900000,1
1505563852,21575674,51.55,0.23500000,1
1505563841,21575663,51.55,0.43200000,1
1505563831,21575655,51.52,0.43200000,1
1505563822,21575641,51.52,100.00000000,1
1505563808,21575620,51.52,0.21000000,1
1505563796,21575602,51.52,1.21000000,1
1505563787,21575591,51.51,2.00000000,1
1505563779,21575582,51.51,3.12200000,1
1505563769,21575566,51.50,0.79000000,1
1505563760,21575556,51.48,1.20000000,1
1505563752,21575551,51.48,2.27500000,1
1505563740,21575527,51.48,32.86500000,1
1505563728,21575521,51.48,1.01600000,1
1505563720,21575517,51.48,33.54400000,1
1505563709,21575509,51.48,0.79000000,1
1505563701,21575504,51.48,0.20780000,1
1505563701,21575503,51.49,0.58220000,1
1505563692,21575497,51.48,2.99400000,1
1505563682,21575477,51.48,1.19400000,1
1505563673,21575471,51.48,0.66400000,1
1505563664,21575462,51.48,1.19100000,1
1505563646,21575449,51.48,11.58800000,1
1505563646,21575448,51.48,64.43200000,1
1505563638,21575440,51.48,3.79400000,1
1505563626,21575433,51.52,3.61300000,1
1505563617,21575428,51.51,2.57400000,1
1505563607,21575420,51.51,1.26000000,1
1505563599,21575417,51.47,3.77000000,1
1505563591,21575412,51.48,2.90000000,1
1505563562,21575397,51.47,1.99600000,1
1505563550,21575385,51.49,8.27400000,1
1505563550,21575384,51.49,68.39900000,1
1505563550,21575383,51.49,21.33000000,1
1505563539,21575378,51.46,28.10200000,1
1505563531,21575366,51.48,4.95500000,1
1505563522,21575357,51.48,0.43200000,1
1505563513,21575353,51.48,32.86500000,1
1505563505,21575350,51.48,0.43200000,1
1505563497,21575342,51.48,38.90000000,1
1505563488,21575330,51.48,38.90000000,1
1505563479,21575327,51.48,18.08200000,1
1505563469,21575315,51.48,29.85000000,1
1505563460,21575302,51.48,1.20000000,1
1505563451,21575290,51.47,1.20000000,1
1505563442,21575279,51.46,2.00000000,1
1505563433,21575266,51.45,2.78000000,1
1505563424,21575245,51.45,9.83700000,1
1505563424,21575244,51.46,12.15000000,1
1505563419,21575228,51.92,12.04273207,1
1505563419,21575226,51.60,0.00000593,0
1505563416,21575221,51.46,75.62100000,1
1505563415,21575218,51.60,55.19153407,0
1505563408,21575210,51.60,11.65811100,0
1505563407,21575195,51.60,17.42649500,0
1505563407,21575174,51.38,0.03000000,1
1505563407,21575170,51.39,59.21000000,1
1505563402,21575156,51.60,14.29440000,0
1505563401,21575154,51.60,8.43000000,0
1505563398,21575151,51.36,0.13600000,1
1505563393,21575147,51.60,1.58678700,0
1505563393,21575146,51.60,17.30070000,0
1505563393,21575145,51.60,13.57965300,0
1505563390,21575132,51.59,4.04223500,0
1505563388,21575129,51.32,3.52925013,1
1505563388,21575128,51.33,8.57674987,1
1505563379,21575121,51.31,0.76700000,1
1505563379,21575119,51.59,8.11000000,0
1505563370,21575113,51.36,0.43200000,1
1505563370,21575111,51.59,30.67319247,0
1505563361,21575096,51.36,3.20500000,1
1505563361,21575094,51.59,2.74547600,1
1505563353,21575078,51.42,0.59800000,1
1505563344,21575071,51.59,12.57054000,0
1505563343,21575068,51.38,100.00000000,1
1505563337,21575057,51.36,2.98928919,1
1505563334,21575055,51.32,2.09346810,1
1505563334,21575054,51.50,2.33153190,1
1505563333,21575052,51.59,9.10485500,0
1505563333,21575051,51.59,2.06686000,0
1505563333,21575050,51.59,0.58320000,0
1505563329,21575046,51.60,2.77331800,0
1505563329,21575045,51.60,6.41879300,0
1505563329,21575044,51.60,44.93257200,0
1505563329,21575043,51.60,16.05369100,0
1505563328,21575042,51.60,85.04356000,0
1505563328,21575041,51.60,2.66032000,0
1505563328,21575040,51.60,2.65006000,0
1505563324,21575032,51.51,10.74700000,1
1505563318,21575016,51.77,2.11429700,0
1505563315,21575014,51.51,45.39104900,1
1505563315,21575013,51.79,27.90695100,1
1505563303,21574997,51.51,2.98000388,1
1505563302,21574996,51.51,100.00000000,1
1505563293,21574981,51.50,0.63981924,1
1505563293,21574980,51.70,2.95818076,1
1505563284,21574950,51.71,31.94100000,1
1505563284,21574949,51.71,40.02900000,1
1505563284,21574948,51.75,28.03000000,1
1505563273,21574923,51.75,13.86000000,1
1505563263,21574895,51.71,10.98800000,1
1505563254,21574875,51.71,0.80000000,1
1505563244,21574859,51.77,45.38700000,1
1505563234,21574849,51.73,59.57500000,1
1505563225,21574839,51.71,100.00000000,1
1505563216,21574830,51.95,100.00000000,1
1505563207,21574816,51.94,45.53200000,1
1505563198,21574799,51.95,10.00000000,1
1505563196,21574797,52.28,13.71657899,0
1505563096,21574708,52.15,8.50000000,1
1505563053,21574653,52.27,9.94332727,0
1505562978,21574587,52.13,1.65600000,1
1505562937,21574488,52.15,50.72400000,1
1505562928,21574484,52.10,0.43200000,1
1505562919,21574479,52.10,2.25600000,1
1505562910,21574469,52.10,11.33400000,1
1505562909,21574467,52.35,45.24148564,1
1505562907,21574464,52.36,17.51814362,1
1505562900,21574455,52.03,0.43200000,1
1505562891,21574449,52.01,5.78600000,1
1505562882,21574445,52.00,0.78000000,1
1505562872,21574438,51.98,0.43200000,1
1505562864,21574432,51.95,6.27900000,1
1505562862,21574429,52.27,0.68590000,0
1505562854,21574425,51.96,5.01700000,1
1505562845,21574417,51.93,12.75600000,1
1505562845,21574416,51.93,14.28800000,1
1505562836,21574404,51.92,0.43200000,1
1505562827,21574396,52.01,0.79000000,1
1505562820,21574391,52.00,0.00000044,0
1505562817,21574388,52.00,1.99011700,0
1505562817,21574387,51.93,10.38300000,1
1505562817,21574385,52.00,7.00846000,0
1505562808,21574376,51.92,6.52500000,1
1505562799,21574360,51.92,50.00000000,1
1505562791,21574353,51.92,0.79000000,1
1505562777,21574337,51.71,33.18500000,1
1505562767,21574326,51.81,99.41680000,1
1505562767,21574324,51.83,0.58320000,1
1505562747,21574300,51.86,2.79000000,1
1505562721,21574275,52.17,35.97501224,1
1505562721,21574274,52.00,1.98495700,0
1505562719,21574272,51.97,0.40000000,0
1505562718,21574268,51.74,0.29600000,1
1505562704,21574234,51.74,41.23391129,1
1505562704,21574233,51.75,8.69108871,1
1505562693,21574222,51.71,10.21700000,1
1505562693,21574221,51.71,57.95200000,1
1505562692,21574220,52.06,5.76719170,0
1505562682,21574210,51.94,0.35000000,1
1505562673,21574165,51.93,0.35000000,1
1505562665,21574162,51.93,0.65000000,1
1505562655,21574155,51.92,0.35000000,1
1505562646,21574147,51.82,0.65000000,1
1505562637,21574137,51.97,23.12600000,1
1505562630,21574126,51.90,2.95818076,1
1505562629,21574123,51.90,0.65000000,1
1505562629,21574120,52.23,2.92367075,0
1505562620,21574104,51.82,0.99600000,1
1505562603,21574083,51.73,0.35400000,1
1505562594,21574063,51.93,0.35400000,1
1505562584,21574049,51.89,6.04200000,1
1505562575,21574031,51.83,0.99600000,1
1505562567,21574020,52.00,3.69324500,0
1505562567,21574017,51.81,0.54300000,1
1505562558,21574010,51.82,0.79000000,1
1505562549,21574002,51.91,7.03800000,1
1505562540,21573994,51.91,11.04700000,1
1505562532,21573988,52.00,3.30675500,0
1505562532,21573987,51.99,7.78000000,0
1505562532,21573986,51.83,0.00029000,1
1505562532,21573985,51.92,0.90671000,1
1505562523,21573969,51.82,10.00000000,1
1505562513,21573960,51.71,1.16546000,1
1505562513,21573959,51.76,0.18654000,1
1505562512,21573953,51.76,0.81346000,0
1505562505,21573933,51.63,1.35200000,1
1505562495,21573905,51.66,8.24000000,1
1505562492,21573903,51.76,13.97100000,0
1505562485,21573885,51.75,23.38000000,1
1505562476,21573875,51.51,69.69500000,1
1505562466,21573871,51.67,8.22970174,1
1505562465,21573870,51.73,17.16329826,1
1505562452,21573862,51.98,9.41700000,0
1505562435,21573852,51.82,8.22000000,1
1505562413,21573836,51.83,1.19700000,1
1505562403,21573830,51.80,14.25200000,1
1505562394,21573808,51.75,1.19700000,1
1505562393,21573807,52.16,0.20054000,0
1505562387,21573800,52.18,6.82314620,0
1505562383,21573791,51.74,9.92700000,1
1505562374,21573775,52.05,0.43200000,1
1505562368,21573764,52.28,7.49873900,0
1505562368,21573763,52.27,13.97199000,0
1505562364,21573754,52.14,0.43200000,1
1505562355,21573742,52.28,55.72300000,1
1505562347,21573741,52.19,3.99200000,1
1505562338,21573733,52.28,0.80000000,1
1505562329,21573725,52.24,0.80000000,1
1505562320,21573720,52.24,0.80000000,1
1505562309,21573702,52.49,14.61052700,0
1505562309,21573701,52.25,0.40000000,1
1505562299,21573685,52.23,44.00000000,1
1505562291,21573675,52.15,31.85400000,1
1505562281,21573659,52.06,0.40000000,1
1505562272,21573642,52.04,0.40000000,1
1505562262,21573636,52.11,2.78000000,1
1505562260,21573632,52.10,166.65820000,0
1505562253,21573628,52.03,0.38000000,1
1505562240,21573609,52.01,62.98000000,1
1505562235,21573600,51.93,38.40700000,1
1505562225,21573590,51.94,6.68300000,1
1505562215,21573581,51.95,1.25000000,1
1505562203,21573561,51.87,5.48300000,1
1505562194,21573541,52.10,3.04948300,0
1505562191,21573534,51.77,16.15000000,1
1505562105,21573451,51.69,7.78000000,1
1505562071,21573424,51.73,19.20000000,1
1505562063,21573414,51.68,4.54600000,1
1505562062,21573413,51.69,62.98000000,1
1505562054,21573406,51.68,2.97135114,1
1505562053,21573400,51.66,27.33982324,1
1505562053,21573398,51.66,21.03000000,1
1505562053,21573397,51.66,0.00017676,1
1505562052,21573396,51.68,14.59000000,1
1505561993,21573260,51.66,2.17200000,1
1505561983,21573235,51.66,0.79000000,1
1505561975,21573203,51.67,1.13900000,1
1505561973,21573198,51.97,19.18052656,0
1505561973,21573196,51.97,105.34190100,1
1505561973,21573195,51.97,63.47570000,1
1505561972,21573194,51.97,6.16291900,1
1505561972,21573191,51.83,2.14000000,0
1505561972,21573189,51.83,2.96217676,1
1505561971,21573182,51.82,24.84600000,0
1505561930,21573079,51.51,0.80000000,1
1505561896,21573033,51.50,0.00000001,0
1505561866,21572975,51.50,17.24415000,0
1505561715,21572754,51.50,2.13900000,1
1505561701,21572732,51.45,0.20200000,1
1505561691,21572694,51.45,0.23000000,1
1505561688,21572679,51.97,45.14200500,0
1505561688,21572677,51.90,136.00000000,0
1505561688,21572674,51.90,62.48000000,1
1505561687,21572672,51.79,9.02390000,0
1505561687,21572670,51.74,69.69503663,1
1505561682,21572649,51.35,8.07900000,1
1505561673,21572622,51.26,1.52200000,1
1505561664,21572594,51.18,2.47700000,1
1505561655,21572577,51.13,5.20100000,1
1505561645,21572564,50.98,4.00100000,1
1505561634,21572545,50.94,5.38000000,1
1505561625,21572527,50.94,1.20000000,1
1505561615,21572502,50.94,6.20500000,1
1505561592,21572439,50.85,0.43200000,1
1505561578,21572429,50.84,20.00000000,1
1505561562,21572410,50.93,0.43000000,1
1505561551,21572376,50.91,16.18900000,1
1505561542,21572369,50.86,25.37400000,1
1505561532,21572361,50.84,3.81600000,1
1505561524,21572351,50.82,3.57000000,1
1505561514,21572342,50.78,0.12700000,1
1505561514,21572341,50.79,16.58600000,1
1505561500,21572334,50.75,57.03000000,1
1505561492,21572322,50.74,3.01500000,1
1505561483,21572308,50.75,3.01500000,1
1505561474,21572290,50.94,40.66600000,1
1505561466,21572269,50.94,8.21000000,1
1505561465,21572265,50.94,14.59000000,1
1505561464,21572259,50.94,14.59000000,1
1505561463,21572257,50.94,14.59000000,1
1505561462,21572252,50.94,14.59000000,1
1505561459,21572245,50.94,3.42300000,1
1505561431,21572185,50.97,52.11400000,1
1505561417,21572154,50.94,52.11400000,1
1505561412,21572138,51.03,0.24091000,1
1505561406,21572119,51.23,39.88714900,0
1505561406,21572117,51.24,66.72993600,0
1505561383,21572054,50.92,56.49363759,1
1505561383,21572051,50.93,9.70636241,1
1505561381,21572046,51.02,162.80000000,1
1505561381,21572045,51.03,14.58960380,0
1505561376,21572035,51.03,8.78375900,0
1505561376,21572033,51.03,5.80624100,0
1505561372,21572016,51.03,14.59000000,1
1505561351,21571951,51.00,100.10216121,0
1505561349,21571947,51.00,4.85457009,0
1505561348,21571939,51.00,4.85179794,0
1505561347,21571938,50.91,3.01512472,1
1505561346,21571932,51.00,4.85346668,0
1505561346,21571930,51.00,12.87187987,0
1505561346,21571929,51.00,5.12142705,0
1505561345,21571925,51.00,4.85591230,0
1505561344,21571922,51.00,177.70000000,0
1505561344,21571921,51.00,3.36221100,0
1505561344,21571917,51.00,19.01800000,0
1505561344,21571914,51.00,10.32399800,0
1505561344,21571911,51.00,52.96684000,0
1505561343,21571909,51.00,4.00000000,0
1505561343,21571908,51.00,1.30759500,0
1505561343,21571907,51.00,157.29420500,0
1505561343,21571902,51.00,33.00215686,0
1505561342,21571900,51.00,5.88235294,0
1505561342,21571899,51.00,6.10022900,0
1505561341,21571890,51.00,15.89900000,0
1505561341,21571884,51.00,4.89896386,0
1505561340,21571881,51.00,140.00000000,1
1505561340,21571880,51.01,62.54000000,1
1505561340,21571878,51.11,2.99161956,1
1505561340,21571876,51.13,2.99103663,1
1505561339,21571872,51.19,1.60051940,1
1505561339,21571871,51.28,9.61005761,1
1505561337,21571866,51.28,4.98000000,0
1505561335,21571857,51.28,4.97711239,0
1505561334,21571856,51.28,0.00005761,0
1505561332,21571848,51.28,9.27809285,0
1505561330,21571845,51.28,5.31184954,0
1505561279,21571719,51.33,2.99103663,1
1505561276,21571708,51.58,2.96675686,1
1505561268,21571671,51.74,13.65720699,0
1505561267,21571668,51.74,0.00007185,0
1505561267,21571667,51.74,20.17200000,0
1505561151,21571346,51.81,5.16528900,0
1505561133,21571283,51.74,2.96675686,1
1505561130,21571273,52.04,2.94004979,1
1505561130,21571272,52.04,18.62038083,1
1505561116,21571219,52.30,44.12625504,1
1505561115,21571218,52.30,19.59000000,1
1505561115,21571216,52.30,37.71725585,1
1505561115,21571215,52.29,14.59000000,0
1505561064,21571138,52.45,31.97797041,0
1505561053,21571118,52.06,17.82140550,0
1505561052,21571116,52.06,64.85549450,1
1505560960,21571005,52.12,13.79000000,1
1505560923,21570971,52.20,13.79653816,0
1505560887,21570910,52.04,1.98818719,1
1505560887,21570909,52.07,0.55635766,1
1505560887,21570908,52.09,0.10330515,1
1505560859,21570864,52.20,4.76926855,0
1505560851,21570844,52.20,9.23370400,0
1505560851,21570842,52.20,25.17884200,0
1505560850,21570836,52.20,13.41721900,0
1505560845,21570819,52.20,18.56580700,0
1505560842,21570811,52.20,3.02848000,0
1505560841,21570808,52.20,1.70020947,0
1505560835,21570785,52.20,4.77530907,0
1505560833,21570779,52.20,34.41254600,0
1505560833,21570778,52.20,5.74712644,0
1505560832,21570776,52.20,4.76695031,0
1505560831,21570770,52.31,4.97632786,0
1505560812,21570709,52.32,4.74976500,1
1505560788,21570634,52.16,11.49876000,1
1505560784,21570628,52.05,4.02960224,1
1505560783,21570627,52.19,0.72016276,1
1505560780,21570621,52.19,44.27329455,1
1505560780,21570620,52.19,4.26980845,1
1505560768,21570608,52.30,5.73200000,0
1505560751,21570574,52.19,14.58100000,1
1505560746,21570561,52.22,4.26982700,1
1505560746,21570559,52.19,1.95999979,1
1505560746,21570556,52.21,0.00000021,1
1505560745,21570554,52.22,1.96000000,1
1505560745,21570552,52.22,12.62100000,1
1505560741,21570546,52.22,1.96900000,1
1505560737,21570538,52.41,14.59000000,0
1505560736,21570537,52.41,14.59000000,0
1505560735,21570533,52.42,14.59000000,1
1505560733,21570527,52.42,14.59000000,0
1505560732,21570525,52.21,2.92999979,1
1505560732,21570524,52.21,11.64995021,1
1505560719,21570517,52.21,2.94004979,1
1505560713,21570513,52.19,28.68899600,1
1505560698,21570476,52.19,28.12912600,1
1505560676,21570442,52.42,21.94969512,0
1505560549,21570177,52.49,15.40826824,0
1505560542,21570149,52.63,32.27284818,0
1505560541,21570148,52.50,176.27800000,0
1505560541,21570146,52.38,0.58030000,0
1505560540,21570145,52.26,40.57000000,1
1505560539,21570144,52.25,40.57087935,0
1505560537,21570138,52.25,9.42912065,0
1505560535,21570135,52.23,0.38388782,0
1505560522,21570108,52.21,1.35640680,0
1505560521,21570107,52.20,61.00000000,0
1505560521,21570106,52.19,12.16605120,0
1505560491,21570059,52.09,2.94703490,0
1505560487,21570051,52.07,13.04963471,0
1505560382,21569821,51.79,14.59000000,1
1505560307,21569733,51.55,29.89000000,1
1505560214,21569620,51.65,40.56270000,1
1505560214,21569619,51.65,0.58030000,1
1505560214,21569618,51.66,36.95000000,1
1505560182,21569597,51.95,5.61333400,0
1505560181,21569596,51.95,2.80088800,0
1505560065,21569494,51.45,20.00000000,0
1505560056,21569487,51.57,20.82415273,1
1505560056,21569486,51.43,3.94000000,1
1505560055,21569483,51.43,10.65000000,1
1505560054,21569482,51.43,3.94000000,0
1505560054,21569481,51.43,10.64584727,0
1505560047,21569475,51.20,16.88672000,1
1505560044,21569470,51.43,3.94415273,0
1505560043,21569469,51.20,14.29184527,0
1505560042,21569467,51.42,7.54937262,1
1505560037,21569463,51.42,14.59000000,0
1505560024,21569449,51.45,56.33203959,1
1505560013,21569434,51.46,120.36611700,0
1505560009,21569415,51.43,0.33932000,0
1505560006,21569393,51.43,2.32000000,1
1505559990,21569339,51.46,2.01320923,1
1505559987,21569326,51.46,1.48014077,1
1505559982,21569311,51.37,5.56764700,0
1505559976,21569299,51.19,1.38876979,1
1505559976,21569296,51.35,0.92820264,1
1505559975,21569291,51.42,2.98272924,1
1505559974,21569288,51.44,0.17156500,0
1505559974,21569286,51.44,0.22676700,0
1505559970,21569267,51.44,6.77323300,1
1505559968,21569255,51.43,2.53298000,0
1505559967,21569250,51.45,7.28661423,1
1505559966,21569248,51.44,15.38622177,0
1505559966,21569247,51.44,0.38496241,0
1505559966,21569246,51.44,0.38496241,0
1505559966,21569244,51.44,0.38496241,0
1505559965,21569242,51.44,0.40906400,0
1505559964,21569238,51.43,3.47446062,0
1505559962,21569235,51.46,2.21003500,1
1505559962,21569234,51.46,4.81542639,1
1505559959,21569228,51.46,25.11015700,0
1505559945,21569208,51.35,2.98928919,1
1505559930,21569186,51.51,1.57262102,0
1505559929,21569185,51.51,2.94703490,0
1505559929,21569181,51.51,9.94527025,0
1505559929,21569180,51.51,14.59000000,1
1505559928,21569179,51.78,9.94507383,1
1505559917,21569104,51.45,1.24637600,1
1505559917,21569101,51.45,7.64502193,1
1505559917,21569098,51.51,1.05367607,1
1505559916,21569091,51.80,9.94507383,0
1505559904,21569048,51.51,1.91710000,1
1505559902,21569037,51.67,2.97077607,1
1505559832,21568784,51.54,0.39529043,1
1505559810,21568705,51.35,1.24798400,1
1505559809,21568698,51.35,1.05517865,1
1505559803,21568664,51.35,0.14589911,1
1505559802,21568654,51.35,4.97857577,1
1505559799,21568641,51.42,2.75986000,0
1505559790,21568612,51.31,2.99161956,1
1505559782,21568582,51.18,5.06727863,1
1505559782,21568581,51.42,55.76472137,1
1505559779,21568573,51.42,5.06622346,1
1505559774,21568562,51.42,16.95017300,1
1505559774,21568558,51.42,5.02199611,1
1505559773,21568555,51.42,1.20000000,1
1505559769,21568543,51.42,4.96078140,1
1505559750,21568489,50.96,13.66446126,0
1505559747,21568483,51.00,0.92553874,1
1505559741,21568461,51.00,14.59000000,1
1505559740,21568453,51.00,14.59000000,1
1505559739,21568441,51.00,14.59000000,1
1505559738,21568436,51.00,14.59000000,1
1505559736,21568429,51.00,12.32000000,1
1505559736,21568427,51.01,2.27000000,1
1505559734,21568417,51.02,13.61687540,1
1505559734,21568416,51.02,0.97312460,1
1505559728,21568385,51.52,2.24270000,0
1505559713,21568270,50.97,21.52393980,0
1505559709,21568260,50.82,7.12247900,1
1505559694,21568205,50.97,8.00000000,0
1505559683,21568158,50.71,6.76231200,1
1505559676,21568138,50.97,0.00836055,0
1505559676,21568136,50.88,0.32312545,0
1505559676,21568129,50.87,3.23012879,1
1505559675,21568125,50.87,1.21198778,1
1505559675,21568120,50.87,3.03299743,0
1505559674,21568117,50.72,15.71458005,1
1505559666,21568091,50.55,96.00000000,0
1505559666,21568089,50.54,41.41537384,0
1505559662,21568062,50.52,2.46851800,1
1505559657,21568027,50.49,4.93447300,1
1505559656,21568025,50.49,100.54276700,1
1505559656,21568021,50.53,42.00000000,0
1505559651,21568000,50.42,0.11988000,1
1505559636,21567961,50.40,3.57365100,1
1505559635,21567959,50.40,17.92261866,1
1505559633,21567949,50.40,5.29343332,1
1505559633,21567945,50.40,17.84226151,1
1505559631,21567934,50.40,1.13184600,1
1505559628,21567920,50.40,5.09854130,1
1505559624,21567898,50.40,12.74233700,1
1505559623,21567891,50.40,5.35990678,1
1505559620,21567875,50.40,4.84333918,1
1505559619,21567870,50.40,32.27100000,1
1505559619,21567868,50.40,14.62570100,1
1505559617,21567857,50.40,4.84281968,1
1505559615,21567845,50.41,4.84249549,1
1505559613,21567835,50.40,5.10645260,1
1505559612,21567829,50.40,14.04195400,1
1505559609,21567821,50.40,1.36831700,1
1505559606,21567811,50.38,0.84403714,0
1505559606,21567810,50.21,2.57580000,0
1505559606,21567809,50.20,30.84918925,0
1505559605,21567807,50.15,13.61732912,0
1505559596,21567779,50.21,7.96284804,1
1505559594,21567774,50.20,15.39847411,1
1505559591,21567768,50.23,26.80000000,1
1505559546,21567674,50.23,2.53000000,0
1505559546,21567671,50.24,5.57000000,1
1505559545,21567668,50.24,2.53000000,1
1505559544,21567661,50.22,3.58000000,0
1505559544,21567660,50.22,1.99000000,0
1505559543,21567656,50.07,2.53365269,1
1505559542,21567652,50.07,3.59257001,1
1505559542,21567647,50.23,1.99000000,0
1505559540,21567637,50.22,1.99000000,0
1505559539,21567634,50.23,1.99000000,0
1505559538,21567621,50.21,1.99000000,0
1505559537,21567608,50.07,1.95188800,1
1505559534,21567581,50.07,4.66998600,1
1505559526,21567529,49.76,12.47869623,1
1505559526,21567526,49.76,64.43441463,1
1505559525,21567520,50.06,12.06000000,0
1505559524,21567510,50.07,2.53000000,1
1505559524,21567508,50.07,2.52000000,1
1505559524,21567507,50.07,9.52688914,1
1505559522,21567492,50.07,2.53185501,1
1505559519,21567480,50.07,2.53125585,1
1505559513,21567455,50.06,8.40000000,0
1505559513,21567453,50.07,6.18000000,1
1505559512,21567448,50.07,8.00000000,0
1505559512,21567446,50.07,0.41000000,0
1505559511,21567439,50.07,14.59000000,1
1505559508,21567424,50.07,14.59000000,1
1505559507,21567411,50.07,14.59000000,0
1505559481,21567330,50.02,5.00319872,0
1505559466,21567261,50.01,2.11151700,0
1505559458,21567234,49.85,100.00000000,1
1505559440,21567182,49.75,121.74985553,0
1505559440,21567179,49.76,14.59000000,0
1505559440,21567177,49.76,17.66000000,1
1505559438,21567175,49.84,0.00014447,1
1505559422,21567111,50.00,15.76672394,0
1505559422,21567109,50.00,16.34865100,0
1505559420,21567106,50.00,53.12300457,1
1505559393,21567044,50.00,83.67500000,1
1505559391,21567041,50.01,16.32500000,1
1505559390,21567040,50.13,1.72690984,0
1505559370,21566972,50.00,27.16103314,1
1505559368,21566971,50.02,22.83896686,1
1505559358,21566957,50.35,10.11749100,0
1505559336,21566929,50.00,4.87339443,1
1505559333,21566914,50.01,5.04595533,1
1505559284,21566778,50.33,17.76720493,0
1505559284,21566775,50.15,0.00000007,0
1505559281,21566751,49.94,2.99855096,1
1505559265,21566695,50.15,3.88230200,0
1505559219,21566612,50.03,59.34200000,1
1505559210,21566605,50.00,0.80000000,1
1505559201,21566581,50.00,10.35300000,1
1505559192,21566569,49.93,6.43500000,1
1505559184,21566554,49.93,0.38940800,1
1505559176,21566533,50.29,16.05726784,1
1505559176,21566532,50.28,63.80858025,1
1505559176,21566531,50.00,5.37253142,0
1505559173,21566524,49.91,0.14200000,1
1505559169,21566517,49.89,25.00000000,0
1505559169,21566516,49.89,1.85761898,0
1505559164,21566501,49.85,1.08985159,0
1505559164,21566500,49.84,16.92000000,1
1505559163,21566497,49.85,0.20000000,0
1505559159,21566489,49.84,3.07985553,1
1505559156,21566481,49.85,1.28000000,1
1505559148,21566468,49.89,1.21914991,0
1505559148,21566464,49.86,0.72478666,1
1505559147,21566463,49.89,0.00021334,1
1505559138,21566449,49.89,0.01016855,1
1505559138,21566448,49.89,3.05655117,1
1505559138,21566447,49.89,11.18295739,1
1505559138,21566446,49.89,9.53632289,1
1505559129,21566412,49.89,0.00043000,1
1505559129,21566411,50.14,1.42457000,1
1505559121,21566400,50.15,10.00000000,0
1505559120,21566398,49.90,7.29200000,1
1505559118,21566389,50.13,1.41743444,0
1505559111,21566380,49.89,1.89000000,1
1505559102,21566370,49.89,0.00042256,1
1505559102,21566369,50.00,8.99857744,1
1505559093,21566351,50.00,1.98495700,1
1505559093,21566350,50.00,1.00000000,1
1505559093,21566349,50.00,5.00000000,1
1505559093,21566348,50.00,10.00000000,1
1505559092,21566346,50.00,1.91160900,1
1505559092,21566344,50.00,2.00000000,1
1505559092,21566342,50.00,60.38143400,1
1505559085,21566316,50.16,1.42324000,0
1505559083,21566307,50.02,80.29300000,1
1505559074,21566289,50.00,100.00000000,1
1505559073,21566286,50.16,90.35306700,0
1505559066,21566266,50.01,1.08500000,1
1505559055,21566225,50.00,1.20000000,1
1505559054,21566218,50.16,0.89364583,0
1505559044,21566206,50.05,0.01038189,0
1505559042,21566202,50.01,3.06938612,1
1505559035,21566188,50.08,3.05594266,1
1505559035,21566187,50.16,1.42173600,0
1505559030,21566181,50.10,0.85394760,1
1505559030,21566179,50.10,2.14950299,1
1505559018,21566152,50.16,6.37768200,0
1505559018,21566151,50.11,6.60848700,0
1505559011,21566136,50.11,60.83645000,0
1505558990,21566072,50.11,1.41606300,0
1505558943,21565957,50.14,19.23461046,1
1505558943,21565956,50.20,9.23538954,1
1505558933,21565923,50.21,0.99800000,1
1505558925,21565908,50.24,5.29600000,1
1505558924,21565899,50.38,5.99545800,0
1505558924,21565898,50.38,12.82920200,0
1505558924,21565897,50.38,155.01822400,0
1505558924,21565895,50.38,29.59192600,0
1505558915,21565883,50.22,9.23500000,1
1505558905,21565858,50.20,74.72900000,1
1505558903,21565857,50.20,25.56195537,1
1505558903,21565855,50.24,10.02339663,1
1505558901,21565844,50.24,0.59847337,0
1505558898,21565833,50.20,7.29513600,1
1505558893,21565811,50.24,7.79152663,0
1505558893,21565808,50.24,2.20811158,0
1505558893,21565807,50.20,90.13726764,1
1505558893,21565805,50.21,1.00000000,1
1505558893,21565804,50.21,8.86273236,1
1505558890,21565792,50.24,2.38225021,0
1505558890,21565791,50.23,0.59810000,0
1505558886,21565781,50.20,1.65973200,1
1505558886,21565777,50.20,0.11000000,1
1505558883,21565774,50.24,9.99963821,1
1505558868,21565740,50.23,3.05594266,1
1505558868,21565739,50.24,60.00000000,0
1505558862,21565720,50.24,58.30820500,1
1505558858,21565691,50.24,15.00000000,1
1505558850,21565651,50.23,30.83000000,1
1505558849,21565650,50.22,3.05655117,1
1505558847,21565642,50.23,2.87297569,1
1505558847,21565640,50.26,3.04503074,1
1505558847,21565639,50.30,1.00000000,1
1505558847,21565638,50.35,3.03779932,1
1505558847,21565637,50.37,0.01432067,1
1505558847,21565636,50.37,0.00947224,1
1505558847,21565634,50.37,0.88527392,1
1505558846,21565633,50.37,1.00000000,1
1505558846,21565632,50.37,1.12453000,1
1505558846,21565631,50.39,3.03659742,1
1505558838,21565598,50.41,2.43300000,1
1505558838,21565595,50.41,3.04503074,1
1505558835,21565585,50.49,0.00000063,1
1505558834,21565582,50.49,2.43310000,1
1505558832,21565568,50.49,0.59810000,1
1505558832,21565566,50.56,0.00035000,1
1505558828,21565553,50.56,8.51200000,1
1505558766,21565429,50.56,11.48765000,1
1505558764,21565425,50.79,11.48764952,0
1505558699,21565274,50.89,3.50536001,0
1505558659,21565205,50.66,11.15688866,1
1505558659,21565204,50.67,28.21811134,1
1505558655,21565187,50.93,2.38128600,0
1505558636,21565123,50.56,40.00000000,1
1505558635,21565122,50.50,22.41108500,0
1505558635,21565120,50.54,6.88026800,1
1505558633,21565117,50.55,3.03659742,1
1505558631,21565112,50.54,6.88026831,0
1505558629,21565098,50.49,0.79425530,1
1505558629,21565096,50.49,0.44567933,1
1505558629,21565095,50.49,1.79066754,1
1505558627,21565079,50.54,4.83314036,1
1505558584,21564996,50.69,31.25470876,1
1505558555,21564946,50.64,0.00000063,0
1505558554,21564944,50.64,2.43310000,0
1505558553,21564943,50.64,0.59810000,1
1505558539,21564906,50.51,104.12591294,1
1505558538,21564905,50.51,0.00894158,1
1505558538,21564904,50.51,3.02046438,1
1505558538,21564903,50.52,122.16700000,1
1505558538,21564902,50.52,3.02880820,1
1505558538,21564901,50.52,0.01788316,1
1505558538,21564900,50.52,3.01152280,1
1505558538,21564899,50.53,6.96220068,1
1505558538,21564898,50.64,148.00000000,1
1505558538,21564897,50.70,99.10775226,1
1505558537,21564896,50.74,123.00000000,1
1505558537,21564895,50.86,172.01400000,1
1505558537,21564894,50.87,16.53551400,1
1505558526,21564855,51.26,27.15940000,0
1505558520,21564837,51.26,30.45013300,0
1505558519,21564828,51.27,19.09761900,0
1505558514,21564826,51.22,16.53551400,1
1505558486,21564795,51.08,18.33242501,1
1505558486,21564794,51.09,41.66757499,1
1505558293,21564501,50.97,34.00000000,0
1505558291,21564491,51.09,126.00000000,1
1505558243,21564437,51.09,3.06402600,1
1505558182,21564319,51.00,1.17070000,0
1505558176,21564278,51.00,26.09278000,0
1505558171,21564256,51.00,20.70012659,0
1505558171,21564255,50.98,10.00287341,0
1505558168,21564239,50.98,4.49664800,0
1505558162,21564213,50.98,9.50735200,0
1505558158,21564186,50.98,2.00706159,0
1505558137,21564109,50.98,57.04562800,0
1505558130,21564068,50.98,16.94043700,0
1505558130,21564067,50.97,39.40000000,0
1505558116,21563991,50.98,2.00235340,0
1505558107,21563958,50.73,21.05000000,1
1505558091,21563903,50.69,3.55875000,0
1505558076,21563867,50.69,3.02880820,1
1505558063,21563823,50.94,2.00039261,0
1505558051,21563738,50.94,10.01423100,0
1505558018,21563516,50.79,24.08265800,0
1505558013,21563503,50.79,175.91734200,0
1505558013,21563501,50.77,87.15910800,0
1505558010,21563494,50.65,100.00000000,1
1505558004,21563468,50.77,4.58611900,0
1505558003,21563456,50.77,107.99477300,0
1505557997,21563413,50.77,0.26000000,0
1505557990,21563373,50.76,3.36805064,0
1505557989,21563372,50.67,0.01788316,0
1505557989,21563371,50.65,0.79425530,0
1505557983,21563348,50.65,0.44567933,0
1505557983,21563347,50.60,0.01432067,0
1505557982,21563343,50.53,3.03779932,1
1505557974,21563328,50.61,3.00000000,1
1505557972,21563316,50.65,1.23098600,1
1505557959,21563281,50.69,1.23098370,1
1505557958,21563275,50.69,1.78651187,1
1505557958,21563274,50.70,1.50000000,1
1505557957,21563270,50.71,3.01453260,1
1505557957,21563268,50.75,1.92859443,1
1505557957,21563267,50.75,1.08653029,1
1505557957,21563266,50.75,3.00980392,1
1505557941,21563189,50.79,1.90000300,1
1505557936,21563174,50.79,17.95062200,1
1505557931,21563157,50.79,16.59461200,1
1505557923,21563128,50.79,6.02492900,1
1505557921,21563118,50.79,9.81961400,1
1505557919,21563112,50.80,42.16538600,1
1505557918,21563105,50.84,4.08537782,1
1505557911,21563075,51.07,40.07953259,0
1505557911,21563074,50.95,8.94597841,0
1505557909,21563065,50.95,5.02216511,0
1505557901,21563038,50.95,33.09549000,0
1505557901,21563037,50.94,110.90451000,0
1505557900,21563036,50.94,16.09549000,0
1505557898,21563023,50.95,119.14718800,0
1505557897,21563017,50.95,10.08673442,0
1505557897,21563016,50.94,54.36880858,0
1505557895,21563012,50.94,42.41570500,0
1505557894,21563007,50.94,33.13619300,0
1505557892,21562994,50.94,2.07929342,0
1505557889,21562986,50.92,22.53367500,0
1505557885,21562966,50.95,23.70244406,0
1505557885,21562965,50.87,1.23098370,0
1505557885,21562964,50.84,0.00947224,0
1505557884,21562963,50.80,120.72887453,1
1505557884,21562961,50.80,79.27112547,1
1505557882,21562955,50.80,84.74522099,1
1505557881,21562952,50.80,3.02165354,1
1505557868,21562912,50.87,1.21857818,1
1505557868,21562910,50.92,1.80917582,1
1505557868,21562908,50.92,1.19650266,1
1505557868,21562907,50.92,0.00938848,1
1505557867,21562906,50.92,0.12629000,1
1505557867,21562904,50.92,1.65495886,1
1505557867,21562901,50.92,1.21504114,1
1505557866,21562897,50.92,44.08708800,1
1505557864,21562890,50.92,3.01453260,1
1505557864,21562888,50.92,25.17942200,1
1505557863,21562885,50.92,5.21486434,1
1505557863,21562884,50.95,2.98673866,1
1505557860,21562877,51.00,4.85707902,1
1505557859,21562868,51.00,0.88527392,0
1505557858,21562865,50.95,0.00936526,1
1505557858,21562864,50.95,0.00564550,1
1505557856,21562857,50.95,2.98714061,1
1505557855,21562846,51.00,1.00000000,0
1505557854,21562838,51.00,1.12453000,0
1505557847,21562818,51.00,130.51138980,1
1505557847,21562817,51.00,14.24995300,1
1505557841,21562803,51.02,2.88638132,1
1505557795,21562735,51.02,0.10000000,1
1505557697,21562542,51.07,3.00567848,1
1505557694,21562536,51.13,0.00936526,0
1505557693,21562534,51.07,0.00938848,0
1505557676,21562507,51.08,3.00509005,1
1505557663,21562489,51.23,0.12629000,0
1505557611,21562423,51.40,2.98638132,1
1505557579,21562335,51.76,2.87000000,0
1505557579,21562333,51.76,0.13000000,0
1505557577,21562327,51.76,31.54000000,1
1505557577,21562326,51.76,55.33000000,1
1505557571,21562269,51.74,1.16604000,0
1505557570,21562266,51.75,59.27000000,0
1505557570,21562265,51.23,44.29467839,0
1505557570,21562260,51.35,32.05233825,1
1505557569,21562256,51.45,129.00000000,1
1505557569,21562255,51.56,2.96733036,1
1505557567,21562252,51.78,21.68565300,1
1505557566,21562250,51.76,21.68565315,1
1505557565,21562246,51.78,56.08334685,0
1505557564,21562245,51.78,59.27000000,1
1505557387,21561960,51.73,2.96733036,1
1505557385,21561955,52.14,17.67300000,0
1505557376,21561929,51.88,85.00000000,1
1505557375,21561926,51.90,110.00000000,1
1505557368,21561918,52.04,26.00000000,0
1505557362,21561903,52.16,13.39548800,0
1505557360,21561898,52.26,13.56728700,1
1505557358,21561895,52.01,0.43271300,0
1505557355,21561886,52.01,35.81493600,0
1505557352,21561881,52.01,13.75235100,0
1505557344,21561869,52.25,129.00000000,0
1505557344,21561867,51.99,1.17600020,0
1505557325,21561798,51.99,5.39220900,0
1505557322,21561787,51.99,265.96027192,0
1505557320,21561781,51.84,0.00000070,0
1505557303,21561738,51.67,2.97085277,0
1505557303,21561737,51.63,0.00000023,0
1505557299,21561726,51.63,2.97322200,0
1505557299,21561724,51.52,24.93000000,1
1505557296,21561715,51.50,202.55530000,0
1505557292,21561704,51.49,18.14697681,0
1505557292,21561703,51.49,2.97085347,0
1505557290,21561697,51.49,31.68462200,0
1505557286,21561688,51.35,19.03203175,1
1505557284,21561684,51.35,92.91563000,1
1505557284,21561683,51.35,6.33972100,0
1505557283,21561679,51.46,3.74464900,0
1505557282,21561675,51.46,146.00000000,1
1505557276,21561654,51.50,50.00000000,0
1505557264,21561625,51.29,2.99278611,0
1505557240,21561558,51.46,2.97322223,1
1505557204,21561473,51.00,106.89949898,0
1505557180,21561422,51.00,0.50781300,0
1505557154,21561355,51.00,58.54609040,1
1505557152,21561335,51.00,5.09700000,1
1505557146,21561321,51.00,5.52264700,1
1505557145,21561318,51.00,4.57543500,1
1505557139,21561301,51.00,14.59000000,1
1505557138,21561296,51.00,14.59000000,1
1505557135,21561293,51.00,14.59000000,1
1505557133,21561288,51.00,5.08078393,1
1505557125,21561256,51.01,1.07363500,1
1505557124,21561250,51.00,10.71300300,1
1505557121,21561234,51.00,9.91963300,1
1505557099,21561165,51.00,39.84196800,1
1505557096,21561154,51.00,84.68058061,0
1505557091,21561115,51.00,15.31941939,0
1505557075,21561048,50.79,43.21022000,1
1505557075,21561046,50.79,4.50000000,1
1505557069,21561021,50.82,3.02046438,0
1505557063,21560999,50.83,3.02046438,1
1505557061,21560993,50.87,3.00509005,1
1505557061,21560991,50.88,0.00938725,1
1505557061,21560987,50.88,1.17273163,1
1505557057,21560982,50.88,1.82355960,1
1505557057,21560980,50.91,0.88833740,1
1505557055,21560972,50.91,206.11166260,0
1505557022,21560898,50.89,6.98711900,1
1505556995,21560843,50.91,1.92859443,0
1505556995,21560840,50.91,1.08653029,1
1505556992,21560831,50.91,6.73567600,1
1505556963,21560709,51.08,10.83809710,0
1505556958,21560698,51.00,2.52389418,1
1505556958,21560697,51.00,9.00000000,1
1505556958,21560695,51.00,0.50000000,1
1505556958,21560693,51.07,4.33848282,1
1505556957,21560688,51.07,6.99148700,1
1505556957,21560681,51.07,4.68128500,1
1505556950,21560640,51.08,2.51735083,1
1505556949,21560638,51.08,14.59000000,1
1505556949,21560634,51.08,7.66205000,1
1505556948,21560631,51.08,14.59000000,1
1505556946,21560623,51.08,6.56240200,1
1505556940,21560596,51.08,5.18450100,1
1505556922,21560466,51.10,12.48155200,0
1505556922,21560465,51.11,57.16000000,1
1505556858,21560261,51.41,14.02100000,0
1505556841,21560220,51.10,2.42677391,1
1505556835,21560197,51.16,1.00000000,1
1505556834,21560194,51.15,0.98470650,1
1505556831,21560178,51.07,28.98874518,1
1505556831,21560177,51.15,169.34800000,1
1505556812,21560115,51.42,0.28258300,0
1505556775,21560036,51.66,10.21722100,0
1505556755,21559990,51.65,13.11106428,0
1505556755,21559988,51.53,16.88893572,0
1505556754,21559986,51.53,4.55106400,0
1505556750,21559980,51.53,35.49370700,0
1505556748,21559972,51.53,10.00000000,0
1505556742,21559955,51.53,11.44000000,0
1505556737,21559938,51.53,5.16350000,0
1505556734,21559930,51.52,7.75667400,0
1505556732,21559923,51.23,52.16945003,0
1505556730,21559917,51.36,58.57818997,1
1505556724,21559892,51.36,99.75984000,1
1505556722,21559881,51.53,2.91956700,0
1505556721,21559876,51.36,3.45393519,1
1505556719,21559870,51.36,4.68566077,1
1505556718,21559859,51.36,4.76861641,1
1505556717,21559853,51.36,4.32175766,1
1505556716,21559846,51.53,10.00000000,0
1505556715,21559839,51.53,18.77385969,0
1505556715,21559837,51.35,4.77099207,1
1505556714,21559834,51.35,5.90524905,1
1505556714,21559829,51.53,14.32700000,0
1505556698,21559780,51.52,48.32040672,0
1505556698,21559779,51.27,0.00000028,0
1505556670,21559694,51.17,5.01200000,1
1505556653,21559630,51.27,1.50586700,0
1505556642,21559584,51.27,6.14000000,0
1505556640,21559572,51.27,246.30330272,0
1505556637,21559548,51.27,23.85183000,0
1505556636,21559546,51.26,3.81000000,0
1505556635,21559542,51.27,2.33000000,0
1505556635,21559541,51.26,3.81000000,0
1505556629,21559526,51.07,2.00000000,0
1505556628,21559521,51.05,1.81528001,1
1505556617,21559486,51.00,11.08005487,0
1505556608,21559459,51.00,0.00000487,1
1505556606,21559452,51.00,16.78097513,0
1505556590,21559353,51.00,9.16485000,0
1505556589,21559349,51.00,30.03933167,0
1505556588,21559346,51.00,106.34300000,0
1505556587,21559342,51.00,91.36291800,0
1505556587,21559341,51.00,8.46569400,0
1505556587,21559340,51.00,14.49485200,0
1505556585,21559329,51.00,1.00000000,1
1505556585,21559328,51.00,34.72190525,1
1505556581,21559318,51.00,3.00980392,1
1505556578,21559297,51.07,0.00938725,1
1505556576,21559289,51.16,1.89053948,0
1505556570,21559271,51.16,20.88445800,0
1505556561,21559239,51.26,23.72197000,0
1505556561,21559236,51.26,5.48338300,0
1505556560,21559233,51.08,3.00509005,0
1505556556,21559221,51.21,2.98812536,1
1505556551,21559212,51.27,18.86900000,0
1505556551,21559211,51.26,14.23000000,0
1505556543,21559199,51.46,11.79795400,0
1505556541,21559192,51.49,15.94934400,0
1505556490,21559051,51.23,2.99629123,0
1505556483,21559035,51.39,5.95484400,0
1505556482,21559032,51.39,8.33966000,0
1505556482,21559030,51.39,4.84556800,0
1505556481,21559026,51.39,4.42838376,0
1505556481,21559024,51.27,1.83893124,0
1505556481,21559022,51.27,4.92402900,0
1505556480,21559021,51.27,5.39566095,0
1505556480,21559015,51.27,144.00000000,1
1505556479,21559014,51.28,2.98174048,1
1505556479,21559013,51.33,2.98058252,1
1505556479,21559012,51.37,2.97595967,1
1505556479,21559011,51.37,162.01187464,1
1505556474,21558998,51.40,4.34850000,0
1505556471,21558978,51.37,2.98812536,1
1505556470,21558970,51.39,14.99484360,0
1505556469,21558967,51.39,1.05439053,1
1505556469,21558966,51.42,0.02589205,1
1505556469,21558965,51.42,1.06133175,1
1505556469,21558964,51.42,1.88873587,1
1505556469,21558963,51.44,2.97480620,1
1505556466,21558955,51.45,0.02577020,0
1505556465,21558949,51.45,2.97422980,1
1505556464,21558948,51.52,14.59000000,0
1505556459,21558918,51.50,22.27085728,1
1505556451,21558863,51.55,103.64174944,1
1505556449,21558856,51.55,147.00000000,1
1505556449,21558854,51.55,23.00000000,1
1505556426,21558808,51.99,39.59000000,0
1505556425,21558805,51.96,0.41000000,0
1505556425,21558802,51.95,14.59000000,0
1505556424,21558801,51.96,14.59000000,1
1505556373,21558680,51.96,14.18000000,1
1505556372,21558677,51.96,0.41000000,0
1505556371,21558671,51.96,14.59000000,1
1505556327,21558445,51.94,25.55975500,0
1505556320,21558393,51.62,2.97422980,1
1505556291,21558236,51.61,4.00000000,1
1505556290,21558235,51.61,0.00000034,0
1505556277,21558198,51.60,6.93470000,1
1505556277,21558194,51.61,13.96733200,0
1505556276,21558192,51.61,6.30369200,0
1505556276,21558190,51.61,69.83684200,0
1505556276,21558187,51.60,2.97480620,1
1505556272,21558167,51.61,5.17188475,0
1505556262,21558137,51.60,16.71397200,1
1505556258,21558094,51.61,39.78930344,1
1505556258,21558090,51.62,22.21069656,1
1505556236,21557937,51.81,21.13267571,0
1505556230,21557901,51.50,4.74856020,1
1505556229,21557889,51.56,5.25143980,0
1505556226,21557858,51.50,2.98058252,1
1505556221,21557823,51.58,2.97595967,0
1505556217,21557791,51.58,0.02589205,0
1505556217,21557788,51.58,1.06133175,0
1505556212,21557755,51.63,16.93962500,1
1505556206,21557695,51.58,1.07802099,1
1505556206,21557689,51.67,0.00000001,1
1505556205,21557679,51.67,2.95989200,1
1505556169,21557463,52.00,23.87700000,0
1505556168,21557462,51.99,7.11992400,0
1505556140,21557365,51.82,15.47756662,1
1505556123,21557323,52.16,8.00000000,0
1505556121,21557322,51.74,2.96675686,1
1505556117,21557312,51.73,100.00000000,1
1505556117,21557307,51.73,1.00000000,1
1505556117,21557304,51.73,3.05521492,1
1505556116,21557301,51.85,2.95078815,1
1505556116,21557290,51.91,0.00956757,1
1505556116,21557284,51.91,2.93442936,1
1505556112,21557230,51.94,4.61990000,1
1505556110,21557228,52.00,2.41300000,1
1505556110,21557227,52.00,2.00000000,1
1505556097,21557205,52.14,3.25342625,0
1505556097,21557204,52.14,7.51524375,0
1505556086,21557176,52.14,1.57186100,0
1505556074,21557138,52.17,33.17573543,0
1505556074,21557137,52.14,0.00956757,0
1505556066,21557110,52.02,2.95078815,1
1505556054,21557078,52.18,2.93218720,1
1505556022,21556980,52.24,134.00000000,0
1505556022,21556979,52.23,2.59000000,0
1505556014,21556962,52.27,1.76937700,0
1505556013,21556960,52.28,3.00000000,0
1505556012,21556955,52.29,1.54094400,0
1505556001,21556925,52.31,5.01000000,1
1505555990,21556900,52.25,4.36938963,1
1505555948,21556805,52.54,2.14011400,0
1505555948,21556804,52.54,16.04657800,0
1505555946,21556802,52.44,5.00000000,1
1505555945,21556795,52.44,9.59000000,1
1505555945,21556794,52.44,2.00180221,1
1505555944,21556793,52.54,4.08710500,0
1505555944,21556792,52.45,5.00000000,0
1505555943,21556790,52.44,9.59000000,1
1505555942,21556788,52.44,9.59000000,1
1505555941,21556787,52.44,9.59000000,1
1505555930,21556766,52.45,5.00000000,0
1505555928,21556761,52.45,5.00000000,0
1505555927,21556754,52.45,5.00000000,0
1505555925,21556751,52.45,5.00000000,1
1505555924,21556747,52.54,12.44048700,0
1505555924,21556745,52.45,5.00000000,0
1505555915,21556715,52.81,5.00000000,0
1505555904,21556673,52.79,39.90649000,0
1505555904,21556672,52.79,14.00351000,0
1505555903,21556670,52.80,12.63295600,0
1505555902,21556669,52.80,1.00000000,0
1505555899,21556662,52.75,3.72443600,0
1505555893,21556649,52.46,15.67465695,0
1505555892,21556647,52.46,25.29000000,1
1505555890,21556643,52.79,22.07900000,0
1505555889,21556642,52.79,3.04515600,0
1505555863,21556617,52.99,56.20600000,0
1505555853,21556596,52.42,69.47096913,0
1505555853,21556595,52.42,1.50000000,0
1505555852,21556594,52.42,4.62003087,0
1505555852,21556593,52.42,6.34600000,0
1505555851,21556591,52.42,22.92100000,0
1505555851,21556589,52.42,175.92300000,0
1505555850,21556588,52.50,141.00000000,1
1505555849,21556587,52.58,10.47000000,1
1505555849,21556586,52.58,167.74900000,1
1505555830,21556505,52.92,10.40202900,0
1505555798,21556419,52.45,0.00001886,0
1505555797,21556415,52.45,4.26832497,0
1505555796,21556413,52.37,1.11000000,1
1505555726,21556280,52.61,6.83545400,0
1505555689,21556225,52.45,107.75729538,1
1505555689,21556224,52.50,21.23918902,1
1505555689,21556223,52.51,12.03497460,1
1505555676,21556187,53.06,17.14852600,1
1505555669,21556176,53.07,9.58974400,0
1505555663,21556169,52.98,1.20727100,0
1505555660,21556162,52.99,39.82702500,0
1505555658,21556159,52.88,33.16267600,0
1505555658,21556154,52.88,10.86660000,0
1505555657,21556153,52.88,4.01058000,0
1505555656,21556151,52.88,14.43800000,0
1505555656,21556147,52.81,0.46600000,1
1505555656,21556146,52.81,144.53400000,1
1505555654,21556140,52.88,27.76107200,0
1505555650,21556132,52.86,16.80300000,1
1505555639,21556109,52.81,5.24169769,1
1505555626,21556085,52.97,3.55005000,0
1505555624,21556078,53.00,54.08726905,1
1505555610,21556048,53.18,2.37169300,0
1505555581,21555958,53.46,7.27765360,1
1505555541,21555881,53.00,9.67866787,1
1505555527,21555843,53.20,18.73099287,1
1505555436,21555446,52.50,146.09000000,0
1505555434,21555438,52.57,106.00000000,1
1505555433,21555437,52.67,108.00000000,1
1505555433,21555436,52.76,116.00000000,1
1505555433,21555435,52.84,117.00000000,1
1505555433,21555434,52.85,6.91000000,1
1505555423,21555366,52.90,40.00000000,0
1505555419,21555343,52.88,3.86440999,0
1505555381,21555047,52.68,0.28026300,1
1505555379,21555031,52.50,38.52670100,1
1505555379,21555022,52.48,13.54400000,1
1505555378,21555020,52.49,8.13132000,1
1505555377,21555016,52.49,22.02648500,1
1505555377,21555014,52.57,36.00000000,1
1505555377,21555012,52.67,14.59000000,1
1505555376,21554997,52.48,40.66678300,1
1505555375,21554990,52.57,1.86051000,0
1505555374,21554988,52.57,9.02398300,0
1505555374,21554986,52.57,3.70550700,0
1505555371,21554966,52.57,3.20000000,1
1505555370,21554958,52.58,11.96269300,1
1505555370,21554956,52.68,0.32049000,1
1505555369,21554931,52.68,2.67951000,0
1505555367,21554908,52.67,1.04797500,1
1505555367,21554906,52.67,2.72588100,1
1505555367,21554901,52.67,1.05212500,1
1505555365,21554887,52.75,8.45220200,1
1505555365,21554885,52.75,24.61946700,1
1505555365,21554883,52.75,18.50300000,1
1505555365,21554882,52.75,1.59228800,1
1505555364,21554878,52.75,2.64518100,1
1505555364,21554873,52.75,54.18786200,1
1505555363,21554860,52.67,3.73329900,1
1505555362,21554836,52.67,24.60007000,1
1505555362,21554825,52.67,37.95187560,1
1505555361,21554815,52.68,14.72405440,1
1505555358,21554799,52.61,33.47591100,1
1505555358,21554789,52.61,14.72405400,1
1505555311,21554479,52.81,1.01367896,0
1505555311,21554471,52.80,14.72405440,0
1505555307,21554435,52.81,1.54369293,0
1505555306,21554421,52.81,1.20104341,0
1505555305,21554397,52.81,0.06767773,0
1505555304,21554388,52.78,1.25552823,0
1505555303,21554380,52.78,2.00447177,0
1505555301,21554358,52.79,2.61151481,0
1505555298,21554321,52.32,2.93442936,1
1505555295,21554299,52.24,11.23951626,1
1505555295,21554296,52.24,48.77100000,0
1505555295,21554293,52.35,29.98948374,1
1505555295,21554291,52.35,98.59096871,1
1505555294,21554288,52.36,1.40903129,0
1505555293,21554280,52.36,2.93218720,1
1505555292,21554266,52.24,27.29509510,0
1505555291,21554263,52.32,108.00000000,1
1505555291,21554259,52.35,176.45600000,1
1505555291,21554253,52.35,69.69522626,0
1505555290,21554252,52.45,2.91714177,1
1505555290,21554251,52.48,2.91603343,1
1505555290,21554246,52.54,2.90940106,1
1505555289,21554241,52.59,2.90940106,1
1505555289,21554238,52.71,2.87239646,0
1505555288,21554230,52.71,2.90279878,1
1505555287,21554228,52.72,2.90170132,1
1505555282,21554179,52.88,11.23543200,1
1505555282,21554177,52.88,7.12914388,1
1505555280,21554167,52.76,0.81880212,0
1505555277,21554145,52.76,94.18119788,1
1505555272,21554114,52.89,1.01378796,0
1505555271,21554110,52.89,5.48644294,0
1505555271,21554109,52.80,98.51355706,0
1505555271,21554108,52.76,2.90940106,1
1505555269,21554099,52.76,2.90940106,1
1505555267,21554083,52.78,0.01448113,1
1505555267,21554081,52.78,2.88174528,1
1505555267,21554079,52.80,0.48644294,0
1505555262,21554055,52.84,2.82519234,1
1505555261,21554038,52.83,0.30966788,0
1505555260,21554029,52.83,2.89677297,1
1505555260,21554027,52.84,2.89240625,1
1505555260,21554026,52.85,2.90115290,1
1505555255,21553979,52.88,2.09720122,1
1505555255,21553973,52.88,2.90279878,1
1505555251,21553944,52.90,0.00923571,1
1505555235,21553814,52.97,1.45574809,0
1505555231,21553797,52.97,3.37000000,0
1505555230,21553791,52.97,4.37545133,0
1505555229,21553789,52.96,14.87873867,0
1505555222,21553751,53.05,1.02965100,0
1505555210,21553709,53.13,0.35261299,0
1505555204,21553682,53.13,0.43346932,0
1505555204,21553677,53.06,2.90115290,0
1505555203,21553670,52.91,3.12970132,1
1505555203,21553669,52.91,33.87029868,1
1505555199,21553660,53.13,3.32538651,0
1505555198,21553658,53.07,0.00923571,0
1505555196,21553648,52.90,2.90170132,0
1505555195,21553640,52.89,14.08454572,0
1505555194,21553638,52.90,0.00917691,1
1505555194,21553635,52.90,0.00858389,1
1505555194,21553633,52.90,2.86540974,1
1505555194,21553631,52.96,109.37352605,1
1505555194,21553629,52.96,3.33462222,0
1505555193,21553627,52.98,17.41400000,0
1505555193,21553626,53.00,50.02479713,1
1505555193,21553625,53.02,2.88533834,1
1505555188,21553613,53.13,3.33462222,0
1505555188,21553611,53.13,1.00000000,0
1505555187,21553609,53.13,1.27746703,0
1505555187,21553607,53.10,0.11791213,0
1505555187,21553602,53.10,0.00863224,1
1505555186,21553600,53.10,1.41509519,1
1505555186,21553599,53.10,0.86480419,1
1505555186,21553598,53.10,0.59355625,1
1505555183,21553579,53.21,2.44928388,0
1505555183,21553578,53.20,0.88533834,0
1505555180,21553571,53.20,7.11466166,1
1505555153,21553473,53.37,14.59000000,0
1505555146,21553452,53.37,19.14837300,0
1505555146,21553439,53.29,18.39223900,0
1505555145,21553432,53.29,20.34701000,1
1505555143,21553417,53.28,5.36224318,0
1505555143,21553411,53.37,4.09623200,0
1505555142,21553407,53.21,7.70380392,1
1505555140,21553391,53.35,5.34619608,1
1505555139,21553388,53.37,18.07416100,0
1505555138,21553379,53.37,2.91165365,0
