date,tid,price,amount,type
1505606365,21611533,0.00004951,6755.89052716,0
1505606365,21611532,0.00004949,2048.43630389,0
1505606363,21611530,0.00004948,1271.05618621,0
1505606160,21611434,0.00004948,120.85691188,0
1505605797,21611352,0.00004957,66.09864838,0
1505605608,21611317,0.00004959,2143.14861867,0
1505605606,21611316,0.00004958,2302.40000000,0
1505605584,21611315,0.00004957,276.63667540,0
1505605582,21611314,0.00004947,592.17168253,0
1505605174,21611239,0.00004943,3094.52926900,0
1505604668,21611051,0.00004939,338.80100000,0
1505604666,21611048,0.00004939,1099.39896000,1
1505604666,21611046,0.00004942,1344.38220000,1
1505604592,21610993,0.00004946,1550.80000000,1
1505604592,21610992,0.00004947,1333.47610000,1
1505603855,21610741,0.00004955,1417.92200800,0
1505603748,21610724,0.00004948,1016.55679062,0
1505603586,21610638,0.00004954,1576.84497375,0
1505603565,21610613,0.00004954,239.28562777,0
1505603371,21610554,0.00004952,536.65324226,0
1505603016,21610514,0.00004954,108.37383932,0
1505603014,21610513,0.00004948,390.22519000,0
1505602925,21610485,0.00004926,535.35052200,1
1505602925,21610484,0.00004929,1350.46410000,1
1505602902,21610475,0.00004926,1.10000000,0
1505602424,21610364,0.00004920,1338.28130000,1
1505602421,21610357,0.00004921,1360.75850000,1
1505601875,21610174,0.00004929,1567.60000000,1
1505601873,21610161,0.00004931,1229.93370670,1
1505601732,21610125,0.00004940,24231.10161943,0
1505601731,21610124,0.00004939,1371.33582127,0
1505601730,21610123,0.00004939,698.62673066,0
1505601497,21610077,0.00004927,692.91245868,1
1505601497,21610076,0.00004928,4052.44824132,1
1505601221,21609972,0.00004924,685.51741000,1
1505601117,21609885,0.00004924,51.70630800,1
1505601032,21609825,0.00004945,374.57434000,0
1505601031,21609824,0.00004944,332.42566000,0
1505600704,21609512,0.00004959,272.41722121,0
1505600703,21609511,0.00004950,163.48846366,0
1505600703,21609510,0.00004950,817.44231830,0
1505600703,21609509,0.00004942,5264.33004344,0
1505600703,21609508,0.00004942,2282.56127000,1
1505600701,21609507,0.00004938,1696.40000000,0
1505600518,21609328,0.00004927,1359.90000000,1
1505600472,21609286,0.00004943,147.29465769,0
1505600471,21609281,0.00004926,1088.15989959,1
1505600458,21609253,0.00004942,147.29465769,0
1505600455,21609248,0.00004927,1305.48472584,1
1505600444,21609226,0.00004922,106.84786043,1
1505600444,21609225,0.00004922,177.03642000,1
1505600434,21609179,0.00004943,16.96166695,1
1505600434,21609176,0.00004943,152.65500255,1
1505600432,21609169,0.00004943,1270.90000000,0
1505600431,21609165,0.00004922,52.56358000,1
1505600431,21609164,0.00004922,1286.86352000,1
1505600419,21609131,0.00004945,229.72848578,0
1505600418,21609125,0.00004922,52.56358000,1
1505600393,21609036,0.00004934,1126.58812587,1
1505600390,21609027,0.00004929,282.13150684,1
1505600388,21609020,0.00004951,5.67935650,0
1505600388,21609018,0.00004933,896.37707421,0
1505600382,21609005,0.00004934,268.44012421,1
1505600382,21609002,0.00004934,974.18795550,1
1505600381,21608998,0.00004934,115.04522029,0
1505600378,21608982,0.00004934,895.81600428,1
1505600376,21608974,0.00004934,336.10717317,1
1505600376,21608972,0.00004937,637.62049806,1
1505600365,21608938,0.00004929,746.65303071,1
1505600364,21608931,0.00004932,1265.99165582,1
1505600349,21608900,0.00004937,637.62047235,0
1505600344,21608880,0.00004937,243.37548285,0
1505600344,21608878,0.00004937,637.62049315,0
1505600332,21608795,0.00004937,725.17520194,1
1505600332,21608794,0.00004937,243.37548299,1
1505600325,21608759,0.00004938,967.56172940,1
1505600299,21608685,0.00004937,160.71607058,0
1505600296,21608682,0.00004937,805.42925300,0
1505600237,21608546,0.00004933,695.38824435,1
1505599925,21608359,0.00004948,633.58932902,0
1505599869,21608320,0.00004938,245.33475091,1
1505599579,21608214,0.00004948,1467.63237672,1
1505599497,21608173,0.00004921,477.57034663,0
1505599491,21608172,0.00004928,354.00000000,0
1505599481,21608160,0.00004923,1357.38030000,1
1505599183,21608001,0.00004930,172.77281947,0
1505599178,21608000,0.00004930,589.52352941,0
1505599107,21607990,0.00004931,4358.73169742,0
1505598966,21607939,0.00004935,629.05754812,0
1505598959,21607935,0.00004935,4500.00000000,0
1505598769,21607858,0.00004930,833.00000000,1
1505598614,21607782,0.00004953,330.00000000,0
1505598419,21607689,0.00004952,1534.30815831,1
1505598417,21607681,0.00004947,2299.10000000,0
1505598050,21607384,0.00004935,1100.00000000,0
1505597215,21606829,0.00004955,1476.19273461,0
1505597214,21606828,0.00004934,539.00788888,0
1505596956,21606772,0.00004929,544.67425384,1
1505596365,21606458,0.00004933,2102.52030000,1
1505596365,21606457,0.00004947,1527.90000000,1
1505596363,21606455,0.00004951,1369.57970000,1
1505596122,21606305,0.00004941,32.01000000,0
1505596121,21606304,0.00004941,1367.99000000,1
1505595832,21605931,0.00004943,324.70804000,0
1505594973,21605551,0.00004947,219.58459672,0
1505594971,21605548,0.00004929,369.05011158,0
1505594749,21605495,0.00004929,80.94988842,0
1505594705,21605477,0.00004929,500.00000000,1
1505594526,21605392,0.00004950,491.65878787,0
1505594473,21605380,0.00004935,4623.74380200,0
1505594229,21605227,0.00004930,1336.19430044,0
1505594121,21605203,0.00004935,199.44842958,0
1505594091,21605193,0.00004939,659.69447256,0
1505593108,21604759,0.00004929,800.00000000,0
1505592849,21604646,0.00004926,1095.68216800,0
1505592848,21604645,0.00004926,1336.19430000,1
1505592643,21604582,0.00004941,1.88968327,1
1505592643,21604581,0.00004942,2703.47031673,1
1505592550,21604529,0.00004952,1000.00000000,0
1505592541,21604526,0.00004952,1000.00000000,0
1505592482,21604516,0.00004961,204.65208627,1
1505592481,21604515,0.00004961,379.51346972,0
1505591375,21604108,0.00004921,653.22608600,1
1505591257,21604036,0.00004923,1282.25062100,1
1505591205,21604003,0.00004947,3150.16340000,0
1505591198,21603983,0.00004946,556.51010000,1
1505591184,21603966,0.00004946,2273.92570400,1
1505591030,21603777,0.00004966,11309.85944422,1
1505591030,21603776,0.00004964,9310.22095263,1
1505591028,21603775,0.00004943,3471.23841271,0
1505590794,21603598,0.00004942,3089.14164305,0
1505590585,21603337,0.00004922,289.00000000,1
1505590585,21603336,0.00004926,111.00000000,1
1505590474,21603187,0.00004926,1228.15440000,1
1505590214,21602916,0.00004922,1000.00000000,0
1505589366,21602247,0.00004921,2418.07457833,0
1505589345,21602235,0.00004923,90.28864513,0
1505589318,21602213,0.00004927,501.00993310,0
1505589303,21602200,0.00004882,71.86621358,1
1505589302,21602199,0.00004885,274.00000000,1
1505589302,21602198,0.00004899,1000.00000000,1
1505589300,21602197,0.00004920,1057.13378642,1
1505589092,21602092,0.00004933,202.21082506,0
1505588975,21602051,0.00004920,453.60000000,1
1505588944,21602035,0.00004920,2760.04965400,1
1505588907,21602014,0.00004920,2379.81497500,1
1505588780,21601859,0.00004920,9558.36384300,1
1505588776,21601854,0.00004920,5779.38254400,1
1505588731,21601814,0.00004920,12174.41804100,1
1505588651,21601706,0.00004920,563.89071428,1
1505588644,21601672,0.00004920,611.19252747,1
1505588638,21601650,0.00004920,610.52747252,1
1505588633,21601636,0.00004920,610.02752747,1
1505588628,21601630,0.00004920,609.52796703,1
1505588610,21601621,0.00004920,609.12605780,1
1505588605,21601618,0.00004920,609.11972527,1
1505588600,21601587,0.00004920,609.04637872,1
1505588594,21601583,0.00004920,4175.94258000,1
1505588548,21601569,0.00004929,200.35118685,0
1505588454,21601516,0.00004920,195.80400000,1
1505588407,21601491,0.00004920,352.00000000,1
1505588353,21601478,0.00004920,39525.70531900,1
1505588341,21601471,0.00004920,4656.25220600,1
1505588124,21601314,0.00004920,1430.07651500,1
1505587982,21601248,0.00004921,1204.43262776,1
1505587962,21601223,0.00004921,960.06208609,0
1505587956,21601205,0.00004921,959.29183222,1
1505587762,21601062,0.00004921,959.27025386,0
1505587759,21601059,0.00004920,6006.39654000,1
1505587753,21601052,0.00004921,959.24856512,1
1505587748,21601041,0.00004921,959.17407141,1
1505587738,21601034,0.00004921,4194.49674000,0
1505587737,21601033,0.00004921,2157.13118800,0
1505587737,21601032,0.00004921,1939.62751200,0
1505587736,21601029,0.00004921,959.09702522,1
1505587726,21601021,0.00004905,1698.22186000,1
1505587726,21601020,0.00004905,1337.28140000,1
1505587485,21600779,0.00004928,3200.71347402,0
1505587218,21600504,0.00004910,285.88673000,1
1505587210,21600484,0.00004910,388.47086800,1
1505586984,21600321,0.00004934,300.02006486,0
1505586834,21600092,0.00004911,1364.55650000,1
1505586801,21599943,0.00004938,2532.37849331,0
1505586784,21599900,0.00004915,88.70897286,1
1505586782,21599888,0.00004915,186.43447459,1
1505586250,21599159,0.00004947,7883.72245805,0
1505586248,21599158,0.00004934,2204.00000000,0
1505585825,21598728,0.00004935,379.51346972,0
1505585638,21598542,0.00004922,1498.52084353,1
1505585614,21598493,0.00004922,478.17200000,1
1505585551,21598398,0.00004922,746.00520514,0
1505585549,21598394,0.00004921,227.32574680,1
1505585531,21598372,0.00004918,38.33762773,0
1505585396,21598199,0.00004918,310.78954860,0
1505585215,21597888,0.00004950,0.00000016,1
1505585214,21597886,0.00004950,1727.99232900,1
1505585213,21597876,0.00004944,7291.64467084,0
1505585213,21597874,0.00004942,19514.56300000,0
1505585213,21597872,0.00004939,1465.80000000,0
1505585000,21597580,0.00004935,741.99999553,0
1505585000,21597579,0.00004935,1058.94154447,0
1505584802,21597406,0.00004935,641.70192502,0
1505584802,21597404,0.00004935,348.57172857,0
1505584792,21597347,0.00004935,861.39399551,1
1505584787,21597281,0.00004935,317.72530407,1
1505584787,21597279,0.00004935,1379.94140000,1
1505584709,21597088,0.00004934,1368.70933774,0
1505584687,21597063,0.00004930,286.72256000,1
1505584687,21597062,0.00004934,1368.70940000,1
1505584427,21596990,0.00004948,4031.95715441,0
1505584188,21596850,0.00004961,1431.02378552,1
1505584186,21596849,0.00004953,1140.63438384,0
1505584053,21596818,0.00004948,281.34337105,0
1505583957,21596760,0.00004948,659.41312232,1
1505583683,21596577,0.00004965,280.37885196,1
1505583587,21596456,0.00004964,301.36132931,0
1505583344,21596267,0.00004968,23194.80877616,1
1505583342,21596265,0.00004950,1711.70000000,0
1505583165,21596136,0.00004952,1678.26938610,0
1505583135,21596095,0.00004961,583.10179399,0
1505582656,21595677,0.00004930,168.24421906,0
1505582649,21595673,0.00004930,3128.31477100,0
1505582649,21595672,0.00004930,1358.53200000,0
1505582637,21595669,0.00004930,2446.87598600,0
1505582637,21595668,0.00004930,2643.11062400,0
1505582634,21595666,0.00004930,972.70787000,0
1505582620,21595649,0.00004929,1239.00000000,0
1505582616,21595643,0.00004929,558.89426786,0
1505582612,21595640,0.00004930,13713.12434200,0
1505582612,21595639,0.00004930,15971.10287500,0
1505582611,21595636,0.00004930,603.51966555,0
1505582611,21595635,0.00004930,1496.51683200,0
1505582611,21595633,0.00004930,1187.79794400,0
1505582610,21595632,0.00004930,863.11500000,0
1505582610,21595631,0.00004930,801.82294700,0
1505582610,21595630,0.00004930,2446.87598500,0
1505582610,21595629,0.00004930,1529.36266400,0
1505582609,21595628,0.00004930,1104.59900000,0
1505582609,21595627,0.00004930,2779.81486300,0
1505582609,21595626,0.00004930,1738.04503400,0
1505582609,21595625,0.00004930,3352.57142600,0
1505582609,21595624,0.00004930,5065.99867700,0
1505582608,21595623,0.00004930,1815.70100000,0
1505582608,21595622,0.00004930,913.48231600,0
1505582608,21595621,0.00004930,2499.63299700,0
1505582608,21595620,0.00004930,29814.13938800,0
1505582607,21595619,0.00004930,1822.82148445,0
1505582607,21595618,0.00004930,1448.63167194,0
1505582606,21595615,0.00004952,28651.38800000,1
1505582606,21595614,0.00004953,15943.45620944,1
1505582606,21595613,0.00004959,1595.10000000,1
1505582606,21595612,0.00004960,1392.11450000,1
1505582427,21595492,0.00004978,1408.34471675,0
1505582045,21595214,0.00004972,0.00000036,1
1505582045,21595213,0.00004972,8522.24825500,1
1505582043,21595211,0.00004972,1727.16753781,1
1505582043,21595208,0.00004972,15107.58930176,1
1505582042,21595207,0.00004960,14213.36900000,0
1505581764,21595036,0.00004967,381.04489631,1
1505581753,21595026,0.00004941,1376.94227102,1
1505581676,21594952,0.00004948,699.65684600,1
1505581597,21594866,0.00004947,1362.42530000,1
1505581117,21594492,0.00004951,40.28695477,0
1505580887,21594302,0.00004925,1381.02300000,1
1505580885,21594301,0.00004926,3149.71967800,1
1505580866,21594288,0.00004971,441.46308590,0
1505580692,21594176,0.00004948,371.52882644,0
1505580254,21593884,0.00004960,2822.23174411,1
1505580252,21593883,0.00004942,2305.50000000,0
1505580072,21593796,0.00004929,1414.60696900,1
1505580065,21593784,0.00004966,804.96335079,0
1505579655,21593371,0.00004903,1381.92835227,1
1505579554,21593276,0.00004912,1372.23373998,0
1505579395,21593075,0.00004912,1189.09605400,0
1505579395,21593074,0.00004912,2782.14348700,0
1505578933,21592798,0.00004923,1934.25455000,0
1505578814,21592647,0.00004923,159.29453585,1
1505578804,21592634,0.00004923,149.55194384,1
1505578640,21592515,0.00004938,201.98420732,0
1505578384,21592357,0.00004936,695.27957860,0
1505578295,21592285,0.00004938,202.00607533,0
1505578103,21592120,0.00004929,672.52769324,0
1505578101,21592119,0.00004927,96.96398851,0
1505577792,21591904,0.00004916,301.20000000,1
1505577752,21591831,0.00004916,579.00000000,1
1505577620,21591598,0.00004900,17632.35189062,1
1505577620,21591597,0.00004901,100.00000000,1
1505577620,21591596,0.00004916,1543.61102600,0
1505577618,21591592,0.00004916,7110.93962338,1
1505577567,21591478,0.00004927,977.83600000,0
1505577554,21591404,0.00004927,1074.79998851,1
1505577509,21591260,0.00004948,201.99950600,0
1505577303,21591064,0.00004963,261.01561000,1
1505577286,21591044,0.00004950,1230.73244300,1
1505577161,21590880,0.00004966,1362.46906162,1
1505577149,21590831,0.00004966,14.84673838,0
1505577149,21590826,0.00004966,1362.46906162,0
1505577044,21590655,0.00004943,1382.14640000,0
1505576992,21590627,0.00004962,921.06078030,1
1505576925,21590582,0.00004967,921.06078030,0
1505576587,21590113,0.00004979,937.13155252,1
1505576587,21590109,0.00004955,1824.23160000,1
1505576449,21589902,0.00004937,2359.88254332,1
1505576449,21589901,0.00004938,4259.83546368,1
1505576167,21589711,0.00004957,1080.15393190,1
1505575770,21589382,0.00004952,2355.23949919,0
1505575770,21589381,0.00004945,1383.83680000,0
1505575768,21589380,0.00004939,2312.00000000,0
1505575339,21589063,0.00004932,1084.73965936,1
1505575338,21589062,0.00004932,1385.49560000,0
1505575084,21588898,0.00004933,483.24427326,0
1505574756,21588635,0.00004900,2771.51425700,1
1505574735,21588606,0.00004901,1120.20252600,1
1505574708,21588568,0.00004909,671.32000000,0
1505574707,21588567,0.00004917,2312.00000000,1
1505574703,21588560,0.00004915,2315.70000000,1
1505574694,21588539,0.00004917,328.42300000,1
1505574692,21588536,0.00004915,792.01200000,1
1505574674,21588511,0.00004929,400.70237371,0
1505574067,21587768,0.00004932,567.79257907,0
1505574006,21587694,0.00004940,3467.26396761,0
1505574005,21587690,0.00004935,1356.65750000,0
1505573812,21587345,0.00004917,122.00000000,0
1505573719,21587222,0.00004919,550.97829000,0
1505573719,21587221,0.00004916,1384.25130000,0
1505573690,21587202,0.00004929,40.94347961,1
1505573665,21587193,0.00004933,272.32333265,0
1505573635,21587162,0.00004929,886.61100000,1
1505573634,21587160,0.00004929,1500.93000000,1
1505573336,21586781,0.00004922,56.76949565,0
1505573307,21586751,0.00004937,1483.58476807,1
1505573306,21586749,0.00004934,2154.57120000,0
1505572805,21586543,0.00004903,2684.44778280,1
1505572440,21586382,0.00004905,484.47870786,1
1505572405,21586361,0.00004937,1273.07514685,0
1505572404,21586360,0.00004938,1464.01620089,1
1505572404,21586359,0.00004921,2315.00000000,0
1505572402,21586358,0.00004916,1378.86690000,0
1505572350,21586227,0.00004938,2321.16119886,1
1505572350,21586225,0.00004937,9341.88126998,1
1505572349,21586221,0.00004914,1346.97780000,0
1505572182,21586074,0.00004908,1381.66470000,0
1505572124,21586040,0.00004921,596.22536069,0
1505571909,21585875,0.00004899,200.00000000,0
1505571540,21585618,0.00004885,2315.00000000,1
1505571448,21585567,0.00004912,1021.94971498,0
1505571447,21585565,0.00004900,1685.10000000,0
1505571153,21585315,0.00004900,200.00000000,0
1505571057,21585260,0.00004915,1221.82749000,0
1505570494,21584827,0.00004936,34.48602106,0
1505570016,21584310,0.00004946,621.79235746,0
1505570015,21584305,0.00004924,1349.67870000,0
1505569854,21584081,0.00004915,519.58672750,1
1505569522,21583709,0.00004929,144.88753100,0
1505569464,21583600,0.00004924,1000.00000000,0
1505569397,21583508,0.00004948,340.30517380,1
1505569397,21583507,0.00004935,692.95000000,0
1505569395,21583506,0.00004930,1591.61530000,0
1505569321,21583418,0.00004919,1229.47803000,0
1505569153,21583023,0.00004920,820.72734100,0
1505569149,21583002,0.00004920,202.74512195,0
1505569137,21582916,0.00004905,692.95000000,1
1505569127,21582860,0.00004920,2104.89998666,1
1505568933,21582557,0.00004937,2102.33961300,0
1505568933,21582556,0.00004933,1380.24500000,0
1505568917,21582547,0.00004905,1668.91877760,0
1505568915,21582546,0.00004918,1904.70000000,1
1505568850,21582512,0.00004918,399.60000000,1
1505568678,21582309,0.00004940,2050.00000000,0
1505568678,21582308,0.00004935,1375.94270000,0
1505568669,21582297,0.00004921,2050.00000000,1
1505568543,21582192,0.00004941,173.52289835,1
1505568540,21582184,0.00004939,1373.74270000,0
1505568522,21582158,0.00004982,2387.25230830,1
1505568402,21581996,0.00004973,337.49316446,0
1505568356,21581948,0.00004941,1392.96630000,0
1505568270,21581858,0.00004945,2869.30433900,1
1505568021,21581521,0.00004966,1383.57914000,0
1505567789,21581085,0.00004974,112.06784500,1
1505567788,21581084,0.00004966,1382.24690000,0
1505567763,21580993,0.00004955,1390.68090000,0
1505567729,21580889,0.00004952,838.23574600,0
1505567673,21580747,0.00004957,19.05386322,0
1505567672,21580743,0.00004954,1329.40000000,1
1505567672,21580739,0.00004954,1470.48640000,0
1505567629,21580557,0.00004946,961.17627000,0
1505567629,21580555,0.00004943,1393.20740000,0
1505567622,21580504,0.00004942,260.00000000,0
1505567621,21580497,0.00004942,203.00000000,0
1505567565,21580200,0.00004928,1372.48360000,0
1505567470,21579992,0.00004943,100.00000000,0
1505567349,21579867,0.00004940,65.11538461,0
1505567327,21579848,0.00004939,807.77013354,0
1505567220,21579768,0.00004946,515.70804690,0
1505567142,21579707,0.00004933,2467.89215487,0
1505566998,21579567,0.00004909,100.00000000,1
1505566729,21579134,0.00004931,911.20009700,0
1505566277,21578682,0.00004940,274.80000000,1
1505565536,21578206,0.00004946,2575.64985961,0
1505565536,21578202,0.00004946,2290.60000000,1
1505565448,21578163,0.00004941,297.84439554,1
1505565448,21578162,0.00004953,588.95482146,1
1505565161,21577845,0.00004960,255.24557000,0
1505565041,21577669,0.00004970,327.05368452,1
1505565041,21577667,0.00004970,1366.13490000,1
1505564996,21577613,0.00004972,1254.70347371,0
1505564790,21577279,0.00004968,1414.50515800,1
1505564790,21577278,0.00004968,962.46189600,1
1505564690,21577179,0.00004979,0.00000040,1
1505564635,21577070,0.00004979,1686.32489000,1
1505564630,21577062,0.00004988,41.99599038,0
1505564594,21576969,0.00004988,1283.15708721,0
1505564541,21576761,0.00004991,1821.67193667,0
1505564534,21576740,0.00004985,799.48642978,0
1505564492,21576596,0.00004977,499.65501306,0
1505564320,21576288,0.00004962,1617.62078100,0
1505564314,21576285,0.00004967,322.62693779,1
1505564266,21576229,0.00004947,96.44220361,1
1505564223,21576143,0.00004956,74.00000000,1
1505564210,21576134,0.00004948,9790.27227900,0
1505563937,21575758,0.00004958,431.02057281,0
1505563800,21575610,0.00004983,6247.84708007,0
1505563800,21575609,0.00004977,1343.60000000,0
1505563799,21575608,0.00004971,1354.84790000,1
1505563799,21575606,0.00004971,1070.25604466,0
1505563672,21575470,0.00004960,1343.55740000,1
1505563386,21575127,0.00004972,613.92196299,0
1505563253,21574873,0.00004986,3543.51885278,1
1505563251,21574869,0.00004959,1338.30680000,0
1505563019,21574615,0.00004970,589.52454728,0
1505562832,21574401,0.00004953,2124.54439252,0
1505562707,21574239,0.00004959,804.60254083,0
1505562588,21574054,0.00004969,563.15314952,0
1505562586,21574052,0.00004963,1351.43710000,0
1505562586,21574051,0.00004963,2104.50000000,0
1505562281,21573655,0.00004962,180.51168883,0
1505562155,21573502,0.00004946,504.44613700,0
1505562075,21573429,0.00004953,5177.66738200,1
1505561946,21573098,0.00004980,1200.22409638,1
1505561944,21573093,0.00004954,1340.73680000,0
1505561893,21573028,0.00004943,1342.05490000,0
1505561746,21572820,0.00004941,477.91548000,0
1505561679,21572637,0.00004921,1237.68400000,0
1505561674,21572624,0.00004926,3464.66360724,1
1505561672,21572617,0.00004955,398.32593340,0
1505561670,21572612,0.00004924,9757.47628900,1
1505561670,21572607,0.00004925,2932.07152600,1
1505561602,21572462,0.00004963,70.42313117,0
1505561561,21572409,0.00004970,1585.77442600,1
1505561557,21572396,0.00004969,6859.37075300,0
1505561504,21572336,0.00004969,27.19703373,0
1505561504,21572335,0.00004964,1374.91140000,0
1505561476,21572296,0.00004973,1350.76540000,0
1505561450,21572217,0.00004974,1346.29710000,0
1505561416,21572151,0.00004946,1360.47800000,0
1505561399,21572090,0.00004948,68.91065000,1
1505561381,21572049,0.00004935,1537.30000000,1
1505561381,21572047,0.00004936,2000.00000000,1
1505561339,21571870,0.00004969,2000.00000000,1
1505561311,21571816,0.00004938,1349.74830044,0
1505561310,21571813,0.00004937,1349.74830000,0
1505561282,21571735,0.00004950,1000.00000000,1
1505561260,21571641,0.00004962,2528.27794900,1
1505561227,21571550,0.00004960,1336.06640000,1
1505561224,21571543,0.00004964,7554.12173600,0
1505561062,21571133,0.00004949,413.93300000,1
1505561058,21571128,0.00004950,229.81518300,1
1505560921,21570969,0.00004948,4025.25157700,0
1505560920,21570965,0.00004950,1330.53760000,1
1505560920,21570961,0.00004951,657.75706000,1
1505560896,21570925,0.00004952,5461.08587900,0
1505560878,21570896,0.00004957,1534.26269330,0
1505560846,21570820,0.00004942,419.83500000,0
1505560843,21570813,0.00004955,1333.14810000,0
1505560840,21570803,0.00004954,15806.29811345,1
1505560840,21570799,0.00004951,9791.44226816,0
1505560699,21570479,0.00004960,1329.96820000,0
1505560699,21570478,0.00004954,690.24000000,0
1505560667,21570431,0.00004934,1.08850000,1
1505560667,21570430,0.00004939,1550.35150000,1
1505560607,21570334,0.00004953,1341.63570000,0
1505560594,21570287,0.00004936,1336.39207305,1
1505560580,21570245,0.00004950,1322.31990000,0
1505560519,21570100,0.00004943,1340.11350000,0
1505560484,21570047,0.00004927,567.11248705,0
1505560477,21570032,0.00004928,2112.10000000,1
1505560414,21569893,0.00004948,1132.26640900,0
1505560413,21569891,0.00004948,706.07800000,0
1505560413,21569890,0.00004943,1337.02680000,0
1505560226,21569633,0.00004949,1367.90310000,0
1505560177,21569593,0.00004944,1358.12090000,0
1505560085,21569521,0.00004932,202.00000000,0
1505560082,21569519,0.00004932,202.00000000,0
1505560004,21569388,0.00004912,9768.84364821,1
1505560004,21569386,0.00004913,5998.16947663,1
1505560004,21569385,0.00004924,690.24000000,1
1505559967,21569252,0.00004940,5963.02424000,0
1505559967,21569251,0.00004938,1361.37980000,0
1505559894,21568997,0.00004931,1646.09546619,1
1505559894,21568995,0.00004932,10133.07306114,1
1505559883,21568964,0.00004931,353.90453381,1
1505559838,21568807,0.00004932,2008.25059210,1
1505559827,21568767,0.00004957,132.31934637,0
1505559826,21568763,0.00004955,1373.31580000,0
1505559815,21568726,0.00004932,2008.25059210,1
1505559788,21568605,0.00004960,964.92358870,0
1505559786,21568602,0.00004939,547.64272061,0
1505559751,21568495,0.00004939,1108.14000000,0
1505559721,21568313,0.00004972,2008.25060338,0
1505559720,21568299,0.00004937,1253.89340104,1
1505559719,21568296,0.00004972,16.29307309,1
1505559664,21568076,0.00004972,305.90257091,1
1505559312,21566871,0.00004974,1781.98621637,1
1505559297,21566841,0.00004985,1211.00000000,0
1505559257,21566657,0.00004993,57.86677335,0
1505559162,21566495,0.00004990,3017.36507460,1
1505559036,21566189,0.00005002,1374.95020000,0
1505559018,21566154,0.00005001,4217.20900000,1
1505559010,21566135,0.00005001,9311.33900636,1
1505559000,21566108,0.00004996,1375.65010000,0
1505558969,21566039,0.00004996,663.94374114,1
1505558933,21565920,0.00004999,1354.71930000,0
1505558891,21565796,0.00004994,1617.10000000,0
1505558891,21565795,0.00004989,1373.45630000,0
1505558864,21565725,0.00004988,1351.42580000,0
1505558831,21565563,0.00004984,1266.44162579,0
1505558820,21565536,0.00004980,1347.71160000,0
1505558607,21565019,0.00004979,489.21019900,0
1505558595,21565013,0.00004979,845.02680100,0
1505558593,21565008,0.00004979,201.00000000,0
1505558569,21564979,0.00004979,1346.68060000,0
1505558565,21564969,0.00004977,888.08535800,0
1505558486,21564792,0.00004948,145.52563836,0
1505558477,21564780,0.00004948,1122.83011256,0
1505558457,21564743,0.00004969,181.49607796,0
1505558188,21564343,0.00004967,1122.83011245,1
1505558188,21564341,0.00004967,850.74316655,1
1505558187,21564334,0.00004968,850.74316700,1
1505558123,21564035,0.00004984,1265.74215006,0
1505558072,21563858,0.00004998,2416.07045400,1
1505558063,21563822,0.00005011,1932.06144305,0
1505558048,21563722,0.00005003,1753.81219028,0
1505558034,21563624,0.00004994,1362.88400000,0
1505558030,21563594,0.00004996,920.03775800,0
1505557937,21563177,0.00004996,1291.07740988,0
1505557927,21563147,0.00004994,1232.70044523,0
1505557685,21562520,0.00004981,3893.56930000,1
1505557396,21561987,0.00004965,1555.42654700,1
1505557383,21561945,0.00004965,1027.95710000,1
1505557257,21561607,0.00004968,1264.42316666,0
1505557089,21561107,0.00004982,201.45678000,0
1505556872,21560344,0.00004981,1341.14080000,0
1505556733,21559927,0.00004968,1870.98461200,1
1505556728,21559904,0.00004968,18928.06420100,1
1505556728,21559902,0.00004968,2248.10000000,1
1505556712,21559819,0.00004968,1877.10307634,1
1505556585,21559334,0.00004993,1346.42910000,0
1505556528,21559165,0.00004988,797.90355400,0
1505556527,21559164,0.00004988,551.06154600,0
1505556526,21559159,0.00004983,1346.48220000,0
1505556376,21558688,0.00004959,924.87134800,0
1505556375,21558685,0.00004959,338.61137400,0
1505556367,21558651,0.00004938,1929.72456338,1
1505556344,21558549,0.00004957,1718.43801500,0
1505556263,21558142,0.00004996,1741.19160000,0
1505556160,21557429,0.00004982,172.54259359,0
1505556160,21557426,0.00004982,1261.30754205,0
1505556160,21557425,0.00004982,1078.01956695,0
1505556149,21557395,0.00004967,2253.40000000,0
1505556000,21556920,0.00004959,1331.21850000,0
1505555980,21556881,0.00004953,316.91400000,1
1505555962,21556833,0.00004954,3482.61604400,1
1505555936,21556782,0.00004969,1177.86738100,0
1505555927,21556758,0.00004954,1972.89997700,1
1505555862,21556613,0.00004954,1799.08089700,0
1505555788,21556395,0.00004979,196.00000000,0
1505555776,21556371,0.00004978,329.40000000,0
1505555758,21556329,0.00004978,1190.78514000,0
1505555635,21556107,0.00004974,3454.73895600,0
1505555633,21556104,0.00004970,1310.18460000,0
1505555633,21556103,0.00004970,1262.01714502,0
1505555633,21556102,0.00004947,170.00000000,0
1505555581,21555955,0.00004970,2253.40000000,1
1505555547,21555900,0.00004982,182.71375646,0
1505555508,21555801,0.00004995,0.00004609,1
1505555410,21555302,0.00004999,29.11621777,0
1505555405,21555264,0.00004999,418.71333248,0
1505555404,21555257,0.00004999,1090.08544975,0
1505555393,21555145,0.00004999,80.10000000,0
1505555388,21555093,0.00004995,999.09851160,1
1505555341,21554718,0.00004994,1314.33750000,0
1505555330,21554658,0.00004987,1258.33550200,0
1505555329,21554649,0.00004988,1206.80306585,0
1505555259,21554014,0.00004995,3708.58258258,0
1505555253,21553959,0.00004979,1286.82140000,0
1505555229,21553788,0.00004960,1000.00000000,0
1505555083,21553097,0.00004944,1303.23020000,0
1505555080,21553087,0.00004926,240.29741857,1
1505555080,21553086,0.00004938,842.12290381,1
1505555080,21553084,0.00004938,484.24580762,1
1505555061,21553007,0.00004938,357.87709619,1
1505555061,21553005,0.00004938,842.12290381,1
1505555060,21553001,0.00004939,2663.68788500,1
1505555055,21552986,0.00004999,7348.12242448,0
1505555055,21552985,0.00005093,2289.01511030,1
1505555055,21552984,0.00005093,3948.02200000,1
1505555055,21552983,0.00005093,7000.00000000,1
1505555055,21552982,0.00005093,6325.40800000,1
1505555055,21552981,0.00005093,2131.65300000,1
1505555054,21552979,0.00005093,1232.65940000,1
1505555054,21552974,0.00005086,799.00000000,0
1505555053,21552973,0.00005084,344.00000000,0
1505555053,21552971,0.00005084,1350.90000000,1
1505555053,21552969,0.00005084,1377.11667100,1
1505555053,21552968,0.00005084,2055.11958400,1
1505555052,21552967,0.00005065,842.12290381,0
1505555052,21552963,0.00005016,842.12290381,0
1505555052,21552962,0.00005016,169.98059612,1
1505555052,21552958,0.00005001,316.80000000,0
1505555051,21552956,0.00005000,149049.82829000,0
1505555051,21552955,0.00005000,2253.00000005,0
1505555051,21552953,0.00004999,9160.00531568,1
1505555050,21552951,0.00004983,9688.33495254,0
1505555050,21552950,0.00004970,188.85732806,0
1505555050,21552948,0.00004970,474.49681562,0
1505555050,21552946,0.00004967,842.12290381,0
1505555049,21552945,0.00004966,63126.67900000,0
1505555049,21552942,0.00004966,117.25662505,0
1505555049,21552940,0.00004950,268.00000000,0
1505555049,21552937,0.00004947,13296.22500000,0
1505555048,21552934,0.00004945,583.87358870,0
1505555048,21552931,0.00004941,2919.36794350,0
1505555046,21552924,0.00004936,2273.00000000,0
1505555035,21552885,0.00004932,1277.84370000,0
1505554868,21552535,0.00004913,4734.95220888,1
1505554868,21552532,0.00004914,15627.77305109,1
1505554868,21552530,0.00004917,1279.03630000,1
1505554807,21552437,0.00004939,844.12553148,0
1505554807,21552436,0.00004931,170.83724613,0
1505554807,21552435,0.00004931,521.94275387,0
1505554805,21552429,0.00004926,1295.42150000,0
1505554764,21552285,0.00004914,4095.74402864,0
1505554695,21552146,0.00004902,1719.96731500,0
1505554193,21551383,0.00004889,4253.56185167,0
1505554191,21551381,0.00004900,500.00000000,1
1505554191,21551380,0.00004900,246.43814833,1
1505554110,21551298,0.00004900,253.56185167,1
1505554110,21551296,0.00004901,170.83724613,1
1505553666,21550867,0.00004915,1299.27120863,1
1505553659,21550852,0.00004921,1295.93539987,0
1505553659,21550851,0.00004921,497.95724613,0
1505552979,21550231,0.00004901,521.94275387,1
1505552977,21550230,0.00004905,1580.10000000,1
1505552977,21550229,0.00004905,497.95724613,1
1505552825,21550117,0.00004919,1280.55922000,0
1505552189,21549455,0.00004923,971.50980000,0
1505552187,21549454,0.00004921,1281.49020000,0
1505551724,21548980,0.00004935,1777.83201621,0
1505551722,21548979,0.00004917,244.34829855,0
1505551516,21548747,0.00004929,196.26252789,0
1505551391,21548611,0.00004929,3877.22058073,0
1505551390,21548601,0.00004929,2768.28332000,0
1505551389,21548599,0.00004920,1168.64812515,1
1505551306,21548498,0.00004922,346.00000000,0
1505551169,21548367,0.00004931,5262.18078638,0
1505551106,21548328,0.00004923,1301.51137352,0
1505549980,21546855,0.00004945,605.05561172,0
1505549582,21546493,0.00004931,660.00000000,1
1505549520,21546419,0.00004926,5863.05929323,0
1505549520,21546418,0.00004927,210.91012477,1
1505549513,21546413,0.00004925,4670.84311200,1
1505549510,21546409,0.00004932,420.52683865,1
1505549476,21546375,0.00004926,561.26120004,0
1505549475,21546373,0.00004926,1027.55354416,0
1505549384,21546277,0.00004927,190.00000000,1
1505549287,21546195,0.00004929,450.00000000,0
1505548776,21545738,0.00004943,2423.66619461,0
1505548592,21545571,0.00004940,276.57773000,0
1505548361,21545256,0.00004945,950.11454916,1
1505548232,21545108,0.00004956,606.43593572,1
1505548228,21545101,0.00004965,1288.84560000,1
1505548209,21545033,0.00004964,1187.44000000,1
1505548209,21545028,0.00004963,1924.15000000,1
1505548207,21545018,0.00004963,1574.49437239,1
1505548207,21545017,0.00004963,349.65562761,1
1505548206,21545010,0.00004970,1924.15000000,1
1505548206,21545008,0.00004963,626.63590000,1
1505548206,21545005,0.00004967,1297.51410000,1
1505548130,21544864,0.00004990,893.74980400,0
1505548126,21544855,0.00004956,1801.99462641,1
1505548098,21544770,0.00005000,20270.41522156,1
1505548097,21544769,0.00005000,16457.88352100,1
1505548097,21544768,0.00005000,5000.00000000,1
1505548097,21544767,0.00005000,6629.58966300,1
1505548097,21544766,0.00005000,3193.49196400,1
1505548097,21544765,0.00005000,10326.71656000,1
1505548097,21544764,0.00005000,1362.21583000,1
1505548097,21544763,0.00005000,2085.78286900,1
1505548097,21544762,0.00005000,9173.73305500,1
1505548096,21544761,0.00005000,817.16612800,1
1505548096,21544760,0.00005000,2190.48087400,1
1505548096,21544759,0.00005000,4997.50000000,1
1505548095,21544755,0.00005000,5929.61613800,1
1505548095,21544754,0.00005000,2763.94658400,1
1505548094,21544751,0.00005002,2292.85111000,1
1505548094,21544749,0.00005002,1720.50268500,1
1505548092,21544743,0.00005000,1882.36592447,1
1505548091,21544742,0.00005000,147.76239687,1
1505548091,21544740,0.00004998,272.44316528,0
1505548091,21544738,0.00004998,1362.21582638,0
1505548091,21544737,0.00004994,62544.29000000,0
1505548091,21544736,0.00004992,18441.01600000,0
1505548091,21544735,0.00004991,9791.44227944,0
1505548091,21544734,0.00004964,13760.32600000,0
1505547924,21544634,0.00004957,402.46116602,0
1505547903,21544613,0.00004953,474.32920212,1
1505547898,21544601,0.00004953,474.16180851,1
1505547892,21544587,0.00004953,473.99069148,1
1505547887,21544584,0.00004953,473.82335106,1
1505547882,21544580,0.00004953,473.65601063,1
1505547876,21544577,0.00004953,473.58446808,1
1505547871,21544571,0.00004953,473.50531914,1
1505547806,21544535,0.00004950,932.70018700,0
1505547702,21544427,0.00004930,648.00000000,0
1505547564,21544289,0.00004944,1436.90028317,0
1505547250,21544023,0.00004941,1297.74230000,0
1505547240,21544008,0.00004931,471.00000000,0
1505547086,21543855,0.00004937,185.07760000,1
1505547081,21543845,0.00004935,228.44897000,1
1505547076,21543842,0.00004934,1000.00000000,1
1505546842,21543455,0.00004956,5130.83220265,0
1505546842,21543454,0.00004953,1531.68306148,0
1505546842,21543453,0.00004953,1215.43760587,0
1505546842,21543452,0.00004952,0.00003138,0
1505546841,21543451,0.00004952,686.49996862,0
1505546558,21543177,0.00004949,3994.53829056,0
1505546558,21543176,0.00004946,3553.16227429,1
1505546556,21543172,0.00004942,2274.00000000,0
1505546465,21543054,0.00004918,5268.50367402,0
1505546464,21543052,0.00004927,1286.33810000,1
1505546464,21543051,0.00004928,1325.90000000,1
1505546462,21543046,0.00004929,1777.11329448,1
1505546156,21542715,0.00004932,1266.37086133,0
1505546032,21542500,0.00004931,5240.32352100,0
1505545907,21542377,0.00004936,670.84683954,0
1505545857,21542334,0.00004927,5148.00791100,1
1505545519,21542098,0.00004948,705.59236054,0
1505545465,21542048,0.00004947,1000.61127956,0
1505545390,21542020,0.00004944,12113.18669500,0
1505545317,21541975,0.00004945,1743.24647669,0
1505544858,21541506,0.00004936,0.88718016,1
1505544857,21541505,0.00004941,1272.80278846,1
1505544857,21541504,0.00004947,0.00003138,1
1505544597,21541217,0.00004947,686.49996862,1
1505544323,21540985,0.00004973,51.62724000,0
1505544295,21540952,0.00004964,1309.81910000,1
1505544181,21540832,0.00004956,1327.10089983,0
1505544181,21540831,0.00004956,3877.47668217,1
1505544038,21540716,0.00004964,217.31787400,0
1505544031,21540705,0.00004964,407.13268200,0
1505544018,21540696,0.00004961,1107.05675947,1
1505544014,21540684,0.00004960,325.61085987,1
1505544009,21540671,0.00004963,1894.85158000,1
1505543943,21540632,0.00004975,161.11367141,0
1505543940,21540629,0.00004975,161.11367141,0
1505543672,21540344,0.00004963,597.47550000,1
1505543672,21540343,0.00004971,2270.90000000,1
1505543672,21540342,0.00004971,1319.98640000,1
1505543435,21540070,0.00004993,6552.77388343,0
1505543429,21540069,0.00004992,994.00000000,0
1505543375,21540042,0.00004990,7974.84282300,1
1505543085,21539643,0.00005004,1786.65125944,0
1505542998,21539151,0.00004985,1811.48688400,1
1505542987,21539096,0.00004995,4692.10991900,1
1505542974,21539064,0.00004978,151.48599639,0
1505542973,21539062,0.00004990,1300.65420000,1
1505542973,21539061,0.00004991,650.60434650,1
1505542973,21539059,0.00004998,3251.99250951,1
1505542973,21539057,0.00004999,3363.76279460,1
1505542969,21539047,0.00004998,2262.80000000,1
1505542952,21538994,0.00004993,3011.38429372,1
1505542952,21538992,0.00004997,3133.28755128,1
1505542934,21538954,0.00004992,530.15648400,1
1505542907,21538922,0.00004992,187.22209600,1
1505542883,21538910,0.00004993,190.00000000,1
1505542806,21538838,0.00004998,0.00000002,1
1505542806,21538835,0.00004998,2159.51642800,1
1505542801,21538827,0.00004998,1750.20686095,1
1505542792,21538817,0.00004998,720.47580000,1
1505542785,21538809,0.00004998,2797.00000000,1
1505542765,21538787,0.00005017,1639.13710657,0
1505542749,21538768,0.00005002,100.00000000,0
1505542681,21538692,0.00004999,1797.34516737,0
1505542681,21538691,0.00004997,1454.45184689,0
1505542681,21538690,0.00004994,9791.44227944,0
1505542529,21538489,0.00004975,880.00000000,0
1505542507,21538442,0.00004964,66.59960344,0
1505542488,21538410,0.00004958,403.51648341,0
1505542487,21538407,0.00004958,1019.85607984,0
1505542480,21538394,0.00004955,4582.30363016,1
1505542480,21538393,0.00004958,1019.85607984,1
1505542477,21538385,0.00004958,419.14392016,1
1505542477,21538383,0.00004958,1300.60190000,1
1505542361,21538134,0.00004909,6914.45250000,0
1505542361,21538130,0.00004952,9221.91000000,1
1505542359,21538114,0.00004954,1311.63750000,1
1505542305,21537924,0.00004957,336.70402510,0
1505542268,21537796,0.00004957,1826.71272577,0
1505541807,21536940,0.00004934,190.00000000,1
1505541673,21536858,0.00004914,125.90747744,0
1505541673,21536857,0.00004918,104.40252000,1
1505541673,21536856,0.00004922,248.36845883,1
1505541672,21536855,0.00004925,534.00000000,1
1505541672,21536853,0.00004926,1241.65084873,1
1505541672,21536852,0.00004930,588.12250000,1
1505541670,21536851,0.00004931,3357.54819500,1
1505541654,21536834,0.00004930,156.40420000,1
1505541654,21536833,0.00004932,554.13080000,1
1505541652,21536830,0.00004930,744.52670000,0
1505541651,21536829,0.00004937,187.19330000,1
1505541650,21536825,0.00004937,1131.52000000,1
1505541643,21536812,0.00004956,209.12953995,0
1505541507,21536639,0.00004958,2058.54500000,1
1505541506,21536638,0.00004958,191.00000000,1
1505541504,21536633,0.00004958,650.45500000,1
1505541336,21536448,0.00004947,3357.54819500,0
1505541167,21536164,0.00004952,790.13485000,0
1505541067,21535974,0.00004939,205.99370000,0
1505541066,21535972,0.00004939,1294.00630000,1
1505540909,21535756,0.00004933,1135.55235096,1
1505540909,21535753,0.00004951,744.91049312,0
1505540909,21535751,0.00004950,872.22834904,0
1505540896,21535741,0.00004933,172.22834904,1
1505540896,21535738,0.00004951,700.00000000,0
1505540887,21535732,0.00004930,172.22834904,1
1505540887,21535729,0.00004951,700.00000000,0
1505540874,21535709,0.00004929,1163.13219000,1
1505540513,21535295,0.00004955,5313.67165680,0
1505540512,21535293,0.00004953,0.00000020,0
1505540510,21535288,0.00004953,1162.03004600,0
1505540481,21535214,0.00004953,83.01825000,0
1505540407,21535089,0.00004944,307.00000000,1
1505540238,21534890,0.00004945,423.78808600,0
1505540238,21534889,0.00004945,862.62244582,0
1505540238,21534888,0.00004945,0.00000018,0
1505540168,21534767,0.00004945,437.04485470,0
1505540168,21534765,0.00004945,423.78808641,0
1505540168,21534763,0.00004945,436.50232189,0
1505540158,21534721,0.00004945,1287.26199148,1
1505540123,21534669,0.00004954,6383.54086088,1
1505540123,21534667,0.00004951,4220.58740412,0
1505539965,21534435,0.00004939,171.00000000,1
1505539833,21534316,0.00004927,2286.82179834,1
1505539833,21534314,0.00004929,2083.50000000,1
1505539833,21534313,0.00004930,1562.68307966,1
1505539722,21534206,0.00004939,275.23563800,0
1505539708,21534177,0.00004929,1318.89010000,0
1505539603,21533907,0.00004939,150.50000000,0
1505539403,21533554,0.00004957,377.28865094,0
1505539388,21533531,0.00004936,251.56131000,1
1505539388,21533529,0.00004940,1309.46860000,1
1505539384,21533523,0.00004956,492.01964364,1
1505539381,21533517,0.00004956,944.57162900,1
1505539367,21533478,0.00004941,384.33623686,0
1505539367,21533477,0.00004941,1313.54670000,1
1505539363,21533473,0.00004958,60.48272000,0
1505539350,21533444,0.00004955,1020.36193827,0
1505539332,21533382,0.00004959,953.37302300,1
1505539324,21533369,0.00004963,1202.34294911,0
1505539284,21533335,0.00004963,46.53579000,0
1505539251,21533305,0.00004952,1335.17893550,1
1505539192,21533267,0.00004942,1315.85901350,0
1505539182,21533259,0.00004941,112.00317956,0
1505539153,21533199,0.00004930,956.76244000,1
1505539126,21533143,0.00004929,456.97713184,0
1505539111,21533092,0.00004924,104.40252000,1
1505539090,21533035,0.00004923,1914.78772400,0
1505539073,21532976,0.00004922,385.67661995,0
1505539072,21532970,0.00004919,104.40252000,1
1505539056,21532870,0.00004919,104.40252000,1
1505539023,21532692,0.00004920,158.82488347,1
1505539021,21532677,0.00004927,170.70683709,0
1505538996,21532574,0.00004920,540.05700000,1
1505538995,21532564,0.00004924,752.79100000,1
1505538993,21532547,0.00004920,369.22365378,1
1505538993,21532545,0.00004929,592.28236975,1
1505538992,21532539,0.00004929,700.18803025,1
1505538984,21532519,0.00004926,3245.18250000,0
1505538980,21532489,0.00004920,104.40252000,1
1505538966,21532413,0.00004919,75.08689000,1
1505538961,21532401,0.00004920,1134.59050000,0
1505538940,21532355,0.00004920,231.56911100,1
1505538938,21532351,0.00004924,1295.23440000,1
1505538914,21532297,0.00004924,395.00281895,1
1505538914,21532291,0.00004928,1304.37620000,1
1505538874,21532155,0.00004920,70.85692091,1
1505538838,21532038,0.00004919,2505.37054835,1
1505538691,21531476,0.00004932,569.56947088,0
1505538610,21531346,0.00004939,3567.75080524,0
1505538609,21531344,0.00004944,428.87574176,1
1505538573,21531292,0.00004944,1242.57974236,1
1505538573,21531291,0.00004949,854.89954450,1
1505538570,21531288,0.00004952,837.10222100,1
1505538561,21531283,0.00004951,854.38163300,1
1505538394,21531092,0.00004945,205.68828013,1
1505538388,21531086,0.00004943,674.00627154,1
1505538335,21530975,0.00004953,2055.48533025,1
1505538334,21530970,0.00004953,2573.94510900,0
1505538334,21530962,0.00004964,97.36537556,0
1505538333,21530961,0.00004954,97.36537556,0
1505538332,21530950,0.00004954,436.03518469,0
1505538332,21530947,0.00004954,435.56869519,0
1505538332,21530944,0.00004954,435.22949774,0
1505538314,21530881,0.00004950,163.13279000,1
1505538307,21530853,0.00004956,56.62100286,0
1505538306,21530851,0.00004947,85.32923899,1
1505538294,21530830,0.00004956,81.94753586,0
1505538293,21530828,0.00004948,81.94753586,1
1505538281,21530807,0.00004956,97.36340873,0
1505538280,21530804,0.00004949,97.36340873,1
1505538254,21530727,0.00004956,65.27127732,0
1505538148,21530625,0.00004963,856.26240300,1
1505538093,21530595,0.00004961,163.96506000,0
1505538059,21530548,0.00004977,100.00000000,1
1505538005,21530484,0.00004960,32.69004779,0
1505537986,21530471,0.00004987,45.35750643,0
1505537976,21530459,0.00004957,0.84492126,1
1505537950,21530448,0.00004957,53.89010688,1
1505537946,21530444,0.00004978,53.89010740,0
1505537936,21530440,0.00004957,64.02784944,1
1505537923,21530424,0.00004957,24.36032401,1
1505537923,21530423,0.00004957,0.00000447,1
1505537914,21530414,0.00004957,110.37392553,0
1505537907,21530406,0.00004970,57.13381651,0
1505537897,21530402,0.00004957,131.13733840,1
1505537880,21530386,0.00004970,157.34658295,0
1505537682,21530287,0.00004959,1315.44230000,1
1505537558,21530250,0.00004970,220.55355775,0
1505537554,21530247,0.00004961,207.86709000,1
1505537525,21530201,0.00004964,435.82727259,0
1505537525,21530199,0.00004964,435.69352941,0
1505537454,21530167,0.00004964,259.85517937,1
1505537454,21530166,0.00004965,6171.00000000,1
1505537454,21530165,0.00004970,8072.06866563,1
1505537439,21530162,0.00004976,1878.21543408,0
1505537432,21530159,0.00004970,2869.27746400,1
1505537425,21530158,0.00004970,2870.00000000,1
1505537421,21530157,0.00004970,6740.00000000,1
1505537409,21530152,0.00004970,2870.00000000,1
1505537406,21530151,0.00004970,2870.00000000,1
1505537403,21530149,0.00004970,2506.04664100,1
1505537396,21530145,0.00004970,1187.49100000,1
1505537391,21530143,0.00004970,5141.87937726,1
1505537391,21530142,0.00004971,558.12062274,1
1505537378,21530137,0.00004970,2870.00000000,1
1505537374,21530136,0.00004970,2003.23685211,1
1505537373,21530135,0.00004971,616.76314789,1
1505537368,21530134,0.00004971,2847.80000000,1
1505537362,21530131,0.00004971,2188.57423054,1
1505537362,21530130,0.00004972,681.42576946,1
1505537354,21530120,0.00004972,2870.00000000,1
1505537353,21530118,0.00004971,1606.02164930,1
1505537353,21530117,0.00004972,753.01477670,1
1505537347,21530116,0.00004999,239.44788957,1
1505537339,21530111,0.00004972,1298.78459800,0
1505537308,21530063,0.00004971,2620.00000000,1
1505537201,21530002,0.00004970,2000.00000000,1
1505537195,21529983,0.00004971,2620.00000000,0
1505537135,21529948,0.00004966,893.19296576,1
1505537091,21529892,0.00005000,1206.63420000,1
1505537090,21529890,0.00004999,60506.62500000,0
1505537090,21529889,0.00004993,132.49652637,0
1505537090,21529888,0.00004992,7583.49635502,1
1505537090,21529887,0.00004982,404.05072247,1
1505537089,21529885,0.00004982,8870.71500000,1
1505537089,21529883,0.00004982,1157.55892049,0
1505536943,21529789,0.00004951,389.42113421,0
1505536817,21529680,0.00004970,473.62716297,1
1505536785,21529657,0.00004975,105.68806703,0
1505536780,21529656,0.00004974,1222.04061117,0
1505536748,21529630,0.00004959,50.01682000,1
1505536748,21529629,0.00004978,15.74805033,1
1505536747,21529626,0.00004978,141.73245293,1
1505536724,21529597,0.00004956,50.02473732,0
1505536719,21529590,0.00004977,175.25411893,0
1505536707,21529577,0.00004977,160.94109209,1
1505536696,21529569,0.00004950,109.10200268,1
1505536693,21529567,0.00004981,200.60019663,1
1505536669,21529549,0.00004950,310.43020407,1
1505536666,21529544,0.00004956,54.13135161,0
1505536653,21529530,0.00004956,287.75105696,0
1505536567,21529341,0.00004961,418.15041322,1
1505536547,21529330,0.00004970,120.67578439,0
1505536431,21529260,0.00004951,1317.98160000,1
1505536405,21529249,0.00004946,623.57703989,1
1505536353,21529207,0.00004949,1340.24386560,0
1505536247,21529103,0.00004946,1305.74340000,1
1505536247,21529102,0.00004949,1914.43786623,1
1505536233,21529092,0.00004949,2584.00000000,1
1505536224,21529090,0.00004949,1364.11293600,1
1505536217,21529089,0.00004949,2884.00000000,1
1505536215,21529086,0.00004949,192.00000000,1
1505536212,21529082,0.00004949,2884.00000000,1
1505536208,21529071,0.00004949,2126.01389000,1
1505536208,21529069,0.00004950,6625.84591000,1
1505536206,21529063,0.00004949,160.95238500,1
1505536200,21529053,0.00004964,1170.00000000,0
1505536166,21529031,0.00004953,1337.96350000,1
1505536157,21529022,0.00004954,797.29639700,1
1505536101,21528972,0.00004946,121.50000000,1
1505536073,21528966,0.00004949,6625.84591000,0
1505536073,21528965,0.00004943,12093.09174700,0
1505536006,21528942,0.00004941,1057.68063145,0
1505535748,21528769,0.00004939,459.00000000,0
1505535733,21528761,0.00004921,57.77911235,0
1505535707,21528736,0.00004938,1674.45988443,1
1505535706,21528733,0.00004921,118.00000000,1
1505535619,21528658,0.00004918,1640.70000000,1
1505535247,21528369,0.00004910,1792.00008248,0
1505535210,21528330,0.00004901,1059.26901900,1
1505535210,21528329,0.00004910,1328.48530000,1
1505535201,21528318,0.00004916,1785.25111600,0
1505534627,21528090,0.00004881,2104.31514769,1
1505534412,21528037,0.00004888,354.25879261,0
1505534221,21527887,0.00004881,3857.78561770,1
1505534221,21527886,0.00004881,20000.00000000,1
1505534162,21527867,0.00004883,4096.50932500,1
1505534150,21527864,0.00004883,653.49067500,1
1505533644,21527582,0.00004886,96.22015417,1
1505533644,21527581,0.00004888,500.00000000,1
1505533644,21527580,0.00004888,474.83254228,1
1505533643,21527579,0.00004889,1800.94012991,1
1505533643,21527578,0.00004892,591.32542927,1
1505533643,21527577,0.00004897,1335.39610000,1
1505533642,21527576,0.00004900,2831.62947805,1
1505533642,21527575,0.00004900,75.00000000,1
1505533642,21527574,0.00004900,249.96510204,1
1505533642,21527573,0.00004900,12010.71428571,1
1505533641,21527572,0.00004900,33.97677857,1
1505533639,21527571,0.00004900,2966.02322143,1
1505533639,21527570,0.00004900,42.97677857,1
1505533639,21527569,0.00004900,64.00000000,1
1505533637,21527568,0.00004901,500.00000000,1
1505533511,21527539,0.00004903,1884.78729757,1
1505533440,21527492,0.00004905,732.44637600,1
1505533303,21527439,0.00004917,1612.13565182,0
1505533301,21527436,0.00004916,3253.18571812,0
1505533301,21527435,0.00004916,3253.18571812,0
1505533225,21527416,0.00004903,261.73800000,1
1505533176,21527391,0.00004908,1327.30830000,1
1505532882,21527275,0.00004903,1217.68701291,1
1505532881,21527272,0.00004903,1835.78768952,1
1505532682,21527127,0.00004917,2637.12690665,0
1505532682,21527126,0.00004916,3214.05357549,0
1505532680,21527123,0.00004915,237.45759545,0
1505532578,21527059,0.00004905,1323.89050000,1
1505532578,21527058,0.00004905,384.14326000,1
1505532205,21526926,0.00004914,405.90030518,0
1505531670,21526671,0.00004922,1013.31389679,0
1505531525,21526593,0.00004920,321.00000000,0
1505531394,21526527,0.00004910,4325.30183990,1
1505531384,21526518,0.00004910,4239.68979100,1
1505530941,21526320,0.00004931,256.99351044,0
1505530862,21526258,0.00004910,1217.56513232,1
1505530857,21526250,0.00004910,1217.44323678,1
1505530541,21525895,0.00004930,4313.48417415,1
1505530541,21525894,0.00004931,13694.61471785,1
1505530541,21525893,0.00004932,1332.13350000,1
1505530441,21525801,0.00004939,1342.07880000,1
1505530360,21525767,0.00004957,333.39979838,0
1505530199,21525669,0.00004933,1573.97270100,0
1505530191,21525652,0.00004939,4089.83258937,0
1505530189,21525651,0.00004939,6762.96641264,0
1505530189,21525650,0.00004933,201.95547836,0
1505530187,21525649,0.00004933,1015.04452164,0
1505530187,21525648,0.00004932,724.99242236,0
1505530175,21525643,0.00004930,2736.52359700,0
1505530140,21525619,0.00004921,405.46168843,1
1505530139,21525618,0.00004921,1824.32432432,1
1505530139,21525617,0.00004922,668.21398725,1
1505530104,21525542,0.00004929,2995.50016300,0
1505530073,21525483,0.00004927,3609.27718700,0
1505530048,21525417,0.00004918,138.71141400,1
1505529614,21525019,0.00004905,40.85674000,1
1505529286,21524709,0.00004907,12371.44786198,1
1505529286,21524708,0.00004911,2799.31033511,1
1505529286,21524707,0.00004914,1316.93480000,1
1505529215,21524677,0.00004912,1332.50500000,1
1505529195,21524670,0.00004928,65.00000000,0
1505529129,21524652,0.00004913,6.29650035,1
1505529128,21524651,0.00004918,1577.11700765,1
1505529121,21524649,0.00004918,1332.10020000,1
1505529030,21524569,0.00004907,900.77491100,1
1505529030,21524568,0.00004910,235.27180000,1
1505529029,21524567,0.00004913,1326.68460000,1
1505529028,21524566,0.00004915,1277.70000000,1
1505529028,21524565,0.00004916,3967.06114344,1
1505528977,21524526,0.00004933,1700.00000000,1
1505528609,21524220,0.00004932,490.59103811,0
1505528608,21524215,0.00004932,469.58434539,0
1505528472,21523972,0.00004906,2370.32112528,1
1505528446,21523935,0.00004910,550.00000000,1
1505528422,21523895,0.00004915,361.89525679,0
1505528382,21523843,0.00004931,1023.89113705,0
1505528382,21523842,0.00004930,208.42458000,0
1505528369,21523817,0.00004931,1232.31571754,0
1505528355,21523806,0.00004935,208.42458000,0
1505528341,21523797,0.00004939,208.42457987,0
1505528308,21523775,0.00004939,433.79971200,0
1505528263,21523747,0.00004939,494.90317650,0
1505528243,21523731,0.00004939,246.48066410,0
1505528109,21523629,0.00004947,1270.69994457,1
1505528109,21523628,0.00004947,33.43651906,1
1505527977,21523565,0.00004947,300.92867154,1
1505527693,21523229,0.00004936,51.00054717,1
1505527680,21523219,0.00004936,328.57728000,1
1505527565,21523067,0.00004942,5590.76923552,0
1505527565,21523066,0.00004941,2521.05327869,0
1505527499,21523013,0.00004935,1963.65680400,1
1505527496,21523008,0.00004915,20.67910000,1
1505527495,21523007,0.00004916,1330.07410000,1
1505527417,21522955,0.00004909,2005.42914205,1
1505527417,21522954,0.00004910,2031.51226013,1
1505527417,21522953,0.00004918,1335.27650000,1
1505527415,21522951,0.00004923,0.00005782,1
1505527407,21522937,0.00004933,440.70351598,0
1505527314,21522884,0.00004923,405.24064409,1
1505527111,21522764,0.00004936,10100.30599433,0
1505526900,21522658,0.00004923,0.00000497,0
1505526739,21522581,0.00004907,15833.10646372,1
1505526739,21522580,0.00004918,1623.93960000,1
1505526739,21522579,0.00004920,3000.00000000,1
1505526699,21522408,0.00004923,1547.76189000,0
1505526699,21522407,0.00004923,376.65669000,0
1505526694,21522392,0.00004921,200.00000000,1
1505526684,21522381,0.00004923,1332.80140000,1
1505526642,21522349,0.00004945,736.00000000,0
1505526642,21522347,0.00004930,64.00000000,0
1505526637,21522344,0.00004928,124.47659906,1
1505526611,21522296,0.00004930,64.00000000,1
1505526584,21522285,0.00004931,255.00000000,1
1505526573,21522281,0.00004954,800.36334275,0
1505526557,21522274,0.00004933,1468.24010000,1
1505526557,21522273,0.00004938,3.19146785,1
1505526466,21522179,0.00004939,490.99379770,1
1505526387,21522046,0.00004941,704.22482133,1
1505526309,21521902,0.00004948,537.92358600,0
1505526303,21521881,0.00004951,501.73740000,0
1505526281,21521856,0.00004947,1113.15972000,1
1505526268,21521848,0.00004947,596.12364000,1
1505526254,21521836,0.00004942,1322.56600000,1
1505525993,21521714,0.00004964,1603.57977437,0
1505525987,21521713,0.00004965,401.81268882,0
1505525588,21521359,0.00004938,49.80853215,1
1505525588,21521358,0.00004946,143.19146785,1
1505525411,21521299,0.00004945,1004.60628800,1
1505524990,21521060,0.00004950,1394.90512582,0
1505524988,21521049,0.00004953,1337.58200000,1
1505524981,21521016,0.00004951,1314.56129114,0
1505524789,21520948,0.00004965,1665.63798200,1
1505524330,21520792,0.00004967,1321.95539906,1
1505524290,21520741,0.00004967,1217.14397201,1
1505524213,21520649,0.00004982,59.30000000,0
1505523827,21520484,0.00004972,557.60378406,0
1505523760,21520408,0.00004948,961.54370511,1
1505523760,21520407,0.00004949,1316.76770000,1
1505523706,21520357,0.00004959,1275.32526719,0
1505523705,21520356,0.00004957,1315.18350000,0
1505523654,21520329,0.00004957,1008.67460157,1
1505523643,21520313,0.00004957,1.74059254,0
1505523641,21520305,0.00004960,201.10887096,1
1505523633,21520284,0.00004957,362.90739795,1
1505523624,21520271,0.00004960,463.00000000,0
1505523558,21520182,0.00004974,670.51465756,0
1505523457,21520100,0.00004974,200.28890229,0
1505523409,21520064,0.00004974,849.23358300,0
1505523367,21520051,0.00004980,1717.96485943,0
1505523365,21520050,0.00004974,2251.80000000,0
1505523104,21519877,0.00004935,153.59900000,1
1505523104,21519874,0.00004950,1338.95390000,1
1505523078,21519846,0.00004955,101.42764883,0
1505522735,21519632,0.00004941,120.57594253,1
1505522650,21519560,0.00004941,374.93619326,1
1505522643,21519534,0.00004941,374.91229523,1
1505522637,21519515,0.00004941,406.78182165,1
1505522507,21519471,0.00004940,2452.16935577,0
1505522480,21519441,0.00004938,355.00000000,0
1505522405,21519344,0.00004937,355.00000000,1
1505522398,21519339,0.00004940,100.00000000,1
1505522367,21519316,0.00004943,100.00000000,0
1505522295,21519220,0.00004943,100.00000000,1
1505522278,21519200,0.00004948,100.00000000,0
1505522181,21519017,0.00004944,348.43857000,0
1505522142,21518954,0.00004939,2241.40000000,1
1505522142,21518952,0.00004940,2694.76624182,1
1505522142,21518951,0.00004940,3302.56877911,1
1505522120,21518918,0.00004946,920.64270000,0
1505522117,21518917,0.00004946,1328.15730000,0
1505522096,21518911,0.00004946,10.37780000,1
1505522095,21518908,0.00004947,1310.63960000,1
1505521967,21518800,0.00004961,2688.01808286,0
1505521922,21518770,0.00004969,1365.74507232,0
1505521909,21518765,0.00004973,765.30092502,0
1505521899,21518760,0.00004952,0.00000003,1
1505521899,21518758,0.00004965,803.57997800,1
1505521898,21518757,0.00004967,57.85050437,1
1505521898,21518756,0.00004972,285.56476960,1
1505521896,21518754,0.00004972,861.43048200,1
1505521890,21518749,0.00004967,1147.50000000,1
1505521869,21518732,0.00004970,667.82347038,0
1505521869,21518730,0.00004968,537.52703493,0
1505521864,21518729,0.00004968,2528.48964900,0
1505521852,21518717,0.00004954,1140.70357443,1
1505521852,21518716,0.00004955,177.06741657,1
1505521848,21518710,0.00004953,1192.73989900,1
1505521847,21518708,0.00004953,3307.26010100,1
1505521847,21518706,0.00004958,366.81474100,1
1505521846,21518703,0.00004958,191.28106296,1
1505521846,21518699,0.00004964,803.57997800,0
1505521846,21518696,0.00004958,766.69549604,1
1505521846,21518695,0.00004958,191.28106296,1
1505521815,21518660,0.00004958,9.90893300,1
1505521814,21518659,0.00004960,880.00000000,1
1505521814,21518658,0.00004970,189.79797800,1
1505521813,21518657,0.00004970,191.28106300,1
1505521785,21518642,0.00004970,2068.92095900,1
1505521785,21518641,0.00004978,3584.51177500,1
1505521767,21518620,0.00004978,2749.34959000,1
1505521765,21518618,0.00004978,191.00000000,1
1505521761,21518614,0.00004978,191.00000000,1
1505521752,21518607,0.00004978,484.13863500,1
1505521743,21518602,0.00004979,2174.14836487,1
1505521688,21518562,0.00004979,181.68008100,1
1505521621,21518531,0.00004987,101.61949242,1
1505521343,21518411,0.00004992,1319.06830000,0
1505521316,21518364,0.00004982,1193.30487000,0
1505521204,21518274,0.00004993,346.50347363,1
1505521202,21518270,0.00004993,477.24016747,1
1505521110,21518211,0.00004989,1626.01626016,1
1505521110,21518210,0.00004989,3456.10116000,1
1505521109,21518207,0.00004989,1747.78732087,1
1505521109,21518204,0.00004993,1328.43069024,0
1505521095,21518179,0.00004993,1328.43070000,1
1505521067,21518134,0.00004998,360.00000000,0
1505520941,21517995,0.00005007,1000.09606551,0
1505520805,21517833,0.00005004,601.61957048,0
1505520574,21517668,0.00005023,555.93491242,0
1505520484,21517645,0.00005012,493.82701516,0
1505520292,21517495,0.00005015,295.74675972,0
1505520290,21517494,0.00005007,1329.57140000,0
1505520182,21517426,0.00004998,1327.85260000,0
1505520182,21517425,0.00004995,273.28757393,0
1505520167,21517417,0.00004993,615.03172326,0
1505520166,21517416,0.00004993,390.23153074,0
1505520145,21517403,0.00004993,224.79362000,0
1505520103,21517351,0.00004989,1070.94046800,0
