date,tid,price,amount,type
1505606460,21611611,0.15430,1307.60960000,0
1505606459,21611610,0.15423,59.00000000,0
1505606179,21611449,0.15531,1152.45500000,0
1505606152,21611430,0.15527,1158.38300000,0
1505606119,21611419,0.15525,366.64780000,0
1505606119,21611417,0.15525,996.71660000,0
1505606004,21611394,0.15527,40.00000000,0
1505605559,21611307,0.15537,2433.78571000,0
1505605559,21611306,0.15536,1163.34779413,0
1505605557,21611305,0.15536,192.61830587,0
1505605444,21611288,0.15509,2257.05758900,0
1505605444,21611287,0.15509,1339.08590000,0
1505605221,21611260,0.15422,245.38804000,0
1505605220,21611259,0.15416,173.00000000,0
1505604995,21611133,0.15409,1186.02008110,0
1505604995,21611132,0.15406,173.00000000,0
1505604920,21611121,0.15408,3686.70094692,1
1505604920,21611120,0.15419,501.88563348,1
1505604920,21611119,0.15421,4772.18780000,1
1505604920,21611118,0.15499,535.00000000,1
1505604592,21610994,0.15526,5405.46634000,1
1505604586,21610989,0.15538,1327.87635000,1
1505604419,21610913,0.15540,790.23930000,0
1505604280,21610836,0.15540,547.17800000,0
1505603381,21610569,0.15539,1355.51220000,0
1505603381,21610568,0.15539,536.65324000,0
1505603375,21610560,0.15538,789.81696952,0
1505603374,21610557,0.15538,536.65313048,0
1505603283,21610543,0.15535,0.00000461,1
1505603283,21610542,0.15535,157.99994539,1
1505603276,21610540,0.15532,158.00000000,1
1505603071,21610516,0.15638,1125.00000000,1
1505603001,21610509,0.15528,382.81403100,1
1505602809,21610468,0.15532,892.31528700,0
1505602809,21610467,0.15516,173.00000000,0
1505602719,21610456,0.15503,42.63930000,1
1505602718,21610454,0.15503,68.66420000,1
1505602674,21610442,0.15632,319.05904555,0
1505602636,21610423,0.15631,319.07945749,0
1505602468,21610386,0.15621,1211.72338518,0
1505602466,21610384,0.15620,1342.63240000,0
1505602419,21610352,0.15505,390.22519000,1
1505602236,21610270,0.15507,20378.83187000,0
1505602235,21610269,0.15507,5033.16813000,1
1505601998,21610212,0.15625,226.44185600,0
1505601874,21610171,0.15530,449.45699330,0
1505601873,21610164,0.15530,898.93370670,0
1505601873,21610163,0.15530,331.00000000,0
1505601806,21610148,0.15536,1354.66620000,0
1505601753,21610139,0.15546,1345.15730000,0
1505601700,21610111,0.15539,1362.62480000,0
1505601646,21610099,0.15528,1361.48980000,0
1505601464,21610069,0.15638,208.01042333,0
1505601223,21609974,0.15538,416.44260000,1
1505601221,21609973,0.15537,1860.84950746,1
1505601221,21609971,0.15604,174.27724354,1
1505601176,21609944,0.15605,113.91140660,0
1505601176,21609941,0.15605,47.70000000,0
1505601172,21609939,0.15604,1000.00000000,1
1505601155,21609925,0.15604,161.48251000,1
1505601153,21609916,0.15604,9.47707434,0
1505601153,21609914,0.15604,1342.53992566,1
1505601151,21609907,0.15604,783.01350630,0
1505601119,21609887,0.15514,161.56578000,1
1505601105,21609878,0.15509,242.38094000,1
1505601062,21609838,0.15554,528.69129388,1
1505601062,21609837,0.15555,471.30870612,1
1505600814,21609636,0.15598,51.84844000,0
1505600806,21609628,0.15598,499.54888971,0
1505600806,21609625,0.15598,132.42566000,0
1505600805,21609621,0.15598,419.28134615,0
1505600804,21609616,0.15598,50.67040244,0
1505600766,21609582,0.15604,132.71263778,0
1505600763,21609576,0.15542,132.42566000,0
1505600753,21609555,0.15544,200.00000000,1
1505600699,21609506,0.15535,1000.00000000,1
1505600459,21609254,0.15516,147.29466000,1
1505600453,21609244,0.15649,14966.78475123,1
1505600453,21609242,0.15649,1353.05770000,1
1505600453,21609241,0.15648,1661.96485000,0
1505600453,21609240,0.15605,332.39297000,0
1505600451,21609237,0.15514,816.44754486,0
1505600440,21609213,0.15514,364.47323585,0
1505600437,21609199,0.15514,132.37861569,0
1505600437,21609198,0.15513,416.15806092,0
1505600436,21609191,0.15513,547.32513458,0
1505600435,21609184,0.15513,164.25632464,0
1505600434,21609181,0.15513,220.83607986,0
1505600432,21609170,0.15514,127.21727360,0
1505600419,21609132,0.15513,229.72848578,1
1505600406,21609082,0.15511,301.09497776,1
1505600406,21609080,0.15535,0.34144224,1
1505600405,21609076,0.15535,331.00000000,0
1505600388,21609019,0.15509,902.05643000,1
1505600375,21608970,0.15506,637.62050000,1
1505600364,21608937,0.15623,500.00000000,0
1505600362,21608917,0.15503,742.88434000,1
1505600349,21608899,0.15501,829.35660000,1
1505600261,21608636,0.15486,3582.09585000,1
1505600247,21608599,0.15483,84.83538000,1
1505600242,21608582,0.15482,695.38829000,1
1505600207,21608514,0.15477,538.10371000,1
1505600152,21608493,0.15500,925.35308700,0
1505600138,21608486,0.15500,857.54098800,0
1505600006,21608447,0.15504,100.00000000,1
1505599925,21608360,0.15488,633.58933000,1
1505599589,21608221,0.15649,5094.30052040,0
1505599589,21608219,0.15627,678.41231000,0
1505599589,21608218,0.15627,3392.06155000,0
1505599589,21608217,0.15563,331.00000000,0
1505599586,21608215,0.15498,1354.51780000,0
1505599520,21608188,0.15488,1338.39230000,0
1505599504,21608178,0.15485,354.00000000,1
1505599491,21608170,0.15482,354.00000000,1
1505599477,21608148,0.15479,4375.25306000,1
1505599469,21608130,0.15479,1370.78070000,0
1505599417,21608108,0.15471,1342.10870000,0
1505599362,21608095,0.15462,1346.53620000,0
1505599313,21608080,0.15453,354.00000000,1
1505599283,21608064,0.15446,1336.42940000,0
1505598958,21607934,0.15677,4134.29559670,1
1505598958,21607933,0.15677,18984.18933700,1
1505598958,21607932,0.15677,1705.65102100,1
1505598958,21607931,0.15677,2105.76587600,1
1505598957,21607929,0.15676,9109.69310830,0
1505598957,21607928,0.15650,361.12562922,0
1505598957,21607927,0.15621,3726.26678314,0
1505598956,21607926,0.15600,1000.00000000,0
1505598956,21607925,0.15600,1361.90240049,0
1505598956,21607924,0.15598,14251.16240000,0
1505598956,21607923,0.15598,51.86625000,0
1505598956,21607922,0.15588,3828.79570000,0
1505598955,21607921,0.15587,765.75914000,0
1505598955,21607920,0.15523,5000.00000000,0
1505598955,21607919,0.15480,1854.82127972,0
1505598953,21607917,0.15479,1334.44720000,0
1505598590,21607774,0.15479,3739.15879300,0
1505598474,21607744,0.15479,32.22126752,0
1505598195,21607593,0.15480,145.17872028,0
1505598194,21607592,0.15479,4091.95780000,0
1505598110,21607455,0.15479,1216.42860977,0
1505598110,21607452,0.15479,1225.33671425,0
1505598085,21607415,0.15423,2020.12385000,0
1505598054,21607388,0.15479,2020.12384520,0
1505597976,21607322,0.15478,1163.37670392,0
1505597975,21607321,0.15419,1161.06434000,0
1505597876,21607212,0.15475,538.16560700,0
1505597646,21607069,0.15419,1000.00000000,1
1505597444,21606911,0.15477,925.08002000,0
1505596419,21606482,0.15495,6845.50827471,1
1505596419,21606481,0.15495,4278.23532000,0
1505596419,21606480,0.15495,1920.13662472,0
1505596353,21606435,0.15454,605.91800000,0
1505596198,21606333,0.15465,372.46100000,0
1505596019,21606104,0.15506,2341.22858900,0
1505596016,21606100,0.15508,6020.83794300,0
1505595969,21606059,0.15278,95.59236477,0
1505595968,21606058,0.15308,1778.62180000,0
1505595968,21606057,0.15308,1857.15388137,0
1505595967,21606054,0.15308,14097.09453459,1
1505595966,21606053,0.15308,154.06786541,1
1505595966,21606052,0.15309,7369.10200000,1
1505595966,21606051,0.15400,191.01477272,1
1505595966,21606050,0.15403,1228.15440000,1
1505595966,21606049,0.15502,553.43534227,1
1505595965,21606048,0.15502,12317.16200000,1
1505595907,21606013,0.15503,12860.04441000,1
1505595907,21606012,0.15504,4689.10759000,1
1505595890,21606005,0.15550,4172.97124700,1
1505595868,21605982,0.15551,2260.10713200,1
1505595868,21605981,0.15551,349.20163800,1
1505595867,21605980,0.15551,1537.91346800,1
1505595865,21605978,0.15551,2671.00322400,1
1505595862,21605977,0.15550,11248.19940500,1
1505595862,21605976,0.15550,2490.52441100,1
1505595862,21605975,0.15550,2088.30493700,1
1505595538,21605802,0.15558,993.78750482,0
1505595294,21605702,0.15474,1318.10693860,0
1505595278,21605699,0.15473,24.25306100,0
1505595278,21605698,0.15473,1318.10693900,0
1505595181,21605659,0.15497,21.07906100,0
1505595181,21605658,0.15497,1318.10693900,0
1505594710,21605486,0.15457,158.45830000,0
1505594710,21605485,0.15456,342.51070000,0
1505594708,21605483,0.15456,559.63500000,0
1505594707,21605482,0.15456,450.00000000,0
1505594565,21605421,0.15498,324.98029530,1
1505594472,21605379,0.15499,2852.03307000,0
1505593754,21605075,0.15499,587.15071940,0
1505593325,21604920,0.15499,588.88844442,0
1505593319,21604914,0.15499,808.60000000,0
1505593316,21604912,0.15499,549.14100000,0
1505593242,21604875,0.15500,867.96500000,0
1505593212,21604869,0.15464,497.89107500,0
1505593212,21604868,0.15464,862.47362500,0
1505593212,21604867,0.15456,168.00000000,0
1505592498,21604520,0.15598,37.23375000,0
1505592497,21604519,0.15564,168.00000000,0
1505592331,21604486,0.15528,3000.39073550,1
1505591834,21604305,0.15568,1401.75988700,0
1505591817,21604293,0.15568,979.58200000,0
1505591815,21604291,0.15569,540.80600000,0
1505591811,21604289,0.15569,954.73740000,0
1505591785,21604248,0.15569,747.54900000,0
1505591772,21604245,0.15568,421.56100000,0
1505591769,21604241,0.15569,938.09300000,0
1505591762,21604239,0.15570,1380.29527800,0
1505591762,21604238,0.15568,950.08890000,0
1505591759,21604237,0.15568,422.52500000,0
1505591754,21604233,0.15568,557.03800000,0
1505591753,21604231,0.15568,422.75700000,0
1505591750,21604229,0.15569,7.49495040,0
1505591750,21604228,0.15567,9488.27943000,0
1505591744,21604227,0.15566,789.36000000,0
1505591743,21604226,0.15566,555.53900000,0
1505590961,21603709,0.15543,386.92433893,0
1505590889,21603654,0.15408,198.00000000,1
1505590838,21603639,0.15412,9495.77438040,1
1505590782,21603579,0.15522,46.53176137,0
1505590724,21603520,0.15423,166.83060000,1
1505590644,21603375,0.15528,611.54700000,0
1505590643,21603372,0.15529,611.54700000,0
1505590537,21603251,0.15550,7366.09067524,0
1505590535,21603245,0.15549,4101.43135000,0
1505590535,21603244,0.15549,1363.77150000,0
1505590473,21603184,0.15311,6862.76680228,1
1505590472,21603183,0.15350,387.89956000,1
1505590472,21603182,0.15363,4153.62428790,1
1505590472,21603181,0.15400,669.00000000,1
1505590471,21603180,0.15403,781.61507000,1
1505590471,21603179,0.15500,3042.20671982,1
1505590471,21603178,0.15502,3902.88756000,1
1505590469,21603177,0.15510,200.00000000,1
1505590295,21603022,0.15549,1000.00000000,0
1505590270,21603009,0.15597,0.63240164,1
1505590072,21602816,0.15597,2256.00000000,1
1505590034,21602792,0.15597,1211.64109836,1
1505589998,21602754,0.15597,180.90000000,1
1505589826,21602646,0.15597,1350.82650000,0
1505589755,21602596,0.15600,1005.97959500,0
1505589755,21602595,0.15599,1361.90240000,0
1505589738,21602587,0.15599,1340.45710000,0
1505589731,21602579,0.15599,1000.00000000,0
1505589691,21602543,0.15598,1344.52699975,0
1505589691,21602542,0.15597,1353.34030000,0
1505589644,21602472,0.15598,1333.10634500,0
1505589644,21602471,0.15597,1344.52700000,0
1505589625,21602418,0.15598,2859.63588200,0
1505589624,21602417,0.15597,1369.44170000,0
1505589602,21602410,0.15566,196.00000000,0
1505589421,21602299,0.15597,1357.87810000,0
1505589367,21602248,0.15500,157.79328018,1
1505588727,21601811,0.15598,4653.76976000,0
1505588727,21601810,0.15597,3499.81312000,0
1505588727,21601809,0.15586,1342.19150000,0
1505588589,21601577,0.15480,200.00000000,0
1505588589,21601576,0.15479,3980.12270000,0
1505588449,21601514,0.15435,196.00000000,0
1505588244,21601425,0.15598,4060.12341325,0
1505588244,21601424,0.15550,1000.00000000,0
1505588244,21601422,0.15520,3226.32023064,0
1505588242,21601421,0.15519,1345.49710000,0
1505588050,21601270,0.15509,606.36144300,0
1505588034,21601266,0.15509,733.22399897,0
1505587924,21601179,0.15519,1748.49384625,0
1505587760,21601061,0.15500,2278.84649000,0
1505587754,21601056,0.15500,1915.65025000,0
1505587754,21601055,0.15499,4096.75870000,0
1505587726,21601022,0.15500,3035.50326000,0
1505587643,21600943,0.15519,1000.00000000,0
1505587637,21600939,0.15519,626.20059282,0
1505587267,21600552,0.15518,234.25778824,1
1505587265,21600550,0.15457,285.00000000,0
1505587191,21600466,0.15519,53.00000000,0
1505586849,21600149,0.15520,39.31667000,0
1505586849,21600148,0.15519,1329.14480000,0
1505586809,21599953,0.15442,100.00000000,1
1505586789,21599916,0.15515,120.00000000,0
1505586789,21599915,0.15514,90.00000000,0
1505586785,21599904,0.15462,88.70897286,0
1505586783,21599890,0.15462,186.43447459,0
1505586504,21599310,0.15513,1339.64060974,1
1505586503,21599309,0.15513,1373.87470000,0
1505586352,21599227,0.15441,235.80300037,0
1505586341,21599222,0.15440,1359.87360000,0
1505586312,21599208,0.15441,1021.06100000,0
1505586296,21599186,0.15441,458.20337300,0
1505586295,21599185,0.15440,1343.89770000,0
1505586215,21599142,0.15441,1831.41231663,0
1505586212,21599131,0.15441,10849.50777000,0
1505586212,21599130,0.15440,4107.39300000,0
1505585885,21598830,0.15364,1332.30898424,0
1505585885,21598829,0.15364,4188.96701576,0
1505585882,21598828,0.15364,1532.19790400,0
1505585839,21598742,0.15364,550.73300000,0
1505585832,21598733,0.15364,389.59592400,0
1505585639,21598544,0.15363,1498.52084353,0
1505585616,21598497,0.15363,558.94700000,0
1505585616,21598496,0.15363,2538.25425000,0
1505585615,21598494,0.15363,479.40800000,0
1505585549,21598393,0.15363,227.32574680,0
1505585469,21598308,0.15364,3157.12688700,0
1505585468,21598303,0.15364,4615.35800400,0
1505585467,21598289,0.15364,34.57107524,0
1505585412,21598232,0.15363,195.11216000,0
1505585365,21598175,0.15290,35.00000000,0
1505585353,21598140,0.15303,161.05720000,0
1505585349,21598130,0.15302,1364.92830000,0
1505585327,21598086,0.15302,1359.20560000,0
1505585300,21598049,0.15303,0.94280000,0
1505585300,21598048,0.15302,1353.13720000,0
1505585100,21597740,0.15270,1370.10368400,1
1505585092,21597728,0.15287,1431.30411500,1
1505585092,21597727,0.15287,2799.29257900,1
1505585015,21597649,0.15288,812.79646700,1
1505585011,21597630,0.15287,1452.32981549,0
1505585010,21597627,0.15287,4053.60867159,0
1505585010,21597622,0.15287,161.99988865,0
1505585008,21597613,0.15287,2423.22663688,0
1505585008,21597612,0.15281,18.89695517,0
1505585007,21597611,0.15280,5649.04133000,0
1505585004,21597601,0.15281,214.45387266,0
1505585004,21597599,0.15272,5470.41823012,1
1505585003,21597596,0.15271,6645.50390073,0
1505585003,21597594,0.15270,2.98089429,0
1505585003,21597591,0.15270,1361.98970571,0
1505585001,21597586,0.15270,4082.64748860,0
1505584999,21597576,0.15272,1840.46332982,0
1505584919,21597532,0.15238,349.12718205,1
1505584817,21597446,0.15239,715.07736300,0
1505584817,21597445,0.15239,100.00000000,0
1505584794,21597364,0.15238,1173.87900000,0
1505584703,21597082,0.15238,1361.67470000,0
1505584687,21597061,0.15100,1657.08905079,0
1505584685,21597060,0.15128,6504.78600000,1
1505584685,21597059,0.15130,700.00000000,1
1505584685,21597058,0.15132,6627.33214692,1
1505584685,21597057,0.15133,12752.46070000,1
1505584596,21597043,0.15145,1430.46600000,0
1505584591,21597041,0.15148,933.95900000,0
1505584589,21597040,0.15199,1143.44080447,1
1505584589,21597039,0.15238,614.89120000,1
1505584380,21596930,0.15238,1385.10880000,0
1505584239,21596887,0.15238,1378.84790000,0
1505583940,21596733,0.15200,527.17640051,0
1505583940,21596732,0.15199,193.74084500,0
1505583940,21596731,0.15199,1173.90205500,0
1505583610,21596500,0.15087,647.28991881,0
1505583604,21596486,0.15200,527.17640051,1
1505583544,21596430,0.15231,3898.13225874,0
1505583444,21596332,0.15200,50.00000000,1
1505583436,21596322,0.15200,40.00000000,1
1505583330,21596256,0.15200,1389.21052600,1
1505582922,21595937,0.15200,1872.51921100,1
1505582873,21595843,0.15200,82.10431760,1
1505582873,21595842,0.15205,659.15368240,1
1505582795,21595802,0.15205,731.47970856,1
1505582642,21595670,0.15209,979.23907400,1
1505582372,21595459,0.15209,399.72984602,1
1505582243,21595373,0.15238,871.76306500,0
1505582208,21595304,0.15238,194.63611152,0
1505582080,21595234,0.15238,35.00000000,0
1505582053,21595221,0.15210,1378.53640000,0
1505582053,21595220,0.15210,3170.14314507,0
1505582052,21595218,0.15210,981.39381985,0
1505582047,21595217,0.15210,8588.21000000,0
1505582043,21595209,0.15210,1727.16753781,0
1505582027,21595195,0.15210,924.36563000,0
1505581993,21595184,0.15210,944.06679800,0
1505581978,21595176,0.15210,2686.31763700,0
1505581960,21595165,0.15210,330.03048000,0
1505581953,21595157,0.15210,1535.74357400,0
1505581952,21595156,0.15210,3327.39386500,0
1505581863,21595096,0.15210,2265.27815800,0
1505581781,21595046,0.15210,35431.07324129,0
1505581753,21595025,0.15210,2560.98699100,0
1505581752,21595024,0.15210,31293.70200900,0
1505581752,21595023,0.15210,3597.40900000,0
1505581752,21595022,0.15210,5675.03660000,0
1505581752,21595020,0.15209,1376.94230000,0
1505581674,21594947,0.15210,2896.61609900,0
1505581661,21594928,0.15208,1366.08920000,0
1505581637,21594913,0.15200,3612.60000000,1
1505581593,21594854,0.15209,101.00328753,0
1505581305,21594582,0.15199,1391.92660000,0
1505581291,21594569,0.15209,3906.36190900,0
1505581290,21594567,0.15208,833.99850000,0
1505581241,21594553,0.15208,555.68000000,0
1505580811,21594268,0.15202,656.16774109,0
1505580469,21593996,0.15081,100.00000000,1
1505580452,21593988,0.15208,2489.52450392,1
1505580451,21593987,0.15209,50.00000000,0
1505580433,21593977,0.15210,75179.09261498,1
1505580433,21593976,0.15211,16885.97280000,1
1505580428,21593975,0.15211,100.00000000,1
1505580397,21593959,0.15238,523.69398871,0
1505580357,21593929,0.15209,14615.89132000,0
1505580357,21593928,0.15208,15700.89936000,0
1505580354,21593923,0.15207,4177.81620000,0
1505580066,21593786,0.15202,885.00000000,0
1505580042,21593736,0.15208,871.94837168,0
1505580042,21593735,0.15183,743.12442832,0
1505580042,21593734,0.15182,2602.59040000,0
1505580037,21593731,0.15182,832.73600000,0
1505580034,21593726,0.15182,782.33680000,0
1505579977,21593652,0.15182,1245.00000000,0
1505579976,21593651,0.15182,586.13040000,0
1505579908,21593528,0.15182,835.26837100,0
1505579623,21593346,0.15175,201.00000000,1
1505579498,21593226,0.15029,100.00000000,1
1505579401,21593077,0.15168,986.45787184,0
1505579285,21592973,0.15005,183.22560000,1
1505579285,21592972,0.15009,2111.60000000,1
1505579269,21592967,0.15007,306.38000000,1
1505579016,21592856,0.15145,336.57692922,0
1505578963,21592834,0.15001,2298.20700000,1
1505578815,21592653,0.15000,2284.15347400,0
1505578815,21592651,0.15000,1286.58854400,0
1505578815,21592650,0.15000,5925.03236200,0
1505578814,21592649,0.15000,200.25000000,0
1505578814,21592648,0.14999,4232.85840000,0
1505578436,21592390,0.14994,1723.86312800,0
1505578433,21592383,0.14995,2405.56717400,0
1505578284,21592269,0.14999,2792.17877100,0
1505578270,21592238,0.15000,452.15531000,0
1505578247,21592200,0.14999,4243.51290000,0
1505578210,21592181,0.15000,2007.92739900,1
1505577798,21591912,0.15183,164.24718435,0
1505577768,21591870,0.15000,8125.78740000,0
1505577767,21591868,0.14999,2305.96144300,0
1505577767,21591867,0.14999,1931.89865700,0
1505577710,21591742,0.15000,1369.98698000,0
1505577709,21591741,0.14999,1708.30027700,0
1505577709,21591740,0.14999,2504.12412300,0
1505577689,21591703,0.14999,3913.36300000,0
1505577678,21591666,0.15000,3216.00000000,0
1505577673,21591654,0.14999,2041.09012200,0
1505577653,21591633,0.14999,665.00000000,0
1505577616,21591589,0.15000,697.36300000,0
1505577616,21591588,0.14996,100.00000000,0
1505577613,21591583,0.14995,322.86200000,0
1505577612,21591579,0.14995,977.83600000,0
1505577595,21591554,0.14995,1516.74816400,0
1505577580,21591524,0.14995,202.00000000,0
1505577569,21591483,0.14993,2934.12891800,0
1505577541,21591362,0.14862,11136.11051479,0
1505577541,21591361,0.14880,20000.00000000,1
1505577541,21591360,0.14880,9495.77438040,0
1505577540,21591359,0.14926,14615.89132000,1
1505577540,21591358,0.14992,3500.00000000,1
1505577540,21591355,0.14998,1026.78260815,1
1505577539,21591354,0.15000,1000.00000000,1
1505577539,21591353,0.15000,365.00000000,1
1505577539,21591352,0.15000,2625.00000000,1
1505577539,21591350,0.15000,1112.06666666,1
1505577537,21591343,0.15001,11448.97331000,1
1505577530,21591320,0.15001,2925.01067000,1
1505577530,21591319,0.15001,2659.12891800,1
1505577530,21591318,0.15006,275.00000000,1
1505577478,21591197,0.15006,75.00000000,1
1505577286,21591041,0.15050,260.00000000,1
1505576449,21589903,0.15281,400.00000000,0
1505576416,21589856,0.15280,98.03036000,1
1505576382,21589840,0.15281,2366.64917217,0
1505576380,21589839,0.15280,4161.37810000,0
1505575729,21589364,0.15271,1894.93000000,0
1505575727,21589361,0.15272,1193.48000000,0
1505575522,21589193,0.15086,5108.10509685,1
1505575470,21589162,0.15274,486.97700000,0
1505575218,21588972,0.15117,1689.04567396,1
1505574864,21588742,0.15055,501.41602707,1
1505574605,21588406,0.15076,2169.90000000,1
1505574605,21588405,0.15084,2830.10000000,1
1505574388,21588026,0.15286,450.62298836,0
1505574381,21588017,0.15200,2500.00000000,0
1505574381,21588016,0.15199,2792.84555073,0
1505574374,21588008,0.15199,593.52591644,0
1505574372,21588006,0.15127,63.00000000,0
1505574289,21587962,0.15199,772.81913283,0
1505574003,21587683,0.15205,90.00000000,0
1505573455,21586924,0.15286,906.70850120,1
1505573454,21586921,0.15286,4144.62710000,0
1505572700,21586473,0.15286,103.45800000,0
1505572244,21586133,0.15281,2800.01806164,0
1505572243,21586129,0.15280,3727.98080000,0
1505572217,21586091,0.15286,387.00000000,0
1505572174,21586070,0.15286,322.50000000,0
1505571862,21585834,0.15139,6656.57416678,0
1505571862,21585831,0.15144,2723.35034401,0
1505571860,21585829,0.15144,116.08090961,1
1505571714,21585727,0.15286,1958.27188277,0
1505571455,21585570,0.15286,3546.40000000,0
1505571299,21585423,0.15287,4637.63805828,0
1505571297,21585421,0.15286,3845.31120000,0
1505570745,21585107,0.15210,120.00000000,1
1505570538,21584902,0.15220,2511.05223390,1
1505570538,21584901,0.15275,0.00000008,1
1505570045,21584354,0.15286,978.84292817,0
1505569694,21583905,0.15275,1838.26385000,1
1505569671,21583895,0.15275,719.18200000,1
1505569661,21583889,0.15275,599.70014992,1
1505569650,21583879,0.15275,3555.60000000,1
1505569645,21583878,0.15275,287.25400000,1
1505569577,21583787,0.15287,1813.04426911,0
1505569577,21583786,0.15286,2654.77607000,0
1505569576,21583784,0.15284,2866.22020000,1
1505569575,21583777,0.15284,6109.50561663,0
1505569465,21583603,0.15238,454.23848500,0
1505569465,21583602,0.15238,1638.42671500,0
1505569428,21583544,0.15209,1372.03879967,0
1505569428,21583543,0.15209,694.22560033,0
1505569416,21583530,0.15209,90.49572000,0
1505569342,21583461,0.15209,287.01900000,0
1505569319,21583408,0.15209,289.70600000,0
1505569198,21583192,0.15007,2643.77395897,1
1505569178,21583143,0.15209,13254.44499967,0
1505569178,21583141,0.15200,794.77195356,0
1505569177,21583140,0.15155,1355.83440000,0
1505569177,21583137,0.15154,714.99593166,0
1505569177,21583134,0.15151,552.99300699,0
1505569176,21583130,0.15078,1155.42228885,0
1505569170,21583078,0.15000,4208.22646246,0
1505569154,21583025,0.15000,2528.92998900,0
1505569138,21582919,0.15000,114.84396997,0
1505569138,21582917,0.15000,578.13527988,0
1505569131,21582882,0.15000,1371.55160000,0
1505569131,21582880,0.15000,24120.34221100,0
1505569130,21582878,0.15000,8958.58976200,0
1505569130,21582877,0.14998,11445.46126000,0
1505569127,21582863,0.14998,2108.31749679,0
1505569063,21582694,0.14992,1374.19838833,0
1505569057,21582678,0.15000,8492.18467000,0
1505569056,21582676,0.14998,1090.06145013,0
1505569051,21582658,0.14998,287.88426162,0
1505569043,21582640,0.14998,69.41378850,1
1505569041,21582635,0.14988,1382.74070000,1
1505568847,21582510,0.14868,399.80009995,1
1505568669,21582298,0.14900,2050.00000000,0
1505568645,21582279,0.14900,650.00000000,0
1505568468,21582105,0.14948,964.43375140,0
1505568468,21582104,0.14947,1376.78300000,0
1505568323,21581903,0.14916,697.98657718,0
1505568308,21581883,0.14916,1.41000000,0
1505568307,21581882,0.14900,2018.00000000,0
1505568118,21581635,0.14851,50.00000000,1
1505568075,21581580,0.14851,1472.08000000,1
1505567881,21581256,0.14973,106.59246644,0
1505567819,21581158,0.14800,647.33025984,1
1505567819,21581157,0.14800,77.32408660,1
1505567819,21581156,0.14800,340.00000000,1
1505567819,21581155,0.14800,200.00000000,1
1505567819,21581154,0.14800,35.00000000,1
1505567818,21581153,0.14810,100.00000000,1
1505567818,21581152,0.14898,99.01689959,1
1505567818,21581151,0.14900,5537.06224832,1
1505567818,21581150,0.14900,40.00000000,1
1505567816,21581146,0.14926,11178.99271700,1
1505567806,21581129,0.14926,1465.90000000,1
1505567765,21581025,0.14926,1970.99860300,1
1505567765,21581020,0.14989,572.67139700,1
1505567764,21581000,0.14989,1468.62600000,0
1505567763,21580992,0.14927,3334.39000000,1
1505567760,21580984,0.14927,524.71900000,1
1505567720,21580870,0.14995,4360.40148766,0
1505567702,21580843,0.15000,838.23574600,1
1505567634,21580579,0.15000,2352.02929000,0
1505567596,21580361,0.14999,260.00000000,1
1505567588,21580312,0.14999,1740.00000000,1
1505567587,21580310,0.15000,260.00000000,1
1505567558,21580179,0.15000,1945.10785674,1
1505567558,21580178,0.15000,54.96709026,1
1505567558,21580177,0.15000,3845.03290974,1
1505567558,21580176,0.15000,540.28102626,1
1505567558,21580174,0.15000,1366.56186385,1
1505567557,21580173,0.15000,330.00000000,1
1505567557,21580172,0.15000,100.00000000,1
1505567557,21580171,0.15000,50.00000000,1
1505567557,21580169,0.15000,663.00000000,1
1505567557,21580168,0.15000,429.24922115,1
1505567404,21579961,0.15002,997.35154171,0
1505567399,21579954,0.15000,1570.75077885,1
1505567399,21579953,0.15000,200.00000000,1
1505567398,21579952,0.15000,1458.24922115,1
1505567398,21579951,0.15000,1541.75077885,1
1505567398,21579950,0.15000,470.54140000,1
1505567398,21579949,0.15000,768.59500877,1
1505567398,21579948,0.15000,122.65000000,1
1505567398,21579947,0.15000,1996.46281238,1
1505567398,21579946,0.15000,3.53718762,1
1505567398,21579945,0.15000,1069.00000000,1
1505567398,21579944,0.15000,750.00000000,1
1505567398,21579943,0.15000,3177.46281238,1
1505567397,21579942,0.15000,3465.48818762,1
1505567397,21579941,0.15000,2775.51181238,1
1505567388,21579930,0.15000,223.48818762,1
1505567388,21579929,0.15000,150.00000000,1
1505567388,21579928,0.15000,519.09900000,1
1505567388,21579927,0.15000,852.57559203,1
1505567386,21579922,0.15001,296.94528087,1
1505567386,21579921,0.15001,10308.26056348,1
1505567368,21579904,0.15002,1023.64845800,0
1505567354,21579877,0.15002,997.35154200,0
1505567339,21579857,0.15002,1452.64683900,0
1505567338,21579856,0.15002,2021.00000000,0
1505567320,21579845,0.15002,1452.64683900,0
1505567312,21579837,0.15002,33.24576723,0
1505567297,21579820,0.15002,12660.21027100,0
1505567285,21579809,0.15002,33.24576723,0
1505567127,21579689,0.15002,541.41000000,0
1505567122,21579685,0.15002,10306.19024130,0
1505567118,21579678,0.15002,5000.00000000,0
1505567090,21579656,0.15002,202.00000000,0
1505567073,21579644,0.15001,3011.96162170,1
1505567036,21579589,0.15001,5953.00000000,1
1505567010,21579574,0.15002,13279.05273353,1
1505566949,21579515,0.15002,802.77076800,1
1505566949,21579514,0.15003,2032.10000000,1
1505566945,21579491,0.15003,1000.00000000,1
1505566928,21579424,0.15002,460.02383847,1
1505566928,21579423,0.15003,162.00000000,1
1505566928,21579421,0.15004,950.00000000,1
1505566927,21579418,0.15015,3290.71795000,1
1505566927,21579416,0.15015,552.99300699,1
1505566927,21579415,0.15024,4126.89483854,1
1505566886,21579357,0.15024,0.00000339,1
1505566886,21579356,0.15051,662.74666135,1
1505566886,21579355,0.15078,2589.28339526,1
1505566869,21579318,0.15078,716.59548000,1
1505566846,21579281,0.15078,99.01689959,1
1505566793,21579208,0.15078,882.11000000,1
1505566745,21579151,0.15078,183.00353900,1
1505566740,21579141,0.15130,329.64514210,0
1505566736,21579138,0.15133,67.30013877,0
1505566731,21579135,0.15078,2078.69124700,1
1505566653,21579083,0.15137,3011.96162172,0
1505566463,21578949,0.15153,115.42486959,0
1505566356,21578813,0.15078,2922.34799978,1
1505566307,21578701,0.15078,4997.50124937,1
1505566260,21578657,0.15153,1557.28490000,0
1505566253,21578650,0.15154,11.62528736,1
1505566251,21578645,0.15154,715.35929377,1
1505566249,21578638,0.15154,5921.83029000,1
1505566246,21578636,0.15154,5924.79563642,1
1505566243,21578630,0.15154,1822.37695245,1
1505566181,21578580,0.15200,846.60871587,1
1505566179,21578575,0.15200,1153.39128413,1
1505566091,21578513,0.15200,1000.00000000,0
1505565736,21578344,0.15216,2534.02889747,0
1505565735,21578343,0.15147,389.00000000,0
1505565648,21578300,0.15051,1241.71443342,1
1505565648,21578299,0.15052,1758.28556658,1
1505565536,21578205,0.15154,7811.87313500,1
1505565536,21578203,0.15155,3514.11343794,1
1505565427,21578129,0.15155,2807.18343500,1
1505565415,21578075,0.15155,150.00000000,1
1505565405,21578064,0.15155,521.10037706,1
1505565405,21578062,0.15155,67.85444440,1
1505565170,21577866,0.15155,438.90900000,1
1505565169,21577865,0.15200,1136.58000000,1
1505564993,21577611,0.15200,2.42000000,1
1505564992,21577610,0.15205,3455.50000000,1
1505564777,21577260,0.15205,80.00000000,1
1505564496,21576601,0.15316,389.00000000,0
1505564313,21576284,0.15493,135.20706125,0
1505564235,21576169,0.15400,2170.80414800,1
1505564235,21576168,0.15400,1829.19585200,1
1505563849,21575670,0.15411,10000.00000000,1
1505563758,21575555,0.15520,891.20373711,0
1505563756,21575554,0.15519,1679.79680000,1
1505563524,21575359,0.15512,900.54583548,0
1505563360,21575092,0.15519,1014.39000000,0
1505563285,21574958,0.15450,2000.00000000,1
1505563285,21574956,0.15503,1.19000000,1
1505563283,21574945,0.15484,1701.70000000,0
1505563272,21574920,0.15484,1073.49825000,0
1505563272,21574918,0.15484,877.00000000,0
1505563154,21574767,0.15519,904.76945300,0
1505563131,21574732,0.15520,6918.65270618,0
1505563129,21574731,0.15519,1321.14240000,0
1505563035,21574631,0.15519,2115.32817836,0
1505563029,21574625,0.15520,1580.49826030,0
1505563029,21574624,0.15519,1000.00000000,0
1505563027,21574623,0.15518,1340.34970000,0
1505562962,21574549,0.15513,1030.51240894,0
1505562961,21574545,0.15511,4114.12283000,0
1505562800,21574363,0.15405,3250.00000000,1
1505562767,21574327,0.15431,1332.48810000,0
1505562767,21574325,0.15408,2124.54444242,0
1505562762,21574320,0.15408,867.45973800,0
1505562762,21574319,0.15408,2115.07373800,0
1505562757,21574314,0.15408,942.21600000,0
1505562754,21574308,0.15408,1793.17900000,0
1505562753,21574307,0.15408,1807.20000000,0
1505562751,21574305,0.15408,350.32708158,1
1505562626,21574113,0.15498,297.75652619,0
1505562624,21574108,0.15497,2922.76320000,0
1505562607,21574090,0.15497,1810.77400000,0
1505562557,21574009,0.15408,100.60877900,1
1505562498,21573906,0.15501,333.00000000,0
1505562277,21573645,0.15408,139.83780000,1
1505562263,21573639,0.15408,865.03400000,1
1505562261,21573633,0.15408,1382.48753895,1
1505562047,21573390,0.15408,3236.97501298,0
1505562009,21573315,0.15268,9.14806765,0
1505562008,21573312,0.15268,867.85193235,0
1505561980,21573220,0.15338,2775.16980000,0
1505561683,21572654,0.15155,2166.55700000,1
1505561681,21572647,0.15155,5184.45990700,1
1505561673,21572621,0.15155,0.85184373,1
1505561672,21572620,0.15196,1081.48710161,1
1505561672,21572618,0.15200,131.98105466,1
1505561670,21572611,0.15200,1081.48710200,1
1505561637,21572548,0.15200,2891.74029174,1
1505561553,21572382,0.15154,6584.11432500,1
1505561553,21572381,0.15160,2300.00000000,1
1505561552,21572380,0.15160,389.47052000,0
1505561552,21572379,0.15166,1611.95800000,0
1505561552,21572377,0.15171,2754.15232985,1
1505561550,21572375,0.15200,427.68716015,1
1505561474,21572291,0.15200,35.00000000,1
1505561449,21572212,0.15356,2738.27794900,0
1505561449,21572210,0.15355,3896.13160000,0
1505561401,21572098,0.15200,2037.31283985,1
1505561401,21572097,0.15200,79.28716015,1
1505561386,21572060,0.15201,210.00000000,1
1505561367,21572005,0.15370,450.00000000,1
1505561275,21571704,0.15364,1098.17111500,1
1505561236,21571570,0.15483,3494.32000000,1
1505561235,21571565,0.15441,500.00000000,0
1505561225,21571547,0.15441,1274.88241900,1
1505561172,21571394,0.15441,68.00000000,1
1505561139,21571295,0.15519,944.70400000,0
1505561136,21571287,0.15518,540.19061300,0
1505561128,21571260,0.15518,131.00000000,0
1505561068,21571145,0.15448,1102.99974000,0
1505561063,21571135,0.15448,415.00100000,0
1505561062,21571132,0.15448,86.99926000,0
1505561027,21571093,0.15520,64.22841494,0
1505561010,21571076,0.15519,2247.58000000,0
1505560936,21570980,0.15519,2789.43196400,0
1505560903,21570931,0.15519,72.79302790,0
1505560842,21570812,0.15519,2921.95450000,0
1505560832,21570774,0.15481,877.00000000,0
1505560806,21570682,0.15520,1602.98885083,0
1505560798,21570663,0.15519,1039.64027200,0
1505560798,21570662,0.15519,1514.27282800,0
1505560762,21570604,0.15519,1000.00000000,0
1505560736,21570535,0.15480,876.99987080,0
1505560699,21570477,0.15442,1160.10280000,0
1505560683,21570450,0.15443,1405.88720000,1
1505560642,21570388,0.15507,2057.75606698,0
1505560642,21570387,0.15507,1030.94630100,0
1505560635,21570374,0.15507,1755.49493777,0
1505560630,21570370,0.15507,3362.80134010,0
1505560593,21570285,0.15507,537.18794603,0
1505560593,21570283,0.15441,9551.67614597,0
1505560562,21570210,0.15441,4844.31131403,0
1505560484,21570046,0.15364,567.11248705,1
1505560477,21570033,0.15364,1026.37069002,0
1505560474,21570000,0.15364,2458.97000000,0
1505560463,21569964,0.15364,3180.34760000,0
1505560462,21569963,0.15363,3498.16440000,0
1505560461,21569961,0.15362,807.57335841,0
1505560460,21569960,0.15362,680.64054159,0
1505560458,21569957,0.15362,200.00000000,0
1505560352,21569785,0.15362,688.77000000,0
1505560224,21569627,0.15205,420.63856691,1
1505560223,21569624,0.15212,3500.00000000,1
1505560002,21569379,0.15200,1787.77432932,1
1505560002,21569378,0.15250,4.83014768,1
1505559993,21569350,0.15364,150.18999752,0
1505559992,21569349,0.15361,4116.69690000,1
1505559992,21569348,0.15361,2031.52083000,0
1505559945,21569209,0.15364,5852.81152246,0
1505559945,21569207,0.15363,4069.22220000,0
1505559945,21569206,0.15363,2187.84664454,0
1505559942,21569203,0.15364,1799.86000000,0
1505559938,21569201,0.15363,143.25200000,0
1505559935,21569198,0.15362,649.51106627,0
1505559935,21569197,0.15321,1866.54182401,0
1505559927,21569173,0.15363,16569.04525769,0
1505559927,21569172,0.15324,3542.70000000,0
1505559925,21569168,0.15321,2855.34581586,1
1505559925,21569165,0.15321,2445.72800000,0
1505559908,21569056,0.15331,483.13873850,0
1505559907,21569055,0.15300,70.00000000,0
1505559844,21568831,0.15250,70.00000000,1
1505559840,21568815,0.15361,14611.51057873,1
1505559840,21568814,0.15266,1342.47450000,0
1505559840,21568813,0.15250,2300.74113262,0
1505559838,21568810,0.15200,145.48683071,0
1505559837,21568804,0.15200,1940.48226100,0
1505559815,21568728,0.15200,2014.03090829,0
1505559781,21568577,0.15198,612.00000000,0
1505559774,21568560,0.15198,886.05961311,0
1505559744,21568468,0.15151,1650.20560000,0
1505559744,21568467,0.15047,5.57713295,0
1505559633,21567950,0.15078,7964.77286705,1
1505559601,21567796,0.15078,782.71207095,1
1505559557,21567714,0.15195,3174.70000000,0
1505559465,21567258,0.15078,4888.00487200,1
1505559458,21567232,0.15078,833.06000000,1
1505559440,21567184,0.15199,2149.77000000,0
1505559377,21567011,0.15001,231.00000000,0
1505559377,21567009,0.15001,1118.63062346,0
1505559376,21567007,0.15008,1362.09404794,0
1505559376,21567006,0.15008,234.61001587,0
1505559376,21567002,0.15025,200.00000000,1
1505559376,21567000,0.15025,620.88000000,0
1505559375,21566995,0.15037,663.00000000,1
1505559375,21566993,0.15050,1655.50971294,1
1505559375,21566992,0.15050,624.00000000,1
1505559374,21566990,0.15100,519.27532860,0
1505559374,21566987,0.15100,104.72467140,0
1505559374,21566985,0.15100,623.27532860,0
1505559364,21566970,0.15050,2720.49028706,1
1505559364,21566968,0.15050,1357.61825454,0
1505559363,21566965,0.15082,185.18764090,1
1505559363,21566964,0.15100,5000.00000000,1
1505559362,21566963,0.15150,70.00000000,1
1505559362,21566961,0.15154,8155.36540750,1
1505559360,21566960,0.15155,1511.33841000,1
1505559344,21566940,0.15155,1000.00000000,1
1505559321,21566890,0.15155,8930.48453200,1
1505559319,21566884,0.15205,121.80199788,1
1505559302,21566857,0.15154,5656.43545473,1
1505559302,21566855,0.15199,245.32329705,1
1505559300,21566847,0.15205,512.52877342,1
1505559281,21566743,0.15199,1835.44479700,1
1505559261,21566673,0.15199,26.44324428,1
1505559261,21566672,0.15205,417.09753370,1
1505559260,21566670,0.15205,649.36522202,1
1505559205,21566588,0.15206,12000.00000000,1
1505559150,21566471,0.15206,605.54193652,1
1505559012,21566137,0.15209,35.00000000,1
1505558999,21566099,0.15206,5000.00000000,1
1505558958,21566004,0.15199,918.25484848,1
1505558958,21566002,0.15201,605.54193652,1
1505558776,21565454,0.15432,71.08605514,0
1505558768,21565432,0.15438,50.00000000,0
1505558727,21565337,0.15458,50.00000000,0
1505558619,21565056,0.15395,465.74043521,0
1505558476,21564771,0.15497,10316.50867686,0
1505558457,21564746,0.15507,8567.06262846,1
1505558457,21564744,0.15507,181.49607796,1
1505558456,21564741,0.15507,4117.96280000,0
1505558255,21564448,0.15172,3688.00000000,1
1505558159,21564190,0.15229,0.00000010,0
1505558146,21564139,0.15154,584.18659777,1
1505558146,21564137,0.15183,1000.00000000,1
1505558146,21564136,0.15200,1175.14961523,1
1505558145,21564129,0.15200,1800.00000000,1
1505558143,21564124,0.15200,5142.33038800,1
1505558137,21564112,0.15200,2975.14961500,1
1505558132,21564072,0.15200,8117.48000300,1
1505558127,21564058,0.15200,4602.28395301,1
1505558122,21564033,0.15200,3798.34796053,1
1505558122,21564028,0.15200,3803.90857618,1
1505558120,21564022,0.15200,14671.48268232,1
1505558120,21564015,0.15200,11422.51659400,1
1505558117,21564003,0.15200,729.72174273,1
1505558117,21564001,0.15201,1074.69825727,1
1505558117,21563997,0.15201,7522.49874273,1
1505558086,21563893,0.15201,883.93300000,1
1505558072,21563856,0.15229,898.55664100,0
1505558070,21563846,0.15229,101.44335890,1
1505558063,21563820,0.15229,1932.06144305,1
1505558059,21563804,0.15231,1205.24000000,0
1505558048,21563720,0.15229,1753.81219028,1
1505558044,21563690,0.15200,4900.00000000,1
1505558043,21563688,0.15200,10217.89195500,1
1505558043,21563686,0.15200,2930.27915700,1
1505558041,21563676,0.15200,5635.78577300,1
1505558041,21563674,0.15200,10217.89195500,1
1505558041,21563673,0.15200,7859.78003000,1
1505558041,21563672,0.15200,700.00000000,1
1505558041,21563671,0.15210,700.00000000,1
1505558041,21563670,0.15231,13148.17111200,1
1505558032,21563611,0.15231,255.00000000,1
1505558031,21563600,0.15297,3401.12970000,0
1505558030,21563593,0.15231,920.03775800,1
1505558023,21563540,0.15300,2018.00000000,1
1505558023,21563538,0.15300,300.00000000,1
1505557960,21563284,0.15301,12854.21148100,1
1505557959,21563282,0.15308,653.95351900,1
1505557958,21563279,0.15308,13597.20888100,1
1505557958,21563277,0.15330,296.37952900,1
1505557958,21563272,0.15330,9703.62047100,1
1505557923,21563123,0.15577,419.72754200,0
1505557610,21562419,0.15574,551.41922434,0
1505557610,21562418,0.15574,527.83202774,0
1505557567,21562251,0.15367,748.39943890,1
1505557565,21562248,0.15418,529.40056110,1
1505557489,21562155,0.15417,528.38082716,1
1505557488,21562153,0.15418,2734.65639694,0
1505557487,21562149,0.15418,987.73770000,1
1505557409,21562025,0.15583,769.04318808,0
1505557402,21562015,0.15583,205.08047230,1
1505557402,21562013,0.15541,1619.47779840,0
1505557402,21562012,0.15533,3120.58668957,0
1505557400,21562005,0.15521,4082.29530000,0
1505557400,21562003,0.15521,607.46624317,0
1505557217,21561503,0.15375,490.28450000,0
1505557217,21561502,0.15342,791.00000000,0
1505557215,21561498,0.15309,10000.00000000,1
1505557200,21561462,0.15301,293.43350000,1
1505557175,21561413,0.15352,6721.71338971,1
1505557175,21561412,0.15385,4171.66568029,1
1505557068,21561016,0.15386,3938.80346521,0
1505556956,21560676,0.15386,4862.49222927,1
1505556956,21560674,0.15400,4633.28215113,1
1505556912,21560423,0.15400,468.00000000,1
1505556866,21560332,0.15385,10008.17142971,1
1505556866,21560330,0.15386,398.79000389,1
1505556866,21560329,0.15392,3.77984500,1
1505556864,21560325,0.15400,207.92207792,1
1505556864,21560324,0.15400,400.00000000,1
1505556864,21560323,0.15400,5064.48051948,1
1505556864,21560321,0.15400,2000.00000000,1
1505556590,21559350,0.15404,3000.00000000,1
1505556585,21559336,0.15540,929.60139800,0
1505556585,21559333,0.15436,3000.00000000,0
1505556577,21559294,0.15436,183.22423100,1
1505556574,21559285,0.15540,609.87100000,0
1505556573,21559275,0.15436,100.00000000,1
1505556566,21559258,0.15436,209.25765200,1
1505556558,21559230,0.15539,957.47858600,0
1505556556,21559224,0.15540,1619.47779800,0
1505556514,21559129,0.15531,50.73910244,0
1505556498,21559079,0.15415,2421.42804617,1
1505556458,21558916,0.15407,1000.00000000,1
1505556410,21558754,0.15405,7000.00000000,1
1505556372,21558679,0.15401,8353.78032900,1
1505556372,21558678,0.15450,5730.22731000,1
1505556372,21558676,0.15463,13583.23884100,1
1505556372,21558674,0.15463,525.07090900,1
1505556371,21558673,0.15485,0.49000000,1
1505556347,21558562,0.15500,9250.00000000,1
1505556347,21558561,0.15500,9162.01543690,1
1505556344,21558550,0.15500,700.00000000,1
1505556344,21558548,0.15500,411.00000000,1
1505556344,21558546,0.15500,51.00000000,1
1505556344,21558544,0.15500,100.00000000,1
1505556344,21558541,0.15500,138.00000000,1
1505556338,21558513,0.15541,106.71511136,1
1505556334,21558493,0.15541,1726.19291287,1
1505556332,21558472,0.15541,8852.48150400,1
1505556331,21558469,0.15541,3352.11088177,1
1505556331,21558461,0.15555,1.91271754,1
1505556326,21558435,0.15555,3825.33499916,1
1505556323,21558404,0.15555,1768.41691234,1
1505556312,21558341,0.15555,404.33537096,1
1505556308,21558315,0.15602,1387.31545276,0
1505556298,21558279,0.15600,397.12600000,0
1505556297,21558273,0.15600,1.73721788,1
1505556296,21558264,0.15600,4547.41945693,1
1505556293,21558248,0.15600,1845.74589128,1
1505556278,21558200,0.15600,4140.38958298,1
1505556276,21558189,0.15600,1782.56370639,1
1505556275,21558178,0.15600,1666.66666667,1
1505556268,21558156,0.15600,3000.00000000,1
1505556263,21558143,0.15600,1845.00000000,1
1505556261,21558117,0.15600,1374.80247167,1
1505556258,21558098,0.15600,669.22829869,1
1505556257,21558082,0.15600,714.77190529,1
1505556256,21558074,0.15600,711.55366488,1
1505556255,21558067,0.15600,849.51981373,1
1505556254,21558064,0.15600,845.69489690,1
1505556254,21558059,0.15600,848.19442308,1
1505556252,21558041,0.15600,238.18112527,1
1505556251,21558034,0.15602,860.80434000,0
1505556249,21558024,0.15613,0.08860359,1
1505556245,21557997,0.15621,4099.37284541,0
1505556245,21557995,0.15620,4087.39241459,0
1505556239,21557954,0.15621,497.18029100,0
1505556239,21557952,0.15620,4044.23350000,0
1505556227,21557869,0.15613,318.68897847,1
1505556226,21557862,0.15619,2061.93000000,0
1505556223,21557846,0.15613,9510.13373634,1
1505556218,21557796,0.15613,700.00000000,1
1505556213,21557764,0.15620,6.97980457,1
1505556210,21557732,0.15622,6483.18020000,1
1505556209,21557722,0.15620,13959.52428543,1
1505556209,21557712,0.15621,8719.94635427,1
1505556206,21557696,0.15621,1315.92338500,1
1505556116,21557300,0.15650,87.20000000,1
1505556116,21557295,0.15650,158.30922095,1
1505556114,21557242,0.15650,603.90349905,1
1505556039,21557030,0.15717,120.58668957,0
1505556026,21556998,0.15650,1263.21870000,1
1505556013,21556958,0.15651,1113.06180985,1
1505556004,21556929,0.15662,2532.81000000,0
1505556003,21556928,0.15656,370.00000000,0
1505555990,21556901,0.15705,44.82010000,1
1505555966,21556846,0.15795,0.00000351,1
1505555924,21556744,0.15804,157.79328018,0
1505555750,21556314,0.15795,41.34454000,1
1505555659,21556161,0.15720,59002.85545649,0
1505555644,21556116,0.15720,9.14253000,0
1505555644,21556115,0.15719,13036.25747000,0
1505555635,21556106,0.15719,664.73200000,0
1505555624,21556079,0.15718,413.63800000,0
1505555623,21556076,0.15720,631.82300000,0
1505555622,21556073,0.15719,631.82300000,0
1505555616,21556061,0.15719,1686.69847328,0
1505555610,21556051,0.15720,546.78200000,0
1505555608,21556044,0.15720,1407.57000000,0
1505555596,21556025,0.15720,2258.49342000,0
1505555596,21556023,0.15720,959.16080347,0
1505555595,21556020,0.15650,335.02505525,0
1505555595,21556018,0.15699,13896.22234000,1
1505555594,21556016,0.15700,1304.90320000,0
1505555591,21556008,0.15720,1294.18585872,0
1505555589,21556001,0.15720,6278.10918204,0
1505555589,21555998,0.15700,1418.02949480,0
1505555588,21555995,0.15700,500.00000000,1
1505555588,21555994,0.15700,1000.00000000,1
1505555582,21555964,0.15720,1302.52882464,0
1505555579,21555953,0.15720,1302.52882464,0
1505555575,21555948,0.15720,700.00000000,1
1505555575,21555947,0.15721,1289.82010000,1
1505555506,21555786,0.15710,867.88200000,1
1505555497,21555729,0.15705,25.70148905,1
1505555496,21555728,0.15741,308.36351089,1
1505555496,21555724,0.15778,0.00000006,1
1505555458,21555537,0.15778,3216.00000100,1
1505555413,21555320,0.15778,881.51742700,1
1505555413,21555316,0.15778,5759.42412700,1
1505555413,21555315,0.15778,3969.70277494,1
1505555412,21555314,0.15800,3216.00000000,1
1505555412,21555313,0.15802,0.00000106,1
1505555410,21555299,0.15802,1247.82074000,1
1505555405,21555263,0.15803,418.71333248,1
1505555405,21555260,0.15803,1090.08544975,1
1505555396,21555178,0.15805,1704.67716299,0
1505555392,21555135,0.15805,1700.97086912,1
1505555391,21555133,0.15805,3000.00000000,1
1505555389,21555095,0.15855,1000.82427000,0
1505555388,21555091,0.15805,1697.31907958,1
1505555385,21555074,0.15803,1693.66273735,0
1505555381,21555049,0.15803,1690.17503134,1
1505555379,21555029,0.15803,1686.75884498,1
1505555372,21554973,0.15802,1683.64986217,1
1505555368,21554925,0.15802,1681.01483677,1
1505555364,21554877,0.15801,291.04802363,1
1505555364,21554871,0.15802,707.48851386,1
1505555358,21554796,0.15900,4317.62012578,0
1505555358,21554790,0.15873,3091.90760000,0
1505555357,21554783,0.15868,1203.67000000,0
1505555356,21554778,0.15858,2005.18193022,0
1505555346,21554739,0.15858,663.25164319,0
1505555331,21554674,0.15801,1489.25537231,1
1505555330,21554665,0.15858,1739.55080000,0
1505555327,21554640,0.15858,2.20511294,1
1505555325,21554617,0.15858,4410.18949779,1
1505555317,21554531,0.15900,7648.55134988,1
1505555315,21554511,0.15900,2615.65127315,1
1505555314,21554502,0.15900,19237.89310300,1
1505555313,21554493,0.15900,16024.93690617,1
1505555310,21554457,0.15900,129.91446886,1
1505555302,21554368,0.15900,9777.39804900,1
1505555300,21554351,0.15900,2098.44718700,1
1505555297,21554318,0.15900,1712.76703600,1
1505555294,21554287,0.15900,6104.64520300,1
1505555293,21554277,0.15900,5264.02923100,1
1505555292,21554264,0.15900,1331.85282300,1
1505555281,21554170,0.15900,2135.26090000,1
1505555280,21554164,0.15900,1748.00000000,1
1505555279,21554162,0.15901,100.00000000,1
1505555257,21554003,0.15900,1285.53458000,1
1505555196,21553646,0.15995,2503.34367500,0
1505555186,21553596,0.15900,23738.11788994,1
1505555186,21553594,0.15901,5996.45060000,1
1505555186,21553593,0.15902,844.12553148,1
1505555175,21553553,0.15994,3972.33434800,0
1505555174,21553551,0.15994,1344.37773000,0
1505555174,21553550,0.15993,2299.03000000,0
1505555126,21553306,0.15901,15767.46343000,1
1505555126,21553304,0.15910,152.97900000,1
1505555126,21553303,0.15915,197.61000000,1
1505555126,21553301,0.15926,3881.94757000,1
1505555100,21553174,0.15999,1251.73000000,0
1505555048,21552936,0.16046,40.00000000,0
1505554927,21552665,0.16066,1110.13207475,1
1505554926,21552659,0.16066,1807.89742000,0
1505554865,21552523,0.16000,2179.76077300,0
1505554865,21552522,0.15969,370.00000000,0
1505554761,21552276,0.15893,3003.48267550,1
1505554750,21552259,0.15887,4062.88421441,1
1505554687,21552118,0.15992,2185.65237000,1
1505554686,21552116,0.16000,323.58290200,0
1505554686,21552114,0.15992,2185.65237000,0
1505554623,21551973,0.15999,2144.85828100,0
1505554616,21551962,0.16000,1729.44000000,0
1505554582,21551878,0.15999,2018.15534200,0
1505554581,21551877,0.15998,1301.24310000,0
1505554467,21551700,0.15997,2036.55000000,0
1505554435,21551662,0.15858,9344.49743927,1
1505554434,21551661,0.15860,87.65000000,1
1505554434,21551659,0.15864,1490.04727000,1
1505554434,21551658,0.15937,7432.30139000,1
1505554433,21551656,0.15938,6645.50390073,1
1505554372,21551611,0.15999,1000.00000000,0
1505554316,21551549,0.15997,1374.42117000,0
1505554294,21551529,0.15998,1632.97565000,0
1505554249,21551478,0.16000,3738.76452900,0
1505554212,21551435,0.16000,585.05700000,0
1505554209,21551432,0.16000,3385.68000000,0
1505554206,21551426,0.16000,183.44581000,0
1505554206,21551425,0.16000,3202.23419000,0
1505554203,21551420,0.15999,3387.02000000,0
1505554200,21551416,0.16000,1446.85091000,0
1505554200,21551414,0.15999,1940.16909000,0
1505554187,21551377,0.15997,2675.91000000,0
1505554179,21551374,0.15991,726.27400000,0
1505554176,21551370,0.15991,3341.97000000,0
1505554150,21551349,0.15990,1021.72000000,0
1505554139,21551322,0.15998,1021.94000000,0
1505554122,21551306,0.16000,0.91490000,0
1505554121,21551305,0.15990,1309.33510000,0
1505554110,21551299,0.15961,424.39915638,0
1505554088,21551281,0.15961,2109.47470000,0
1505554081,21551266,0.15961,2208.30021052,0
1505554066,21551255,0.15961,187.63000000,0
1505554045,21551241,0.15961,574.79900000,0
1505554044,21551239,0.15961,423.47800000,0
1505554041,21551236,0.15961,471.91893310,1
1505553761,21551047,0.15998,2457.70603284,0
1505553731,21551029,0.16000,9495.77438040,1
1505553731,21551028,0.16000,614.27619018,1
1505553731,21551027,0.16000,2000.00000000,1
1505553731,21551026,0.16000,750.00000000,1
1505553731,21551025,0.16000,3000.00000000,1
1505553731,21551024,0.16003,6350.66867000,1
1505553692,21550980,0.16002,1936.87394400,1
1505553692,21550978,0.16003,1279.91410000,1
1505553684,21550962,0.16001,3526.20000000,1
1505553676,21550929,0.16042,370.00000000,0
1505553659,21550850,0.16006,3192.23129000,0
1505553658,21550848,0.16006,899.71756600,0
1505553657,21550847,0.16006,411.59608000,0
1505553648,21550841,0.16001,2282.40000000,1
1505553630,21550828,0.16005,1473.27208193,1
1505553625,21550823,0.16030,0.00006238,1
1505553624,21550820,0.16030,369.99993762,1
1505553623,21550819,0.16006,4545.14107870,1
1505553615,21550814,0.16004,4500.00000000,1
1505553609,21550809,0.16004,222.99993752,1
1505553596,21550794,0.16087,1568.77646547,0
1505553592,21550792,0.16087,621.76342615,0
1505553044,21550264,0.16111,1860.23870000,1
1505553044,21550263,0.16110,2139.76130000,0
1505553017,21550253,0.16115,619.61042507,0
1505552951,21550212,0.16127,3426.60000000,0
1505552716,21549969,0.16099,385.14802162,0
1505552696,21549940,0.16100,43.35184380,1
1505552519,21549741,0.16100,390.16659420,1
1505552429,21549629,0.16138,1079.17052918,0
1505552429,21549628,0.16137,1641.84900000,0
1505552427,21549624,0.16122,370.00000000,0
1505552317,21549551,0.16100,1566.48156200,1
1505552273,21549520,0.16156,1234.84303045,0
1505551990,21549268,0.16099,1858.81110627,0
1505551937,21549226,0.16104,244.79046659,1
1505551692,21548953,0.16104,3377.60000000,0
1505551643,21548900,0.16105,1239.12424713,0
1505551621,21548883,0.16110,61.88705990,0
1505551512,21548744,0.16148,370.94763000,0
1505551392,21548617,0.16111,1651.89230000,1
1505551390,21548605,0.16110,4203.25857000,0
1505551390,21548603,0.16109,2250.87930000,0
1505551389,21548600,0.16108,1169.91899518,1
1505551324,21548532,0.16109,2088.29720000,1
1505551323,21548530,0.16012,2183.95896661,0
1505551321,21548527,0.16078,346.05028339,1
1505551305,21548496,0.16078,346.00000000,0
1505551304,21548493,0.16009,17577.00000000,1
1505551301,21548489,0.16008,698.40154869,1
1505551300,21548488,0.16090,1301.59845131,1
1505551089,21548288,0.16007,4143.69617111,1
1505551089,21548287,0.16089,1269.49230000,1
1505551087,21548284,0.16090,3621.81152889,1
1505551015,21548163,0.16187,617.77969976,0
1505550750,21547759,0.16103,5790.48620927,1
1505550750,21547758,0.16105,6645.50390073,0
1505550748,21547757,0.16105,11906.00989000,1
1505550739,21547755,0.16199,880.56910920,0
1505550731,21547751,0.16200,3443.49405308,0
1505550731,21547750,0.16200,1270.12570000,0
1505550730,21547749,0.16199,3172.50000000,1
1505550729,21547746,0.16199,2582.93775000,0
1505550706,21547734,0.16200,216.67916666,1
1505550648,21547699,0.16200,30.79000000,1
1505550607,21547655,0.16200,277.11000000,1
1505550509,21547576,0.16200,2771.10000000,1
1505550458,21547526,0.16206,138.51773596,0
1505550337,21547359,0.16200,500.00000000,0
1505550323,21547272,0.16150,1003.43852996,1
1505550172,21547108,0.16238,4527.22821856,0
1505550172,21547107,0.16171,1276.61630000,0
1505550170,21547106,0.16161,346.00000000,0
1505550156,21547094,0.16153,10000.00000000,1
1505550023,21546890,0.16150,452.99993809,1
1505549793,21546724,0.16219,161.51556235,0
1505549788,21546723,0.16225,3053.04862865,1
1505549788,21546719,0.16221,517.49611383,0
1505549786,21546716,0.16219,30209.97500000,1
1505549786,21546715,0.16219,14844.27733000,0
1505549747,21546671,0.16235,714.30260000,0
1505549747,21546670,0.16201,1285.69740000,0
1505549743,21546662,0.16203,609.47423317,0
1505549742,21546659,0.16150,2707.94203500,1
1505549541,21546443,0.16190,1000.00000000,0
1505549522,21546422,0.16196,113.94084959,0
1505549457,21546353,0.16224,3742.28023422,1
1505549455,21546345,0.16200,82.57000000,0
1505549447,21546342,0.16150,939.15666400,1
1505549420,21546316,0.16154,13194.55174400,1
1505549401,21546295,0.16228,15.44243200,1
1505549399,21546292,0.16228,138.98188800,1
1505549365,21546251,0.16151,1664.14466400,1
1505549365,21546250,0.16152,3439.50000000,1
1505549240,21546161,0.16240,6398.13805418,0
1505549240,21546160,0.16215,200.00000000,0
1505549240,21546159,0.16205,50.00000000,0
1505549240,21546158,0.16200,7046.68740741,0
1505549239,21546157,0.16199,3363.79145000,0
1505549239,21546156,0.16195,50.00000000,0
1505549239,21546155,0.16188,50.00000000,0
1505549237,21546151,0.16187,1299.02480000,0
1505549158,21546101,0.16150,417.79110444,1
1505549155,21546097,0.16150,417.79110444,1
1505548913,21545903,0.16104,715.00000000,1
1505548815,21545768,0.16103,3649.44203520,1
1505548806,21545758,0.16198,693.07000000,0
1505548805,21545757,0.16150,346.00000000,0
1505548668,21545637,0.16197,30.79292462,0
1505548509,21545479,0.16196,2094.04859224,0
1505548464,21545395,0.16192,307.99160079,0
1505548417,21545344,0.16195,184.78036431,0
1505548373,21545270,0.16198,58.24914000,0
1505548362,21545259,0.16159,951.47362432,1
1505548360,21545251,0.16124,9333.30000000,1
1505548358,21545245,0.16159,350.00000000,1
1505548326,21545199,0.16200,2953.31259259,0
1505548324,21545196,0.16199,1235.91623670,0
1505548321,21545192,0.16199,35.00000000,0
1505548226,21545092,0.16199,189.02530100,0
1505548219,21545068,0.16198,189.02530150,0
1505548107,21544796,0.16196,8274.30361996,1
1505548104,21544791,0.16195,220.67896000,0
1505548103,21544790,0.16183,1103.39482000,0
1505548103,21544789,0.16159,2729.44707004,0
1505548102,21544786,0.16159,1590.04000000,0
1505548100,21544779,0.16159,961.29200000,0
1505548098,21544772,0.16159,3080.12000000,0
1505548096,21544757,0.16159,1801.99462641,0
1505548095,21544756,0.16159,778.40500000,0
1505548060,21544715,0.16159,64.51500712,0
1505548025,21544699,0.16159,92.28733214,0
1505547805,21544534,0.16152,1193.36951000,0
1505547753,21544506,0.16157,8077.83092672,1
1505547753,21544505,0.16157,245.54928000,0
1505547753,21544504,0.16026,15213.03084463,0
1505547752,21544503,0.16025,1227.74640000,0
1505547751,21544502,0.16025,1312.62970000,0
1505547727,21544477,0.16026,4556.51600000,0
1505547726,21544476,0.16026,1599.95638337,0
1505547725,21544473,0.16025,1298.51670000,1
1505547724,21544471,0.16025,1458.70860000,0
1505547704,21544433,0.16000,956.86926940,1
1505547704,21544432,0.16001,3949.63569500,1
1505547688,21544417,0.16000,1827.77013000,0
1505547670,21544375,0.16025,3807.12820000,0
1505547670,21544374,0.16025,2134.56467000,0
1505547653,21544366,0.16000,2234.83000000,0
1505547652,21544365,0.15981,471.00000000,0
1505547517,21544264,0.16000,112.25300000,0
1505547403,21544133,0.16000,414.41628600,0
1505547397,21544117,0.15999,2210.38998200,0
1505547372,21544101,0.15999,3833.06748580,0
1505547223,21543981,0.15961,470.99999500,0
1505547215,21543961,0.16000,5461.78042700,1
1505547147,21543915,0.16026,4630.49677200,0
1505547147,21543914,0.16025,2305.33387000,0
1505547077,21543843,0.16136,689.86120000,0
1505547000,21543752,0.16015,105.74791041,1
1505547000,21543751,0.16017,6218.97700000,1
1505547000,21543750,0.16017,216.44508959,1
1505546929,21543644,0.16158,3086.72552296,0
1505546808,21543429,0.16159,2658.79101429,0
1505546807,21543427,0.16154,2990.57825000,1
1505546806,21543426,0.16154,3934.79590000,1
1505546806,21543425,0.16154,2766.20346000,0
1505546659,21543286,0.16034,486.53527730,1
1505546554,21543168,0.16130,3146.86342600,0
1505546551,21543157,0.16147,4000.00000000,0
1505546535,21543128,0.16132,9324.91312323,1
1505546535,21543126,0.16132,1477.62365600,1
1505546535,21543124,0.16132,1465.38500000,1
1505546529,21543113,0.16132,539.30500000,1
1505546528,21543111,0.16132,2728.92381602,1
1505546314,21542860,0.16098,2530.00000000,0
1505546310,21542858,0.16126,171.46452933,0
1505546310,21542857,0.16100,200.00000000,0
1505546238,21542808,0.16099,627.55636996,0
1505546231,21542794,0.16056,2670.85296482,1
1505546231,21542793,0.16068,1268.20403518,1
1505546169,21542729,0.16099,448.00000000,0
1505546149,21542694,0.16096,1053.52913767,0
1505546123,21542641,0.16000,8932.09700000,1
1505545783,21542256,0.15920,1163.58718046,1
1505545729,21542211,0.15999,311.77123570,0
1505545523,21542101,0.15997,1002.75867550,0
1505545501,21542072,0.15993,1000.52751928,1
1505545499,21542066,0.15974,1308.66210000,0
1505545340,21541988,0.15988,3687.30410308,0
1505545318,21541981,0.15990,7056.75352331,1
1505545317,21541973,0.15990,1743.24647669,1
1505545205,21541898,0.15999,2540.16250000,0
1505545205,21541896,0.15997,3479.90000000,0
1505545205,21541895,0.15996,3979.93750000,0
1505544815,21541461,0.15925,61.13406593,1
1505544805,21541411,0.15911,1000.00000000,1
1505544728,21541281,0.15925,3983.79920000,0
1505544597,21541219,0.15937,686.58309466,0
1505544547,21541166,0.15938,1533.48079625,0
1505544547,21541164,0.15939,1216.94050214,1
1505544541,21541143,0.15939,4685.66331000,0
1505544517,21541110,0.15942,524.10890000,0
1505544327,21540990,0.15898,6904.25977341,1
1505544228,21540878,0.16159,362.75091280,1
1505544227,21540877,0.15994,406.84570000,0
1505544227,21540876,0.15981,8357.61977825,0
1505544227,21540874,0.15959,2034.22848000,0
1505544225,21540873,0.15957,1322.62270000,0
1505544197,21540852,0.15858,3203.91397000,1
1505544040,21540718,0.15978,4291.00000000,0
1505544038,21540717,0.15977,13349.50282600,0
1505544033,21540706,0.15865,1322.34680000,1
1505544017,21540690,0.15662,800.00000000,1
1505544017,21540689,0.15662,307.05675947,1
1505544015,21540688,0.15823,325.61085987,1
1505544015,21540687,0.15865,67.33238066,1
1505544013,21540682,0.15821,340.00000000,0
1505544012,21540680,0.15651,1265.37965124,1
1505544011,21540678,0.15662,1587.41123000,0
1505544011,21540676,0.15662,6120.20000000,0
1505544011,21540675,0.15850,1803.59432176,1
1505544010,21540674,0.15858,13756.89205000,1
1505544010,21540673,0.15858,15822.83533700,0
1505544010,21540672,0.15863,7923.20483000,0
1505544008,21540670,0.15865,2507.48258000,1
1505543981,21540656,0.15855,800.00000000,0
1505543972,21540649,0.15850,312.15998000,1
1505543970,21540648,0.15938,13687.84002000,1
1505543923,21540618,0.15997,257.16696880,0
1505543877,21540583,0.15999,1415.33687500,0
1505543877,21540581,0.15997,1316.89440000,0
1505543635,21540267,0.15999,1266.65000042,0
1505543582,21540219,0.16014,1266.65000000,1
1505543579,21540217,0.15995,3981.32620000,0
1505543544,21540190,0.15997,623.55829218,0
1505543488,21540146,0.15939,10936.43360637,1
1505543477,21540131,0.15939,4473.46121927,0
1505543475,21540130,0.15999,526.53878073,1
1505543449,21540095,0.16000,8814.81901400,1
1505543426,21540067,0.16000,117.00000100,1
1505543196,21539934,0.16066,486.44136115,0
1505543185,21539916,0.16061,198.37226640,0
1505543184,21539913,0.16000,578.41441779,1
1505543183,21539912,0.16062,2777.02534791,0
1505543182,21539910,0.16063,313.86679920,0
1505543174,21539896,0.16066,653.56243787,0
1505543172,21539892,0.16066,1399.29600000,0
1505543170,21539884,0.16068,435.57405566,0
1505543164,21539858,0.15999,526.53392053,0
1505543162,21539850,0.15999,563.37100000,0
1505543160,21539841,0.16000,1298.87993503,0
1505543160,21539838,0.15939,800.00000000,0
1505543156,21539833,0.16000,995.16321624,1
1505543156,21539832,0.16000,3251.30134000,1
1505543156,21539831,0.16000,468.85087576,1
1505543140,21539791,0.16070,1382.51400100,1
1505543121,21539762,0.16070,834.97199800,1
1505543113,21539743,0.16070,1382.51400100,1
1505543092,21539679,0.16070,800.00000000,1
1505543092,21539678,0.16070,600.00000000,1
1505543087,21539662,0.16096,180.50869781,1
1505543087,21539661,0.16096,1773.50619968,1
1505543085,21539639,0.16096,2.41446383,1
1505543085,21539638,0.16096,1784.23679561,1
1505543026,21539263,0.16109,340.00000000,0
1505542973,21539060,0.16152,1484.96915300,1
1505542952,21538995,0.16204,12496.70166000,1
1505542936,21538959,0.16202,3519.46632700,1
1505542678,21538688,0.16271,47.21012845,0
1505542516,21538463,0.16272,1532.55008604,0
1505542504,21538436,0.16100,5045.35096600,0
1505542502,21538432,0.16096,1605.35641328,0
1505542491,21538417,0.16097,732.73736577,1
1505542491,21538416,0.16097,9771.81765000,0
1505542490,21538413,0.16098,1323.79395826,0
1505542488,21538411,0.16097,6006.00778500,0
1505542375,21538188,0.16097,539.62500000,0
1505542370,21538173,0.16097,922.49200000,0
1505542342,21538014,0.16001,126.74529621,1
1505542342,21538012,0.16004,3479.90000000,1
1505542278,21537841,0.16001,869.87100000,1
1505542278,21537838,0.16001,1130.12900000,1
1505542277,21537821,0.16100,2000.00000000,1
1505542276,21537817,0.16100,2000.00000000,1
1505542273,21537813,0.16101,2000.00000000,1
1505542273,21537812,0.16101,456.07948377,1
1505542272,21537811,0.16102,415.55750923,1
1505542272,21537809,0.16102,1401.28425500,1
1505542271,21537807,0.16102,2000.00000000,1
1505542268,21537794,0.16102,1826.71272577,1
1505542265,21537780,0.16105,410.34198500,1
1505542258,21537751,0.16105,2294.59090500,1
1505542256,21537740,0.16106,10624.43896000,1
1505542251,21537708,0.16104,2173.22973784,1
1505542251,21537706,0.16114,361.63304816,1
1505542222,21537605,0.16114,231.12946347,1
1505542195,21537573,0.16188,1232.40202619,0
1505542079,21537364,0.16118,1324.00000000,1
1505541956,21537110,0.16222,393.35470379,0
1505541828,21536967,0.16153,99.54500000,1
1505541828,21536966,0.16173,0.45500000,1
1505541675,21536862,0.16255,717.58500000,0
1505541658,21536841,0.16220,688.04248275,1
1505541658,21536840,0.16220,55.73968725,1
1505541650,21536826,0.16193,1087.23031275,0
1505541649,21536823,0.16193,901.77518450,0
1505541649,21536822,0.16193,1989.77193850,0
1505541643,21536813,0.16263,2891.54712365,0
1505541643,21536811,0.16227,1869.80123700,0
1505541643,21536810,0.16222,1034.65163935,0
1505541641,21536804,0.16193,340.00000000,0
1505541552,21536680,0.16226,965.34836065,1
1505541505,21536636,0.16150,650.00000000,0
1505541379,21536508,0.16119,252.66239700,1
1505541367,21536486,0.16289,1895.07762161,0
1505541367,21536485,0.16282,864.46284000,0
1505541366,21536484,0.16280,11919.75036000,1
1505541366,21536483,0.16222,400.12642000,0
1505541366,21536482,0.16212,4322.31418000,0
1505541365,21536478,0.16200,598.26857839,0
1505541312,21536425,0.16114,1161.50610000,0
1505541286,21536388,0.16199,1481.63445285,0
1505541285,21536386,0.16069,7809.74668946,1
1505541285,21536385,0.16100,2001.43481054,1
1505541284,21536380,0.16111,188.81850000,1
1505541279,21536356,0.16199,31.99965000,0
1505541278,21536354,0.16199,880.86796108,0
1505541275,21536347,0.16200,689.05742161,0
1505541273,21536343,0.16111,410.43150000,1
1505541251,21536292,0.16200,712.67400000,0
1505540999,21535874,0.16174,1031.56408900,0
1505540996,21535872,0.16177,1983.26911000,0
1505540922,21535782,0.16111,172.22835000,1
1505540909,21535754,0.16137,1617.13884000,1
1505540896,21535740,0.16137,700.00000000,1
1505540854,21535696,0.16131,700.00000000,1
1505540788,21535637,0.16101,5422.22383305,1
1505540788,21535636,0.16143,3198.55501000,1
1505540788,21535635,0.16199,714.94624495,1
1505540681,21535481,0.16200,1321.19205298,1
1505540635,21535438,0.16200,568.69460000,1
1505540434,21535133,0.16300,7681.05239263,0
1505540434,21535132,0.16299,102.38144171,0
1505540432,21535130,0.16270,1286.00000003,0
1505540424,21535121,0.16216,1544.11000000,1
1505540407,21535091,0.16248,100.00000000,0
1505540407,21535090,0.16238,207.00000000,0
1505540357,21535007,0.16240,4258.26109000,0
1505540357,21535006,0.16240,9429.57893000,0
1505540357,21535005,0.16239,4258.26109000,0
1505540174,21534779,0.16200,423.78810594,0
1505540169,21534770,0.16199,148.15226490,0
1505540168,21534762,0.16199,714.47019700,0
1505540163,21534748,0.16199,423.99576925,0
1505540162,21534737,0.16199,0.71034730,1
1505540159,21534730,0.16199,1287.26192975,1
1505540158,21534723,0.16199,1287.26200000,0
1505540133,21534687,0.16199,1286.98680000,0
1505540123,21534670,0.16199,1245.04829620,0
1505540114,21534641,0.16200,424.00000000,1
1505540104,21534606,0.16237,2177.96527212,0
1505540104,21534604,0.16230,347.22063188,0
1505540101,21534600,0.16229,1303.40430000,0
1505540079,21534579,0.16230,1160.22304374,0
1505540077,21534578,0.16229,1304.42910000,0
1505540015,21534477,0.16230,1775.62737500,0
1505539992,21534455,0.16230,1759.42127200,0
1505539973,21534448,0.16230,711.39600000,0
1505539971,21534445,0.16230,1001.09000000,0
1505539833,21534315,0.16229,32.08441678,0
1505539723,21534211,0.16227,217.95105688,1
1505539722,21534201,0.16228,3000.00000000,0
1505539668,21534068,0.16227,182.04894312,1
1505539667,21534066,0.16228,620.65565688,1
1505539652,21534017,0.16230,1236.97990289,0
1505539650,21534013,0.16229,1836.08455087,0
1505539641,21533981,0.16229,4062.88421441,0
1505539567,21533854,0.16230,1822.06888478,0
1505539565,21533849,0.16228,2357.54530000,0
1505539546,21533808,0.16230,185.97288971,0
1505539545,21533806,0.16227,207.00000000,1
1505539544,21533805,0.16227,953.22959000,0
1505539403,21533555,0.16160,605.20476000,1
1505539390,21533534,0.16160,1436.59127000,1
1505539383,21533519,0.16227,1508.15806200,0
1505539383,21533518,0.16227,54.43444800,0
1505539378,21533510,0.16162,1436.59127000,0
1505539364,21533475,0.16227,60.48272000,1
1505539351,21533445,0.16166,1020.36194000,1
1505539337,21533394,0.16200,114.00000000,1
1505539324,21533368,0.16161,1202.34295000,1
1505539311,21533358,0.16146,1227.24238000,1
1505539298,21533349,0.16150,500.00000000,1
1505539284,21533336,0.16200,46.53579000,1
1505539271,21533332,0.16200,224.46421000,1
1505539267,21533329,0.16200,229.00000000,0
1505539232,21533299,0.16119,835.84420000,1
1505539231,21533297,0.16121,500.00000000,1
1505539218,21533293,0.16111,185.24099000,1
1505539205,21533275,0.16111,500.00000000,1
1505539186,21533263,0.16200,71.00000000,0
1505539165,21533226,0.16101,956.76244000,1
1505539154,21533203,0.16100,0.00010503,0
1505539153,21533198,0.16100,1999.99989497,0
1505539143,21533178,0.16103,467.13294000,0
1505539119,21533121,0.16191,650.00000000,0
1505539113,21533099,0.16102,1132.53220000,1
1505539074,21532981,0.16100,2000.00000000,1
1505539074,21532979,0.16100,1350.27992939,1
1505539073,21532978,0.16100,385.67662000,1
1505539066,21532952,0.16077,264.04345061,0
1505539060,21532912,0.16077,924.29846939,1
1505539059,21532903,0.16077,1188.34192000,1
1505539048,21532824,0.16077,1171.68900786,0
1505539047,21532817,0.16077,5638.51339242,0
1505539046,21532805,0.16077,1768.35240400,0
1505539044,21532794,0.16077,3560.21162150,0
1505539028,21532714,0.16077,599.95770767,0
1505539028,21532713,0.16076,2336.35431000,0
1505539028,21532712,0.16076,1087.44410680,0
1505539028,21532711,0.16021,11.88195653,0
1505539024,21532694,0.16021,158.82488347,0
1505539006,21532614,0.16025,513.00115000,1
1505539006,21532611,0.16030,557.17900000,1
1505538992,21532540,0.16000,1589.00998322,0
1505538992,21532537,0.16000,700.18803025,0
1505538986,21532526,0.16074,3366.69954700,0
1505538981,21532494,0.15986,1134.59050000,1
1505538968,21532424,0.15979,474.23302000,1
1505538929,21532341,0.16065,660.31571739,0
1505538876,21532162,0.16000,1798.24458000,0
1505538861,21532124,0.16000,638.16000000,1
1505538847,21532065,0.15930,1566.98570000,1
1505538834,21532024,0.16000,311.71875000,0
1505538826,21532008,0.16000,29.19945000,1
1505538819,21531979,0.16000,311.71875000,1
1505538811,21531944,0.16001,1470.56643275,1
1505538810,21531938,0.16000,725.20925000,1
1505538810,21531937,0.16000,311.71875000,1
1505538696,21531500,0.16064,2000.00000000,0
1505538591,21531311,0.16001,1129.26422600,1
1505538590,21531310,0.16002,2353.37377400,1
1505538418,21531149,0.16000,2000.00000000,0
1505538410,21531133,0.15999,1321.79790000,0
1505538397,21531095,0.15998,1423.55928275,0
1505538396,21531094,0.16020,0.99950025,1
1505538341,21531002,0.16020,1999.00049975,0
1505538336,21530981,0.16013,401.77832636,1
1505538335,21530973,0.16011,4704.85416277,1
1505538334,21530971,0.16020,92.40911619,1
1505538334,21530964,0.16020,97.36538000,1
1505538333,21530960,0.16020,1810.22550381,1
1505538320,21530900,0.16007,115.68163000,1
1505538155,21530627,0.16074,443.00000000,0
1505538153,21530626,0.16038,207.00000000,0
1505538105,21530600,0.16001,1612.00379990,1
1505537999,21530481,0.15971,63.46422000,1
1505537986,21530470,0.16000,4974.00243750,1
1505537980,21530462,0.16000,44.51259000,0
1505537964,21530456,0.16000,1954.64249000,1
1505537960,21530452,0.16000,45.35751000,1
1505537946,21530445,0.15963,53.89011000,1
1505537933,21530434,0.15961,79.99481000,1
1505537920,21530418,0.15954,57.13382000,1
1505537907,21530407,0.16000,57.13382000,1
1505537894,21530399,0.15950,163.83975000,1
1505537891,21530394,0.16077,1087.92019655,0
1505537890,21530392,0.16076,2014.48234000,0
1505537881,21530388,0.15950,157.34658000,1
1505537859,21530375,0.15950,141.71340000,1
1505537836,21530365,0.16000,174.95480000,1
1505537560,21530252,0.16000,2844.76669500,1
1505537558,21530251,0.16000,220.55356000,1
1505537528,21530211,0.15999,566.91027000,0
1505537526,21530208,0.16000,4863.95738800,1
1505537526,21530206,0.15999,566.91027000,0
1505537525,21530202,0.15997,11460.98289300,0
1505537525,21530200,0.15997,2435.23944700,0
1505537237,21530034,0.15933,1298.78460000,0
1505537223,21530028,0.15934,244.54823400,0
1505537211,21530021,0.15917,288.30378000,1
1505537199,21529999,0.15917,271.72026000,1
1505537102,21529903,0.15996,749.18729682,0
1505537096,21529900,0.15996,2194.89328582,0
1505537096,21529899,0.15995,1324.83410000,0
1505537094,21529898,0.15991,2717.80000000,0
1505537030,21529849,0.15928,1150.01140000,0
1505537030,21529848,0.15925,152.00000000,0
1505537017,21529841,0.15920,2000.00000000,1
1505536998,21529818,0.15925,1320.26000000,0
1505536962,21529795,0.15917,1318.78320000,0
1505536903,21529756,0.15920,1320.51680000,0
1505536871,21529749,0.15920,570.14672445,0
1505536816,21529677,0.15916,152.96469000,1
1505536807,21529673,0.15916,1324.00140000,1
1505536804,21529671,0.15916,130.99404000,0
1505536785,21529658,0.15914,105.68807000,1
1505536772,21529651,0.15916,766.61715410,0
1505536772,21529650,0.15916,12.17684590,0
1505536763,21529643,0.15914,110.07341000,1
1505536759,21529640,0.15914,137.52300000,1
1505536752,21529637,0.15915,503.25518987,0
1505536750,21529633,0.15915,300.00000000,0
1505536747,21529625,0.15915,141.73245293,0
1505536738,21529610,0.15914,157.48050000,1
1505536735,21529609,0.15914,88.99614000,1
1505536724,21529596,0.15916,0.92950000,0
1505536723,21529595,0.15915,1334.06050000,0
1505536719,21529593,0.15914,175.25412000,1
1505536711,21529578,0.15915,1126.52000000,0
1505536706,21529575,0.15914,178.82344000,1
1505536696,21529570,0.15916,117.95711310,0
1505536693,21529566,0.15914,200.60020000,1
1505536684,21529562,0.15916,0.93100000,0
1505536683,21529561,0.15915,1335.33900000,0
1505536679,21529557,0.15914,250.62493000,1
1505536672,21529553,0.15916,1187.95013100,0
1505536667,21529546,0.15914,299.62559000,1
1505536665,21529542,0.15916,1258.29000000,0
1505536662,21529541,0.15916,0.91820000,0
1505536661,21529540,0.15914,1318.08180000,0
1505536653,21529531,0.15859,287.75106000,1
1505536649,21529528,0.15912,1188.57195000,0
1505536645,21529527,0.15860,341.88244000,0
1505536640,21529506,0.15916,1689.57000000,0
1505536639,21529505,0.15916,3238.14000000,0
1505536637,21529501,0.15913,915.62279868,0
1505536637,21529494,0.15914,406.46850132,1
1505536631,21529458,0.15914,4491.92129400,0
1505536630,21529456,0.15860,406.19696000,1
1505536620,21529429,0.15916,252.50440000,0
1505536620,21529428,0.15916,1683.93000000,0
1505536618,21529410,0.15916,470.19300000,0
1505536617,21529405,0.15861,406.19696000,1
1505536613,21529397,0.15916,625.17300000,0
1505536608,21529386,0.15916,1681.30000000,0
1505536603,21529380,0.15915,300.00000000,1
1505536603,21529378,0.15915,1316.03820000,0
1505536595,21529370,0.15916,625.17300000,0
1505536594,21529367,0.15916,1121.36790000,0
1505536593,21529366,0.15915,560.24210000,0
1505536592,21529362,0.15914,504.21789000,0
1505536581,21529349,0.15903,180.00000000,1
1505536579,21529348,0.15914,381.09210000,0
1505536579,21529347,0.15904,1303.35790000,0
1505536578,21529346,0.15905,621.87200000,0
1505536547,21529332,0.15857,120.67578000,1
1505536508,21529321,0.15857,464.61157000,1
1505536492,21529307,0.15914,6874.42932900,0
1505536492,21529306,0.15913,922.28726000,0
1505536492,21529305,0.15910,54.00000000,0
1505536487,21529300,0.15857,936.76044000,1
1505536474,21529292,0.15865,83.09960000,1
1505536473,21529291,0.15838,8.30996000,0
1505536473,21529290,0.15837,400.04838000,0
1505536473,21529288,0.15837,3600.43542000,0
1505536462,21529287,0.15838,74.78964000,0
1505536418,21529256,0.15813,708.62296000,1
1505536393,21529238,0.15798,1368.94345000,1
1505536390,21529233,0.15909,1368.94344992,0
1505536390,21529232,0.15893,632.93147208,0
1505536390,21529230,0.15892,1324.80200000,0
1505536251,21529126,0.15894,1340.24390000,0
1505535748,21528768,0.15738,459.00000000,1
1505535734,21528763,0.15733,459.00000000,1
1505535709,21528741,0.15785,1417.57860600,0
1505535709,21528740,0.15776,152.00000000,0
1505535699,21528728,0.15786,118.00000000,1
1505535396,21528469,0.15747,4821.79274000,1
1505534626,21528089,0.15660,863.00000000,1
1505534440,21528050,0.15627,152.00000000,0
1505534439,21528049,0.15626,4079.45860000,0
1505534333,21527981,0.15609,658.06995000,1
1505534326,21527960,0.15699,2320.00000000,0
1505534306,21527918,0.15654,1000.00000000,1
1505534279,21527896,0.15713,2000.00000000,0
1505533733,21527623,0.15753,632.93147208,0
1505533220,21527415,0.15603,262.00000000,0
1505532181,21526923,0.15642,42.21640455,0
1505532119,21526904,0.15568,262.00000000,0
1505532116,21526903,0.15567,3917.02020000,0
1505532107,21526899,0.15567,146.70000000,0
1505531504,21526589,0.15652,172.90731500,1
1505531469,21526579,0.15648,134.10000000,1
1505531458,21526573,0.15647,67.50000000,1
1505531393,21526525,0.15637,1786.59868500,1
1505531389,21526522,0.15635,6741.41318500,1
1505531168,21526394,0.15613,279.67400000,1
1505531161,21526380,0.15915,33933.78977907,0
1505531160,21526379,0.15915,304.30800000,1
1505531160,21526377,0.15910,380.20846627,0
1505531160,21526375,0.15744,11838.05661000,0
1505531159,21526374,0.15743,755.69872000,0
1505531159,21526373,0.15743,4033.81570000,1
1505531159,21526372,0.15719,4035.80370000,0
1505531159,21526371,0.15719,3778.49361000,0
1505531157,21526370,0.15717,10477.00900000,0
1505530812,21526217,0.15600,229.16311741,1
1505530590,21526040,0.15668,7759.96431000,1
1505530244,21525707,0.15718,760.38805872,0
1505530234,21525701,0.15717,1341.40690000,0
1505530191,21525655,0.15690,9493.25927000,1
1505530191,21525654,0.15690,1322.96170000,1
1505530191,21525653,0.15688,4089.83259000,0
1505530087,21525508,0.15697,2183.17250000,0
1505530048,21525419,0.15715,4059.80000000,0
1505530047,21525409,0.15714,366.00200000,0
1505529997,21525313,0.15664,1232.72000000,0
1505529997,21525312,0.15658,84.00000000,0
1505529987,21525299,0.15712,405.10812290,1
1505529984,21525293,0.15718,2488.63104296,1
1505529981,21525287,0.15718,484.23667134,1
1505529980,21525277,0.15718,567.61618102,1
1505529977,21525269,0.15718,567.61618102,1
1505529973,21525263,0.15718,891.89992366,1
1505529922,21525216,0.15720,2678.70000000,1
1505529909,21525199,0.15719,569.80781221,1
1505529895,21525190,0.15720,5027.98975827,1
1505529872,21525166,0.15724,1315.71400000,0
1505529799,21525129,0.15721,1317.26810000,1
1505529740,21525100,0.15723,1344.86510000,0
1505529622,21525030,0.15733,1022.28680300,1
1505529609,21525013,0.15733,1403.83221200,1
1505529215,21524678,0.15760,1820.33962200,1
1505528701,21524291,0.15786,1091.24659765,1
1505528700,21524290,0.15791,362.48074185,1
1505528500,21524017,0.15811,235.27180000,0
1505528487,21523998,0.15812,235.27180000,1
1505528448,21523940,0.15802,1087.00000000,1
1505528422,21523896,0.15793,361.89526000,1
1505528409,21523875,0.15786,84.00000000,1
1505528408,21523871,0.15786,193.89528156,0
1505528408,21523869,0.15786,84.00000000,0
1505528407,21523867,0.15786,1030.19301844,0
1505528369,21523818,0.15841,1232.31572000,1
1505528356,21523808,0.15837,208.42458000,1
1505528341,21523798,0.15831,208.42458000,1
1505528285,21523766,0.15909,683.99440568,0
1505528263,21523748,0.15831,494.90318000,1
1505528182,21523676,0.15833,81.69487000,1
1505528109,21523630,0.15909,1304.78855303,0
1505527972,21523563,0.15806,334.36519000,1
1505527907,21523492,0.15772,72.65346000,1
1505527894,21523481,0.15768,72.65346000,1
1505527878,21523438,0.15759,334.36519060,1
1505527878,21523437,0.15785,321.63480940,1
1505527868,21523430,0.15785,335.98506612,0
1505527866,21523423,0.15785,657.15280329,0
1505527866,21523419,0.15785,666.19749459,0
1505527857,21523410,0.15785,182.89036600,0
1505527856,21523409,0.15784,1334.58800000,0
1505527761,21523313,0.15783,2102.03889000,1
1505527737,21523298,0.15776,72.65346000,1
1505527704,21523276,0.15862,328.57842923,0
1505527701,21523270,0.15862,328.57842923,0
1505527494,21523005,0.15732,1963.65680000,1
1505527413,21522948,0.15910,2467.59493402,0
1505527413,21522947,0.15908,440.70351598,0
1505527413,21522945,0.15906,3508.20000000,0
1505527406,21522935,0.15907,6341.61237000,0
1505527406,21522934,0.15907,305.19033000,0
1505527406,21522933,0.15907,1525.95166000,0
1505527406,21522932,0.15905,13116.17606000,0
1505527397,21522922,0.15831,755.37346360,0
1505527394,21522921,0.15915,30435.71687087,1
1505527394,21522920,0.15836,14037.50041000,0
1505527393,21522918,0.15832,376.77819000,0
1505527393,21522916,0.15780,4052.77090000,0
1505527391,21522914,0.15779,1883.89093000,0
1505527345,21522896,0.15718,723.12777700,0
1505527333,21522892,0.15721,722.83530800,0
1505527322,21522888,0.15723,723.25126200,0
1505527313,21522882,0.15708,84.00000000,0
1505527020,21522733,0.15793,2730.13837845,0
1505527020,21522732,0.15773,2238.28626000,0
1505527019,21522731,0.15772,1352.17180000,0
1505526572,21522280,0.15714,1327.04987000,1
1505526480,21522224,0.15700,2397.06837000,1
1505526470,21522197,0.15724,132.53645817,0
1505526468,21522184,0.15724,467.54842948,0
1505526467,21522182,0.15724,721.30000000,1
1505526451,21522142,0.15723,2567.49413000,1
1505526374,21522019,0.15713,2037.49252000,1
1505526349,21521982,0.15705,60.00000000,1
1505526173,21521793,0.15635,60.00000000,1
1505526036,21521736,0.15833,35.65598389,1
1505526035,21521735,0.15833,395.33865000,0
1505526031,21521734,0.15673,6.63675500,0
1505526031,21521732,0.15673,1320.71424500,0
1505526023,21521725,0.15674,672.74800000,0
1505526015,21521722,0.15675,152.10000000,0
1505525834,21521563,0.15673,50.00000000,1
1505525087,21521135,0.15821,232.68623980,0
1505525086,21521134,0.15777,2874.80608368,0
1505525086,21521133,0.15768,0.00000467,0
1505525084,21521132,0.15767,1318.46840000,0
1505525020,21521099,0.15768,834.35225533,1
1505524989,21521056,0.15768,1898.19575000,1
1505524984,21521032,0.15769,1216.45000000,0
1505524983,21521029,0.15773,1320.35210000,1
1505524982,21521023,0.15771,653.17050600,0
1505524982,21521021,0.15771,1536.46328400,0
1505524982,21521019,0.15770,1338.34280000,0
1505524980,21521011,0.15769,1314.77279804,0
1505524977,21521001,0.15678,1330.68950000,1
1505524974,21520997,0.15678,858.94429000,1
1505524861,21520967,0.15765,1245.93000000,0
1505524840,21520962,0.15718,103.09283400,0
1505524840,21520960,0.15692,169.00000000,0
1505524789,21520945,0.15765,100.00000000,0
1505524332,21520794,0.15762,1318.91670000,1
1505523865,21520491,0.15648,1169.94239000,1
1505523852,21520489,0.15647,1169.94239000,1
1505523827,21520485,0.15644,2697.03645000,1
1505523759,21520405,0.15682,2685.42869000,0
1505523743,21520372,0.15682,58.15514000,1
1505523664,21520336,0.15736,1328.36000000,1
1505523643,21520311,0.15680,363.04684000,1
1505523632,21520282,0.15725,416.43554000,0
1505523632,21520281,0.15680,362.90746000,0
1505523626,21520274,0.15666,169.00000000,0
1505523603,21520247,0.15680,147.63885203,0
1505523603,21520246,0.15680,1696.28172797,1
1505523600,21520242,0.15680,147.63885000,1
1505523591,21520220,0.15680,2318.35570000,0
1505523559,21520184,0.15675,295.51242000,1
1505523559,21520183,0.15675,375.00224000,1
1505523394,21520061,0.15765,849.52401300,0
1505523369,21520052,0.15750,1720.49795409,0
1505523340,21520019,0.15752,412.06126000,0
1505523320,21520002,0.15752,903.74940140,0
1505523104,21519879,0.15688,0.00000183,0
1505523103,21519873,0.15688,375.00223817,0
1505523103,21519872,0.15688,0.00000183,0
1505523072,21519842,0.15688,375.00223817,1
1505522855,21519731,0.15763,63.75000000,0
1505522652,21519562,0.15689,1323.80650000,0
1505522647,21519550,0.15689,374.93911747,1
1505522647,21519548,0.15710,306.31909217,1
1505522642,21519532,0.15690,0.03790783,0
1505522641,21519527,0.15690,0.00000043,0
1505522641,21519526,0.15689,940.52886357,0
1505522638,21519517,0.15689,406.78553643,0
1505522602,21519508,0.15689,1340.33640000,0
1505522533,21519491,0.15690,1277.16834174,1
1505522520,21519477,0.15690,1614.57195000,1
1505522507,21519472,0.15699,2452.16935577,1
1505522494,21519465,0.15699,355.00000000,1
1505522480,21519443,0.15699,355.00000000,1
1505522468,21519427,0.15699,252.90480000,1
1505522454,21519418,0.15699,607.90480000,1
1505522441,21519405,0.15699,0.51562329,1
1505522441,21519401,0.15699,4022.02970000,0
1505522437,21519394,0.15677,355.00000000,1
1505522427,21519385,0.15701,355.76238000,1
1505522418,21519373,0.15701,355.93775623,0
1505522415,21519362,0.15701,335.19737027,0
1505522405,21519345,0.15702,355.36114542,0
1505522360,21519311,0.15732,1260.57858434,1
1505522334,21519272,0.15666,1881.69480000,1
1505522289,21519218,0.15738,2081.72449768,0
1505522287,21519215,0.15739,2081.72456118,0
1505522131,21518932,0.15670,1313.47290000,1
1505522009,21518820,0.15652,2688.01808000,0
1505522007,21518816,0.15651,4059.42630000,1
1505521984,21518803,0.15650,487.86405300,0
1505521924,21518775,0.15693,175.36970197,0
1505521908,21518764,0.15694,765.30093000,1
1505521895,21518753,0.15693,1146.99525000,1
1505521882,21518742,0.15691,1205.35050000,1
1505521871,21518738,0.15690,6.02675255,0
1505521871,21518735,0.15690,1199.32375745,0
1505521864,21518728,0.15714,803.57998000,0
1505521864,21518727,0.15714,0.00000200,0
1505521861,21518724,0.15713,4027.42740000,0
1505521846,21518698,0.15714,803.57997800,1
1505521842,21518694,0.15777,81.74312843,0
1505521842,21518693,0.15775,7179.63683000,0
1505521335,21518399,0.15716,4034.38570000,1
1505521333,21518393,0.15717,802.08542000,0
1505521316,21518365,0.15717,1193.30487000,1
1505521249,21518312,0.15718,1325.89430000,0
1505521229,21518300,0.15714,1188.17373400,0
1505521228,21518299,0.15714,1024.88594600,0
1505521228,21518298,0.15691,503.00000000,0
1505521201,21518267,0.15766,545.08934000,1
1505521188,21518263,0.15766,823.74364000,1
1505521180,21518259,0.15766,1044.44672000,1
1505521150,21518241,0.15766,276.81372164,1
1505521143,21518237,0.15766,283.98398000,1
1505521129,21518231,0.15767,2974.01480017,0
1505521123,21518224,0.15713,2863.60226000,1
1505521109,21518205,0.15705,1328.43069000,1
1505521097,21518189,0.15777,1329.91400289,0
1505521097,21518188,0.15777,3153.35614400,0
1505521007,21518096,0.15780,483.93409000,0
1505521000,21518084,0.15781,2673.00000000,0
1505520807,21517834,0.15780,1654.86676800,0
1505520423,21517582,0.15785,37.00000000,0
1505520159,21517414,0.15787,85.00000000,1
1505520151,21517410,0.15791,3160.30886040,0
1505520151,21517409,0.15790,502.01078000,0
1505520151,21517408,0.15790,2510.05392000,0
1505520151,21517406,0.15765,224.56882000,0
1505520136,21517393,0.15787,759.10559320,0
1505520136,21517392,0.15787,139.33919320,0
1505520136,21517391,0.15787,619.76640000,0
1505520130,21517384,0.15787,3098.83200000,0
