date,tid,price,amount,type
1505606404,21611555,0.18000,4153.39803000,1
1505606404,21611554,0.18000,5499.60000000,0
1505606404,21611553,0.18030,24823.00000000,1
1505606404,21611552,0.18030,3938.81320000,0
1505606403,21611551,0.18050,831.10770000,1
1505606403,21611550,0.18050,4156.54607000,1
1505606403,21611543,0.18054,5499.60000000,0
1505606403,21611540,0.18054,5302.77800000,0
1505606403,21611539,0.18054,2542.15700000,0
1505606400,21611538,0.18054,158.00000000,1
1505605203,21611258,0.18328,65.29209600,0
1505605187,21611256,0.18206,3316.22158000,0
1505604994,21611130,0.18110,1358.35306657,1
1505604666,21611050,0.18127,3229.52830000,1
1505604666,21611049,0.18128,1931.33434000,1
1505604666,21611047,0.18128,2846.54120000,1
1505604452,21610921,0.18173,148.42018378,0
1505604136,21610789,0.18177,56.26062300,1
1505603825,21610735,0.18311,142.73300000,0
1505603403,21610571,0.18272,65.50648500,0
1505603381,21610566,0.18272,1265.89017826,1
1505603381,21610565,0.18272,626.27523650,1
1505603380,21610563,0.18272,789.81693302,1
1505603376,21610561,0.18273,1326.47007291,1
1505603374,21610559,0.18272,536.65313048,1
1505603287,21610544,0.18310,157.99994539,1
1505603283,21610541,0.18388,157.99995000,0
1505603271,21610536,0.18389,1772.14238517,0
1505603271,21610535,0.18388,303.17562000,0
1505603271,21610534,0.18367,1342.54006968,0
1505603271,21610533,0.18366,1515.87810000,0
1505603270,21610532,0.18310,158.00000000,0
1505603056,21610515,0.18204,56.26062300,1
1505602800,21610464,0.18085,288.75772000,1
1505602532,21610399,0.18341,420.33879840,0
1505602424,21610363,0.18359,1350.89130000,0
1505601604,21610095,0.18253,65.24227400,0
1505601180,21609950,0.18121,382.65099427,1
1505601180,21609949,0.18122,16713.30938000,1
1505601180,21609948,0.18285,1095.37872573,1
1505601178,21609947,0.18286,1485.66090000,1
1505601176,21609945,0.18364,0.00015321,1
1505601175,21609940,0.18364,161.48235679,1
1505601152,21609911,0.18367,8806.63440576,1
1505601152,21609910,0.18367,3266.72836900,1
1505601152,21609909,0.18367,1512.10180500,1
1505601151,21609906,0.18367,1339.24758216,1
1505601150,21609905,0.18367,5499.60000000,1
1505601149,21609904,0.18365,7445.59700000,0
1505601149,21609903,0.18364,5499.60000000,0
1505601149,21609902,0.18363,1340.97739698,0
1505601149,21609901,0.18363,538.86244000,0
1505601149,21609900,0.18359,51.73446600,0
1505601117,21609886,0.18369,0.00000200,1
1505601117,21609884,0.18369,51.70630800,0
1505601107,21609882,0.18286,242.38083780,1
1505601065,21609845,0.18286,471.30859675,1
1505600861,21609682,0.18285,175.00000000,1
1505600806,21609624,0.18350,0.00016348,1
1505600805,21609619,0.18384,51.66412900,0
1505600804,21609618,0.18350,550.99983652,1
1505600762,21609574,0.18383,132.42566000,0
1505600753,21609554,0.18300,200.00000000,0
1505600537,21609332,0.18183,56.26062300,1
1505600485,21609293,0.18382,484.97135000,0
1505600470,21609280,0.18386,25.44355000,0
1505600463,21609271,0.18388,3698.52684408,0
1505600463,21609268,0.18320,35.00000000,0
1505600463,21609267,0.18320,264.76469622,1
1505600463,21609266,0.18310,35.00000000,0
1505600463,21609265,0.18310,35.00000000,0
1505600462,21609264,0.18309,39.52526098,0
1505600462,21609262,0.18308,1216.92067000,0
1505600462,21609261,0.18300,972.70765027,0
1505600461,21609260,0.18295,243.38413000,0
1505600457,21609252,0.18250,282.56043836,0
1505600457,21609251,0.18250,127.21731507,0
1505600457,21609250,0.18250,263.44096422,0
1505600444,21609224,0.18249,283.88428000,0
1505600440,21609212,0.18249,79.80395389,1
1505600436,21609194,0.18250,282.56047540,1
1505600436,21609188,0.18253,1.32382405,1
1505600434,21609174,0.18253,263.44098510,1
1505600424,21609145,0.18253,229.72837342,1
1505600418,21609123,0.18276,52.56358000,0
1505600407,21609093,0.18253,301.09494330,1
1505600405,21609079,0.18276,301.43642000,0
1505600405,21609074,0.18253,331.00000000,1
1505600392,21609034,0.18250,1217.99449460,0
1505600390,21609028,0.18250,282.56047128,0
1505600382,21609003,0.18250,1164.81719842,0
1505600382,21609000,0.18249,894.89538000,0
1505600376,21608975,0.18250,974.18794126,0
1505600368,21608945,0.18250,2136.62501000,0
1505600368,21608944,0.18249,1853.37499000,0
1505600364,21608926,0.18249,1265.99165582,0
1505600363,21608922,0.18249,502.56952800,0
1505600343,21608875,0.18249,639.65987658,0
1505600337,21608838,0.18250,639.62482673,0
1505600332,21608798,0.18250,969.68392437,0
1505600326,21608761,0.18249,968.55066021,0
1505600322,21608725,0.18248,566.00000000,1
1505600260,21608635,0.18236,3534.27609000,0
1505600247,21608598,0.18214,84.83538000,0
1505600237,21608542,0.18187,695.38828790,0
1505599975,21608404,0.18187,967.56168433,0
1505599803,21608277,0.18183,65.83072100,0
1505599509,21608179,0.18181,354.00000000,0
1505599477,21608147,0.18175,4375.25306000,0
1505599457,21608124,0.18118,3.82658000,1
1505599457,21608123,0.18122,52.43404300,1
1505599306,21608070,0.18118,354.00000000,0
1505598853,21607879,0.18184,100.00000000,0
1505598112,21607456,0.18184,0.00005045,1
1505598110,21607454,0.18184,1214.37269955,1
1505598110,21607451,0.18184,0.00000472,1
1505598107,21607449,0.18184,1214.37274528,0
1505598082,21607412,0.18184,0.00000486,0
1505598082,21607411,0.18184,2020.12384514,0
1505598050,21607386,0.18184,1976.08817163,0
1505598050,21607385,0.18184,2017.78030137,0
1505598003,21607337,0.18104,65.83072100,0
1505597975,21607319,0.18187,0.00000125,1
1505597973,21607311,0.18187,1161.06433875,0
1505597811,21607197,0.18049,6398.72690000,1
1505597811,21607196,0.18049,3601.27310000,1
1505597411,21606899,0.18119,82.57955737,0
1505597404,21606898,0.18000,9495.77438040,0
1505597404,21606897,0.18000,3077.59924411,0
1505597382,21606894,0.18000,30899.24433333,0
1505597317,21606875,0.17999,2192.28912900,0
1505597309,21606874,0.18000,8974.53293915,0
1505597308,21606873,0.18017,3714.64448000,1
1505597308,21606872,0.18018,3334.33490000,1
1505597046,21606807,0.18001,3404.56500000,1
1505596956,21606773,0.18000,544.67425384,0
1505596939,21606758,0.18001,3941.69780300,1
1505596936,21606751,0.18001,56.58119700,1
1505596899,21606726,0.18000,1083.59588231,0
1505596899,21606725,0.18000,505.84411769,0
1505596879,21606720,0.18000,1466.72604300,0
1505596869,21606707,0.18000,1116.42560100,0
1505596861,21606703,0.18000,1377.72604300,0
1505596861,21606702,0.17970,89.00000000,0
1505596840,21606689,0.18000,1769.75250400,0
1505596831,21606681,0.18000,539.48072726,0
1505596826,21606674,0.18000,2838.25885800,0
1505596825,21606673,0.18000,4750.09882900,0
1505596825,21606672,0.18000,3769.63672700,0
1505596825,21606671,0.18000,1137.77572800,0
1505596825,21606670,0.18000,1466.72604300,0
1505596692,21606622,0.17998,1028.38687632,0
1505596589,21606591,0.17998,1822.24600000,0
1505596589,21606590,0.17998,1577.62770100,0
1505596509,21606540,0.17998,8495.72747400,0
1505596500,21606526,0.18002,4566.39103000,1
1505596500,21606525,0.18004,1365.15240000,1
1505596500,21606523,0.18005,16751.32011000,1
1505596488,21606516,0.18000,2186.76127800,0
1505596488,21606515,0.18000,6308.96619600,0
1505596485,21606512,0.18000,1000.04690600,0
1505596464,21606502,0.17999,1118.26600000,0
1505596463,21606501,0.17999,845.27800000,0
1505596460,21606496,0.17999,1118.26600000,0
1505596442,21606491,0.17999,1158.57606500,0
1505596423,21606485,0.17999,1921.85693649,0
1505596203,21606338,0.18000,66.50000000,0
1505596110,21606295,0.18000,1053.87700000,0
1505596109,21606294,0.18000,2347.92054200,0
1505596109,21606293,0.17999,1361.24866600,0
1505596109,21606292,0.17999,3440.26415400,0
1505596089,21606281,0.17999,1031.15103100,0
1505596089,21606280,0.17998,14367.40532000,0
1505596041,21606167,0.17998,2416.75202600,0
1505596020,21606107,0.17959,84.83538000,1
1505596019,21606106,0.18000,9495.77438040,0
1505596019,21606105,0.18000,5000.00000000,1
1505596019,21606103,0.18010,1543.00000000,1
1505596019,21606102,0.18011,1787.41780000,1
1505595968,21606056,0.18011,1857.15388137,1
1505595856,21605973,0.18012,57.06896600,1
1505595842,21605955,0.18012,1158.57606500,1
1505595722,21605871,0.18021,1158.57606500,1
1505595439,21605780,0.18171,2391.69166253,0
1505594641,21605465,0.18180,397.79537954,0
1505594403,21605341,0.18094,65.85245100,0
1505594231,21605232,0.18010,16112.48428500,1
1505594231,21605231,0.18033,634.86460000,1
1505594231,21605230,0.18034,3174.23695000,1
1505594230,21605229,0.18035,2634.55250000,1
1505594230,21605228,0.18133,0.16166500,1
1505594173,21605223,0.18133,2403.00000000,1
1505594097,21605196,0.18133,1205.74577000,1
1505594092,21605194,0.18133,1044.09256500,1
1505594091,21605192,0.18134,1359.06910000,1
1505594040,21605172,0.18134,3488.30695000,1
1505594040,21605171,0.18135,2464.08139000,1
1505594040,21605170,0.18136,1728.30880000,1
1505593648,21605031,0.18201,27.44079996,0
1505593537,21604988,0.18100,110.00000000,0
1505593537,21604987,0.18071,87.00000000,0
1505593337,21604923,0.18080,56.90544400,1
1505592850,21604647,0.18257,5892.83175679,0
1505592603,21604550,0.18289,65.44917700,0
1505592337,21604490,0.18271,5085.67992189,0
1505592274,21604464,0.18280,27.32221007,0
1505592257,21604445,0.18110,56.74285700,1
1505592227,21604437,0.18288,27.31025809,0
1505592212,21604426,0.18100,19.05516600,1
1505592210,21604425,0.18123,2804.62835000,1
1505592061,21604386,0.18295,5.41503142,0
1505592061,21604385,0.18250,50.00000000,0
1505592059,21604383,0.18225,87.00000000,0
1505592000,21604351,0.18149,543.37860000,1
1505591233,21604029,0.18285,16.93191140,0
1505591231,21604028,0.18219,10.42045293,0
1505591230,21604027,0.18097,1200.00000000,1
1505591222,21604016,0.18219,27.41368901,0
1505591152,21603939,0.18175,717.21438955,0
1505591152,21603938,0.18131,1082.78561045,0
1505591147,21603921,0.18131,27.54674315,0
1505591079,21603803,0.18082,27.62139144,0
1505590993,21603751,0.18023,150.00000000,1
1505590803,21603621,0.18131,66.00496300,0
1505590801,21603617,0.18012,197.86938187,1
1505590801,21603614,0.18012,318.41435813,1
1505590795,21603601,0.18012,1923.84120500,1
1505590788,21603589,0.18012,757.74443687,1
1505590788,21603587,0.18014,1923.84120513,1
1505590785,21603583,0.18014,612.35557487,1
1505590784,21603582,0.18016,27.72257993,0
1505590783,21603580,0.18016,1366.29990000,1
1505590685,21603437,0.18013,1671.65908000,1
1505590685,21603433,0.18013,278.34092000,1
1505590677,21603421,0.18015,1000.00000000,1
1505590675,21603420,0.18099,37.83414194,1
1505590673,21603419,0.18100,610.00000000,1
1505590454,21603148,0.18275,27.32968536,0
1505590450,21603137,0.18101,2247.25010000,1
1505590450,21603136,0.18102,61.21664000,1
1505590230,21602957,0.18298,27.29533282,0
1505590225,21602936,0.18208,27.43025044,0
1505590221,21602926,0.18102,1467.34343717,1
1505590221,21602925,0.18130,296.73992383,1
1505590097,21602829,0.18250,27.36712329,0
1505590066,21602812,0.18210,355.33982400,1
1505590066,21602811,0.18211,597.02565778,1
1505590060,21602807,0.18211,4514.36180000,1
1505590035,21602793,0.18212,1367.11100000,1
1505589962,21602714,0.18283,1253.00000000,0
1505589886,21602696,0.18283,27.31772685,0
1505589882,21602695,0.18211,4458.89113100,1
1505589840,21602662,0.18212,939.06360000,1
1505589814,21602636,0.18298,27.29533282,0
1505589777,21602621,0.18212,1040.37745200,1
1505589777,21602620,0.18212,1327.50454300,1
1505589737,21602585,0.18212,56.74285700,1
1505589693,21602547,0.18300,27.29234973,0
1505589692,21602544,0.18298,27.29533282,0
1505589689,21602540,0.18298,27.29533282,0
1505589685,21602532,0.18298,27.29533282,0
1505589677,21602519,0.18256,27.35812883,0
1505589676,21602516,0.18256,27.35812883,0
1505589660,21602489,0.18212,568.27147700,1
1505589660,21602488,0.18212,1336.91860000,1
1505589600,21602409,0.18214,493.22354000,1
1505589460,21602351,0.18295,27.29980869,0
1505589410,21602276,0.18256,1444.13283304,0
1505589391,21602256,0.18256,27.35812883,0
1505589095,21602094,0.18255,121.06755639,0
1505589051,21602081,0.18255,437.14319365,0
1505589045,21602079,0.18255,1000.00000000,0
1505589004,21602067,0.18255,65.57107600,0
1505588993,21602065,0.18255,54.64289236,0
1505588978,21602053,0.18210,375.26000000,1
1505588970,21602048,0.18263,7.44779061,1
1505588970,21602047,0.18220,35.00000000,0
1505588970,21602046,0.18219,37.83414194,0
1505588968,21602044,0.18214,84.20360000,0
1505588942,21602032,0.18210,35.00000000,0
1505588654,21601721,0.18130,55.30827365,1
1505588654,21601720,0.18200,1.27292835,1
1505588651,21601708,0.18200,563.89076371,0
1505588644,21601676,0.18200,612.35133840,0
1505588639,21601651,0.18200,611.19253220,0
1505588638,21601647,0.18200,6907.40471400,0
1505588633,21601638,0.18200,610.52748158,0
1505588628,21601631,0.18200,610.02753556,0
1505588627,21601629,0.18198,609.52796049,1
1505588605,21601620,0.18200,609.12603518,0
1505588600,21601593,0.18198,609.11974866,1
1505588405,21601490,0.18130,65.77645900,0
1505588400,21601487,0.18058,286.17289000,1
1505588333,21601469,0.18023,941.04212417,1
1505588333,21601468,0.18120,961.04637583,1
1505588332,21601467,0.18121,2097.91150000,1
1505588098,21601304,0.18121,925.75017588,1
1505588098,21601303,0.18121,119.14353512,1
1505587963,21601224,0.18121,1361.00000000,0
1505587962,21601222,0.18120,0.00000020,0
1505587962,21601220,0.18120,1270.37584500,0
1505587957,21601206,0.18120,960.06207856,0
1505587851,21601147,0.18014,553.00000000,1
1505587819,21601117,0.18013,558.57061218,1
1505587819,21601116,0.18014,3173.55540000,1
1505587819,21601115,0.18050,892.41169499,1
1505587759,21601060,0.18120,959.29181609,0
1505587753,21601054,0.18120,959.27026015,0
1505587752,21601047,0.18119,959.24856662,1
1505587744,21601036,0.18119,959.17408920,1
1505587728,21601025,0.18119,550.00000000,0
1505587715,21600990,0.18119,839.09700000,0
1505587203,21600477,0.18121,65.82710100,0
1505587200,21600471,0.18058,324.40302000,1
1505587023,21600350,0.18050,209.42514711,1
1505587022,21600347,0.18059,5616.70000000,1
1505587022,21600346,0.18060,3403.17320000,1
1505587020,21600344,0.18150,170.70165289,1
1505586916,21600233,0.18184,28802.73535949,1
1505586916,21600232,0.18185,1420.46330000,1
1505586916,21600231,0.18185,600.40000000,1
1505586895,21600211,0.18185,358.00000000,1
1505586836,21600102,0.18184,500.00000000,1
1505586828,21600044,0.18184,2036.25200000,1
1505586814,21599967,0.18184,262.04355478,1
1505586808,21599952,0.18184,505.00000000,1
1505586807,21599949,0.18184,102.95058000,0
1505586524,21599335,0.18031,424.00000000,1
1505586486,21599293,0.18030,2317.35844900,1
1505586486,21599292,0.18031,876.56764600,1
1505586483,21599282,0.18031,851.73015400,1
1505586451,21599264,0.18021,1830.91139730,0
1505586327,21599215,0.18010,2028.33981100,1
1505586217,21599146,0.18010,2432.06006000,1
1505586217,21599145,0.18011,9419.00371000,1
1505586217,21599144,0.18012,2537.82670000,1
1505586217,21599143,0.18020,553.05339000,1
1505586151,21599037,0.18139,18.87976183,1
1505586150,21599029,0.18129,8.65961347,0
1505586148,21599024,0.18129,27.54978212,0
1505586137,21599004,0.18021,56.42045500,1
1505586119,21598982,0.18098,27.59697204,0
1505585917,21598864,0.18021,2135.89049200,1
1505585901,21598850,0.18128,12796.98269245,0
1505585901,21598849,0.18125,32.50447229,0
1505585901,21598848,0.18120,40.00000000,0
1505585901,21598847,0.18118,8402.02600000,0
1505585900,21598846,0.18110,40.00000000,0
1505585900,21598845,0.18088,56.02078239,0
1505585900,21598843,0.18020,603.46605287,0
1505585847,21598754,0.18020,27.71642619,0
1505585846,21598753,0.18020,27.71642619,0
1505585846,21598752,0.18020,27.71642619,0
1505585845,21598751,0.18020,27.71642619,0
1505585843,21598747,0.18020,27.71642619,0
1505585842,21598745,0.18001,505.00000000,1
1505585837,21598738,0.18001,7381.76644810,1
1505585759,21598683,0.18020,27.71642619,0
1505585758,21598681,0.18020,27.71642619,0
1505585753,21598678,0.18020,27.71642619,0
1505585752,21598677,0.18020,27.71642619,0
1505585727,21598668,0.18020,3000.00000000,0
1505585713,21598658,0.18000,200.00000000,0
1505585695,21598644,0.18020,300.00000000,0
1505585666,21598616,0.18019,7398.49062000,0
1505585666,21598615,0.18017,8601.50938000,0
1505585638,21598541,0.18058,11002.98006423,1
1505585638,21598540,0.18039,34.64443167,0
1505585636,21598536,0.18020,13.55160900,0
1505585630,21598524,0.17982,270.00000000,0
1505585621,21598504,0.17980,955.27199010,0
1505585621,21598502,0.17980,1580.44399990,1
1505585613,21598488,0.17980,4694.79230000,1
1505585590,21598457,0.17981,3751.99671800,1
1505585590,21598456,0.17982,1066.58060000,1
1505585590,21598455,0.17982,1580.44400000,1
1505585584,21598444,0.17980,2523.23958200,1
1505585576,21598430,0.18000,1999.86115095,0
1505585576,21598429,0.18000,184.13884905,0
1505585531,21598374,0.17980,318.24249166,1
1505585495,21598337,0.17980,912.74300000,1
1505585491,21598334,0.17981,2163.90720400,1
1505585490,21598333,0.17982,2451.45080000,1
1505585471,21598314,0.18000,184.14678135,1
1505585460,21598273,0.17980,11157.53862644,1
1505585459,21598272,0.17981,2814.38830000,1
1505585459,21598271,0.18000,9495.77438040,1
1505585459,21598270,0.18000,533.68699316,1
1505585440,21598257,0.18000,1903.19530500,1
1505585440,21598256,0.18001,2451.32176871,1
1505585440,21598255,0.18002,32.50447229,1
1505585436,21598250,0.18002,2311.99999100,1
1505585417,21598236,0.18003,194.91705000,1
1505585406,21598222,0.18001,1599.00000000,1
1505585404,21598217,0.18020,26.44839100,0
1505585404,21598216,0.18010,40.00000000,0
1505585398,21598207,0.18000,9495.77438040,0
1505585398,21598206,0.18000,20000.00000000,0
1505585398,21598205,0.17980,33.13833351,0
1505585398,21598204,0.17960,3482.34135459,0
1505585344,21598118,0.17960,1338.76175400,0
1505585122,21597776,0.17947,30.00000000,0
1505585093,21597729,0.17781,250.00000000,1
1505585056,21597701,0.17781,56.26062300,1
1505585030,21597673,0.17959,655.68250000,0
1505585010,21597628,0.17960,846.83522474,1
1505585010,21597625,0.17960,1365.56213669,1
1505585009,21597621,0.17960,8253.16481070,1
1505585008,21597614,0.17960,1365.55965639,1
1505585007,21597610,0.17960,1129.91258352,1
1505585006,21597608,0.17960,1356.12279304,1
1505585005,21597606,0.17960,1364.97055555,1
1505585005,21597603,0.17960,1799.14060000,1
1505585004,21597600,0.17960,1643.47765800,1
1505585004,21597598,0.17960,214.45387266,1
1505585003,21597592,0.17960,1357.58854764,1
1505585002,21597590,0.17960,12081.19587974,1
1505585002,21597589,0.17960,1360.17025079,1
1505585001,21597587,0.17960,3281.28643000,1
1505585001,21597585,0.17960,1223.64315900,1
1505585001,21597584,0.17960,1800.94154400,1
1505585001,21597583,0.17960,12747.43964800,1
1505585000,21597581,0.17960,1358.54870434,1
1505584999,21597578,0.17960,1840.46332982,1
1505584999,21597575,0.17960,12024.00000000,0
1505584999,21597574,0.17959,86.03985000,0
1505584998,21597573,0.17910,40.00000000,0
1505584998,21597572,0.17900,2379.48276538,0
1505584982,21597558,0.17875,812.79646700,1
1505584940,21597547,0.17875,3304.75868900,1
1505584939,21597546,0.17875,4126.33366300,1
1505584924,21597535,0.17875,103.64542000,0
1505584872,21597500,0.17779,937.55971409,1
1505584826,21597460,0.17848,5616.70000000,1
1505584825,21597458,0.17848,13939.61556840,0
1505584801,21597395,0.17848,4632.95161000,0
1505584801,21597392,0.17760,742.00000000,0
1505584798,21597383,0.17847,1701.09702566,0
1505584794,21597360,0.17820,862.92913989,1
1505584792,21597342,0.17820,2865.77741800,0
1505584787,21597284,0.17820,1699.10828748,0
1505584782,21597239,0.17823,7413.56057100,0
1505584782,21597236,0.17823,948.93076100,0
1505584690,21597073,0.17730,527.17636774,1
1505584688,21597065,0.17731,1377.00498302,1
1505584526,21597023,0.17847,500.75642965,0
1505584344,21596916,0.17847,781.31225847,0
1505584343,21596915,0.17820,294.88932714,0
1505584160,21596842,0.17735,111461.46395000,1
1505584160,21596841,0.17738,8580.25200000,1
1505584160,21596840,0.17740,8841.62500000,1
1505584160,21596839,0.17741,16941.22785000,1
1505584160,21596838,0.17742,4175.43120000,1
1505584061,21596821,0.17820,28.02749719,0
1505583611,21596506,0.17734,1194.26978515,1
1505583610,21596501,0.17732,647.28991881,1
1505583604,21596489,0.17730,147.65188249,0
1505583604,21596485,0.17730,527.17640051,0
1505583603,21596483,0.17730,67.17171700,0
1505583475,21596352,0.17820,28.02749719,0
1505583472,21596349,0.17820,28.02749719,0
1505583469,21596348,0.17820,28.02749719,0
1505583376,21596276,0.17820,134.06285072,0
1505583223,21596178,0.17820,26.07519640,0
1505583223,21596176,0.17820,28.02749719,0
1505583221,21596175,0.17808,1.95361635,0
1505583220,21596174,0.17780,1200.00000000,1
1505582968,21595961,0.17780,2001.16015689,0
1505582868,21595840,0.17691,742.00000000,0
1505582624,21595654,0.17780,970.46839614,1
1505582617,21595644,0.17780,558.89426786,1
1505582614,21595641,0.17780,5113.96544200,1
1505582612,21595638,0.17780,603.51966555,1
1505582606,21595616,0.17780,1822.82148445,1
1505582536,21595592,0.17780,54.71074400,1
1505582416,21595484,0.17808,28.04638365,0
1505582262,21595412,0.17780,1654.62000000,1
1505582211,21595321,0.17780,1665.38000000,1
1505582208,21595309,0.17780,1915.28000000,1
1505582207,21595303,0.17780,863.26500000,1
1505582207,21595300,0.17780,194.62586980,1
1505582203,21595287,0.17780,1901.90000000,1
1505582202,21595282,0.17780,871.76306500,1
1505582053,21595219,0.17820,28.02749719,0
1505582032,21595204,0.17780,923.44126000,1
1505581975,21595174,0.17811,944.06679759,1
1505581965,21595169,0.17811,329.70045000,1
1505581884,21595107,0.17820,700.00000000,0
1505581803,21595068,0.17820,67.17171700,0
1505581744,21595004,0.17848,1427.43282160,0
1505581742,21595003,0.17820,251.36293997,0
1505581629,21594909,0.17811,30.00000000,1
1505581554,21594816,0.17811,1378.92313700,1
1505581456,21594744,0.17811,54.54975300,1
1505581305,21594580,0.17811,8965.49103541,1
1505581301,21594572,0.17820,28.02749719,0
1505581291,21594570,0.17820,2210.10037413,0
1505581290,21594568,0.17820,1688.32534787,0
1505581290,21594566,0.17816,742.00000000,0
1505581249,21594558,0.17811,281.00000000,1
1505581221,21594531,0.17811,281.00000000,1
1505581200,21594521,0.17811,511.69230000,1
1505581138,21594503,0.17811,365.58834900,1
1505581128,21594497,0.17811,1681.75843800,1
1505581117,21594493,0.17811,4050.66956200,1
1505581095,21594470,0.17811,911.20056200,1
1505581095,21594468,0.17811,2234.26243800,1
1505581092,21594464,0.17811,824.64548400,1
1505581091,21594462,0.17811,6179.98000000,1
1505581091,21594461,0.17811,7336.93228700,1
1505581091,21594460,0.17811,2812.29200000,1
1505581091,21594459,0.17811,826.24740700,1
1505580694,21594179,0.17811,35.35899163,1
1505580692,21594177,0.17800,371.52882644,1
1505580692,21594175,0.17800,200.00000000,0
1505580586,21594101,0.17819,10000.00000000,0
1505580354,21593922,0.17820,2489.49082200,1
1505580352,21593921,0.17820,6067.79240600,1
1505580351,21593920,0.17820,14705.57962000,1
1505580351,21593919,0.17820,2489.49082200,1
1505580349,21593918,0.17811,1398.99070000,0
1505580349,21593917,0.17811,2848.65563000,0
1505580346,21593916,0.17811,13195.06537000,0
1505580346,21593915,0.17809,16804.93463000,0
1505580251,21593882,0.17831,16.06752285,1
1505580249,21593881,0.17810,11.95676586,0
1505580248,21593880,0.17810,28.04323414,0
1505580228,21593868,0.17801,28.05426052,0
1505580178,21593852,0.17792,28.07002754,0
1505580167,21593846,0.17692,1110.33235360,1
1505580003,21593689,0.17692,67.30769200,0
1505580000,21593681,0.17601,429.44805000,1
1505579981,21593663,0.17795,28.03124473,0
1505579979,21593655,0.17707,0.03580721,0
1505579956,21593602,0.17707,584.56721279,1
1505579954,21593597,0.17707,2735.47716900,1
1505579954,21593595,0.17708,1549.99283100,1
1505579954,21593594,0.17708,1146.23186900,1
1505579940,21593570,0.17805,27.97231114,1
1505579938,21593569,0.17707,0.07921279,0
1505579934,21593562,0.17707,28.20635907,0
1505579934,21593561,0.17707,28.20635907,0
1505579932,21593559,0.17707,28.20635907,0
1505579693,21593392,0.17600,1403.29343111,0
1505579689,21593388,0.17600,1234.17616300,0
1505579683,21593384,0.17600,1024.65800000,0
1505579667,21593377,0.17600,10000.00000000,0
1505579655,21593372,0.17600,1382.96462056,0
1505579644,21593364,0.17600,4000.00000000,0
1505579642,21593363,0.17600,404.00000000,0
1505579638,21593362,0.17600,100000.00000000,0
1505579626,21593350,0.17600,4000.00000000,0
1505579624,21593347,0.17600,1398.14056591,0
1505579604,21593314,0.17600,1023.33700000,0
1505579576,21593294,0.17647,6979.82659942,1
1505579575,21593293,0.17648,12984.37252000,1
1505579575,21593292,0.17649,4165.23110000,1
1505579483,21593209,0.17647,857.42719894,0
1505579415,21593131,0.17647,208.99813809,0
1505579352,21593055,0.17647,310.89046297,0
1505579249,21592965,0.17621,3925.00000000,1
1505579239,21592961,0.17620,720.76316767,0
1505579044,21592887,0.17620,28.34562996,0
1505579042,21592886,0.17542,325.00000000,1
1505578937,21592800,0.17540,53.90875600,1
1505578909,21592782,0.17620,526.54557321,0
1505578895,21592775,0.17620,28.34562997,0
1505578804,21592635,0.17538,149.55194384,0
1505578455,21592404,0.17617,28.35045694,0
1505578431,21592382,0.17490,4296.09696843,0
1505578408,21592373,0.17490,166.66666600,0
1505578357,21592342,0.17490,6778.39822200,0
1505578351,21592337,0.17490,1582.38390100,0
1505578346,21592335,0.17490,1582.44856500,0
1505578260,21592218,0.17490,66562.72618000,0
1505578260,21592217,0.17489,13437.27382000,0
1505578241,21592193,0.17490,202.00000000,0
1505578236,21592189,0.17490,201.00000000,0
1505578204,21592176,0.17490,68.44302100,0
1505578182,21592165,0.17486,202.00000000,0
1505578179,21592163,0.17489,202.00000000,0
1505578173,21592158,0.17489,202.00000000,0
1505578168,21592157,0.17490,202.00000000,0
1505578168,21592155,0.17489,3030.00000000,0
1505578149,21592137,0.17490,1515.94158000,0
1505578148,21592135,0.17489,1524.50213600,0
1505578146,21592134,0.17500,1629.07347657,1
1505578146,21592133,0.17502,30000.00000000,1
1505578145,21592132,0.17600,30000.00000000,1
1505578145,21592131,0.17601,1692.06200000,1
1505578145,21592130,0.17601,3520.75942000,1
1505578120,21592125,0.17620,130.00000000,0
1505578021,21592080,0.17634,1000.00000000,0
1505577949,21592011,0.17501,1481.45032100,1
1505577949,21592009,0.17501,3496.55055900,1
1505577892,21591982,0.17625,2449.42252482,0
1505577857,21591948,0.17501,54.11444100,1
1505577838,21591940,0.17601,4000.00000000,0
1505577830,21591935,0.17501,2850.41940000,1
1505577753,21591832,0.17574,579.00000000,1
1505577722,21591756,0.17500,986.18883200,1
1505577688,21591702,0.17482,3236.35754800,1
1505577688,21591701,0.17484,3784.50610000,1
1505577629,21591606,0.17500,5306.10059684,1
1505577617,21591590,0.17500,786.27100000,1
1505577613,21591582,0.17500,192.11490000,1
1505577612,21591581,0.17501,129.69510000,1
1505577612,21591580,0.17501,977.83600000,1
1505577600,21591565,0.17501,271.81320000,1
1505577566,21591470,0.17419,5363.50783068,0
1505577560,21591437,0.17419,1076.66668494,0
1505577554,21591407,0.17419,1076.66061749,0
1505577554,21591402,0.17419,4589.42158400,0
1505577554,21591401,0.17419,2266.14276000,0
1505577554,21591400,0.17419,5050.50490000,0
1505577553,21591395,0.17419,1408.26250600,0
1505577551,21591387,0.17424,8598.79600000,1
1505577551,21591386,0.17424,1400.46400000,1
1505577482,21591202,0.17407,360.09647000,1
1505577482,21591201,0.17408,1263.46923000,1
1505577482,21591200,0.17408,1376.43430000,1
1505577307,21591067,0.17557,922.04800000,0
1505577262,21591026,0.17570,839.34506158,1
1505577261,21591025,0.17570,2960.59593800,1
1505577259,21591023,0.17570,40.00000000,1
1505577197,21590936,0.17570,1082.03036000,1
1505577188,21590929,0.17570,3309.09580400,1
1505577171,21590904,0.17570,4921.97136000,1
1505577169,21590902,0.17570,600.00000000,1
1505577151,21590846,0.17570,6881.91129900,1
1505577151,21590844,0.17571,1393.66410000,1
1505577151,21590842,0.17570,843.05017742,1
1505577149,21590828,0.17647,651.34118338,1
1505577149,21590825,0.17647,1362.46906162,1
1505577140,21590810,0.17647,5972.37951000,1
1505577135,21590790,0.17649,1584.68636000,0
1505577134,21590789,0.17647,2013.81024500,1
1505577132,21590783,0.17649,568.87400000,1
1505577123,21590757,0.17648,1138.31600000,1
1505577118,21590715,0.17648,1000.00000000,1
1505577034,21590643,0.17637,2912.71593808,0
1505576864,21590551,0.17466,1124.71808750,1
1505576695,21590418,0.17400,463.00989700,1
1505576695,21590417,0.17410,40.00000000,1
1505576695,21590416,0.17459,84.69829000,1
1505576695,21590415,0.17475,202.00000000,1
1505576695,21590414,0.17500,4000.00000000,1
1505576694,21590413,0.17550,21521.00000000,1
1505576694,21590412,0.17551,7301.71336000,1
1505576694,21590411,0.17571,48.47875300,1
1505576694,21590410,0.17572,1381.09970000,1
1505576577,21590058,0.17761,169.04977197,0
1505576469,21589915,0.17848,2789.55810006,0
1505576449,21589900,0.17730,2996.73262400,1
1505576449,21589899,0.17731,1377.44740000,1
1505576404,21589850,0.17816,67.18679800,0
1505576175,21589747,0.17732,704.81741400,1
1505576174,21589744,0.17730,3373.63231100,1
1505576174,21589742,0.17730,2500.00000000,1
1505576174,21589741,0.17730,1318.06995000,1
1505576173,21589739,0.17730,2686.00810800,1
1505576173,21589738,0.17730,5032.90891900,1
1505576173,21589737,0.17730,3457.64808800,1
1505576173,21589734,0.17731,2996.73262400,1
1505576168,21589720,0.17731,1017.87080600,0
1505576168,21589719,0.17731,1258.57563340,0
1505576167,21589716,0.17736,44.56415560,1
1505576167,21589714,0.17737,1124.71808800,1
1505576167,21589712,0.17737,949.63195200,1
1505576166,21589705,0.17736,1080.15393190,1
1505575867,21589467,0.17736,3790.26078200,0
1505575867,21589466,0.17736,8656.56921800,0
1505575825,21589416,0.17736,777.17000000,0
1505575825,21589415,0.17734,339.00000000,0
1505575687,21589281,0.17736,4732.07278693,1
1505575686,21589280,0.17736,1387.75910000,1
1505575508,21589186,0.17733,3970.60056550,1
1505575337,21589061,0.17731,55.16666700,1
1505574895,21588754,0.17731,471.70939044,1
1505574894,21588752,0.17880,254.29060956,1
1505574879,21588747,0.17880,101.02525672,1
1505574812,21588698,0.17880,474.59410000,1
1505574812,21588697,0.17881,1361.32380000,1
1505574800,21588678,0.17895,1364.08210000,1
1505574797,21588675,0.17881,457.75828722,0
1505574772,21588660,0.17880,1361.66960000,1
1505574771,21588659,0.17880,8320.04382589,1
1505574761,21588644,0.17880,16836.69490000,0
1505574614,21588443,0.17881,84.24171278,0
1505574603,21588395,0.17880,66.94630900,0
1505574539,21588214,0.17889,16089.11530716,1
1505574539,21588213,0.17889,808.26576500,1
1505574538,21588212,0.17887,10019.05000000,0
1505574538,21588211,0.17887,1972.32330800,1
1505574538,21588210,0.17887,8097.16599600,1
1505574538,21588209,0.17887,5832.00184300,1
1505574537,21588208,0.17887,2851.27764100,1
1505574537,21588207,0.17887,1413.74750100,1
1505574537,21588206,0.17887,3167.66038200,1
1505574537,21588205,0.17887,4275.22815200,1
1505574537,21588204,0.17887,4923.53212200,1
1505574537,21588203,0.17887,33039.30952200,1
1505574537,21588202,0.17887,893.91999900,1
1505574536,21588201,0.17881,5292.60343900,1
1505574536,21588199,0.17881,11340.02776300,1
1505574536,21588198,0.17881,1027.97512400,1
1505574534,21588195,0.17881,550.88449901,0
1505574510,21588182,0.17599,381.42000453,1
1505574286,21587960,0.17877,21671.76108967,0
1505574286,21587959,0.17877,770.31571293,0
1505574257,21587929,0.17571,55.16666700,1
1505574254,21587926,0.17612,1477.29338600,0
1505574237,21587917,0.17612,10896.56989600,0
1505574233,21587873,0.17612,1138.29338610,0
1505574233,21587872,0.17573,338.99999990,0
1505574233,21587871,0.17602,0.00000010,1
1505574231,21587870,0.17626,636.17450000,1
1505574230,21587869,0.17626,4980.52550000,1
1505574230,21587868,0.17627,1384.90950000,1
1505574141,21587825,0.17606,2231.25465866,1
1505574020,21587717,0.17604,1380.49760000,1
1505574007,21587701,0.17603,95.00000000,0
1505574000,21587666,0.17604,642.12101000,1
1505573960,21587632,0.17604,423.00000000,1
1505573949,21587626,0.17604,943.84192000,1
1505573922,21587598,0.17603,1410.53500000,1
1505573914,21587586,0.17603,4000.00000000,1
1505573914,21587584,0.17603,516.44117000,1
1505573913,21587583,0.17603,5391.44615600,1
1505573910,21587570,0.17603,4651.43925100,1
1505573910,21587569,0.17603,1374.91510000,1
1505573902,21587557,0.17850,2426.86477747,0
1505573892,21587532,0.17602,12082.22706500,1
1505573886,21587519,0.17603,1386.00000000,1
1505573859,21587451,0.17603,1088.00000000,1
1505573812,21587346,0.17603,269.00000000,1
1505573757,21587261,0.17710,4347.92662180,1
1505573757,21587260,0.17711,1370.84470000,1
1505573725,21587230,0.17710,14006.64392400,1
1505573724,21587227,0.17710,2665.37583100,1
1505573724,21587225,0.17711,14914.30285600,1
1505573704,21587211,0.17711,1374.33090400,1
1505573703,21587210,0.17780,555.15649600,1
1505573703,21587208,0.17781,1374.33090000,1
1505573653,21587186,0.17781,1373.05990000,1
1505573650,21587184,0.17900,211.76106145,0
1505573622,21587125,0.17780,1944.84350400,1
1505573622,21587123,0.17781,2183.21669600,1
1505573622,21587121,0.17781,1944.84350400,1
1505573450,21586907,0.17770,1000.00000000,1
1505573450,21586906,0.17771,355.74000000,1
1505573448,21586901,0.17771,1000.00000000,1
1505573336,21586780,0.17771,3471.00000000,0
1505573328,21586767,0.17771,1350.60700000,1
1505573247,21586698,0.17884,10397.76957057,0
1505572803,21586542,0.17835,66.87898100,0
1505572566,21586424,0.17857,4101.78650000,1
1505572565,21586423,0.17856,837.95883737,1
1505572563,21586422,0.17856,837.95883737,0
1505572441,21586383,0.17800,484.47875383,0
1505572416,21586376,0.17800,0.00005617,1
1505572416,21586375,0.17808,6200.81700000,1
1505572416,21586374,0.17809,4131.67140000,1
1505572416,21586373,0.17809,1183.03279000,1
1505572324,21586194,0.17880,1115.77874720,0
1505572152,21586057,0.17809,5753.09700000,1
1505572152,21586056,0.17809,1355.14630000,0
1505572152,21586054,0.17820,1000.00000000,1
1505572150,21586053,0.17821,1361.75670000,1
1505572112,21586037,0.17900,185.95966480,0
1505572091,21586014,0.17900,2098.00000000,0
1505572038,21585938,0.17898,883.91914200,0
1505572037,21585937,0.17897,116.08085800,0
1505571999,21585917,0.17801,552.68089100,1
1505571867,21585837,0.17800,999.99994383,1
1505571861,21585830,0.17810,1341.72446600,1
1505571772,21585765,0.17898,291.00000000,0
1505571771,21585763,0.17805,709.00000000,0
1505571741,21585741,0.17803,54.14149900,1
1505571694,21585706,0.17802,2280.90142000,1
1505571692,21585705,0.17803,5865.93818000,1
1505571692,21585704,0.17803,1353.16040000,1
1505571308,21585425,0.17711,569.88028166,1
1505571253,21585380,0.17711,8139.35730000,1
1505571253,21585378,0.17711,1360.64270000,1
1505571129,21585293,0.17711,2725.05987800,1
1505571128,21585292,0.17728,3338.31706900,1
1505571127,21585291,0.17729,1379.76760000,1
1505571054,21585255,0.17814,1597.54501358,1
1505571052,21585254,0.17814,1202.45529200,1
1505571052,21585253,0.17815,1365.58380000,1
1505571036,21585244,0.17900,28.00000000,0
1505571018,21585238,0.17900,96.79650837,0
1505571003,21585233,0.17899,66.87150800,0
1505570962,21585220,0.17815,1361.80040000,1
1505570879,21585189,0.17875,102.57251000,0
1505570656,21585023,0.17713,54.26229500,1
1505570551,21584911,0.17801,281.00000000,1
1505570546,21584907,0.17801,800.00000000,1
1505570526,21584892,0.17801,1354.88200000,1
1505570513,21584867,0.17800,13511.01981928,0
1505570512,21584863,0.17800,7694.94276900,0
1505570512,21584862,0.17800,2066.69945400,0
1505570482,21584804,0.17800,52.01954946,0
1505570476,21584802,0.17800,7443.16305200,0
1505570476,21584801,0.17800,2235.18154700,0
1505570475,21584800,0.17798,3832.67522000,0
1505570475,21584799,0.17798,1071.65400000,0
1505570415,21584744,0.17801,709.00000000,0
1505570400,21584728,0.17710,369.05362320,1
1505570400,21584727,0.17750,200.00000000,1
1505570400,21584726,0.17751,519.75220680,1
1505570124,21584494,0.17869,2900.78375958,0
1505570061,21584375,0.17752,134.45760200,1
1505569851,21584076,0.17751,1365.04030000,1
1505569698,21583908,0.17750,599.70014992,1
1505569696,21583907,0.17751,1371.78560000,1
1505569659,21583888,0.17679,600.00000000,1
1505569652,21583883,0.17679,65.59940000,1
1505569652,21583882,0.17680,4105.61060000,1
1505569482,21583621,0.17800,5497.60449000,1
1505569447,21583570,0.17800,1632.37169000,1
1505569447,21583569,0.17800,2092.66520000,1
1505569446,21583568,0.17800,1306.87507000,1
1505569446,21583567,0.17801,1347.90100000,1
1505569409,21583525,0.17800,3989.42364410,1
1505569409,21583524,0.17800,1635.85725478,1
1505569400,21583515,0.17869,90.23268711,0
1505569398,21583511,0.17865,31.68711801,0
1505569388,21583495,0.17800,6711.17926207,1
1505569388,21583493,0.17800,1045.57000442,1
1505569387,21583492,0.17820,3493.81253126,1
1505569387,21583491,0.17820,1182.01405000,1
1505569386,21583488,0.17820,2629.17162300,1
1505569386,21583487,0.17821,1361.39960000,1
1505569373,21583479,0.17820,6900.00000000,0
1505569373,21583478,0.17810,2000.00000000,0
1505569373,21583477,0.17810,40.00000000,0
1505569335,21583450,0.17800,969.63005656,1
1505569331,21583437,0.17800,1670.43994759,1
1505569327,21583425,0.17800,314.35999143,1
1505569327,21583424,0.17801,1361.55300000,1
1505569214,21583229,0.17790,383.00000000,1
1505569210,21583223,0.17790,6412.00000000,1
1505569203,21583196,0.17805,67.19416400,0
1505569198,21583194,0.17790,1036.39216200,1
1505569198,21583193,0.17791,1371.83430000,1
1505569179,21583149,0.17786,0.00000349,0
1505569179,21583146,0.17786,1150.37085000,0
1505569157,21583036,0.17792,8946.41313137,0
1505569157,21583035,0.17781,30.29574510,0
1505569157,21583034,0.17710,40.00000000,0
1505569156,21583033,0.17707,84.07691000,0
1505569156,21583032,0.17697,28.95707053,0
1505569156,21583031,0.17592,366.03152340,0
1505569128,21582867,0.17592,1007.55555000,0
1505569063,21582689,0.17352,7110.10538000,1
1505569062,21582688,0.17592,1373.58710000,1
1505569056,21582674,0.17592,1089.83932107,1
1505569051,21582656,0.17592,287.84687181,1
1505569048,21582654,0.17591,8473.62388100,1
1505569045,21582648,0.17591,990.21421800,0
1505569005,21582613,0.17444,1002.00000000,0
1505568890,21582538,0.17330,4938.01544775,0
1505568845,21582506,0.17300,400.00000000,0
1505568763,21582428,0.17278,207.51269427,1
1505568702,21582337,0.17300,32528.79147966,0
1505568702,21582336,0.17300,16336.76900000,0
1505568702,21582335,0.17300,5000.00000000,1
1505568702,21582334,0.17310,17073.00000000,1
1505568702,21582333,0.17312,26004.92036400,1
1505568702,21582332,0.17313,6235.56600000,1
1505568701,21582331,0.17315,8564.66700000,1
1505568701,21582330,0.17317,18681.96000000,1
1505568701,21582329,0.17319,19129.08200000,1
1505568701,21582328,0.17321,24162.40800000,1
1505568701,21582327,0.17322,1377.00710000,1
1505568659,21582288,0.17312,4920.02961600,1
1505568659,21582287,0.17313,3219.34732000,1
1505568659,21582286,0.17330,50.00000000,1
1505568658,21582285,0.17331,1407.27190000,1
1505568369,21581962,0.17331,151.43551444,1
1505568241,21581782,0.17464,137.40772100,0
1505568219,21581735,0.17469,185.07706050,0
1505568200,21581713,0.17479,85.60323817,0
1505568181,21581697,0.17500,1000.00000000,0
1505568136,21581645,0.17312,55.16666700,1
1505568031,21581546,0.17504,2606.50376068,0
1505568005,21581487,0.17510,1380.60120000,1
1505568004,21581485,0.17510,348.39880000,1
1505568004,21581484,0.17511,1380.60120000,1
1505568002,21581479,0.17510,115.00000000,0
1505568002,21581477,0.17475,1156.00000000,0
1505567648,21580656,0.17398,499.26857500,0
1505567648,21580653,0.17310,2313.15353476,1
1505567647,21580652,0.17310,35.00000000,1
1505567647,21580651,0.17310,40.00000000,1
1505567647,21580649,0.17312,34468.83100000,0
1505567647,21580646,0.17320,40.00000000,1
1505567646,21580644,0.17400,2500.00000000,1
1505567646,21580643,0.17400,40.00000000,1
1505567646,21580641,0.17400,2000.00000000,1
1505567646,21580640,0.17402,1000.00000000,1
1505567644,21580630,0.17403,1371.98330000,1
1505567628,21580551,0.17403,6428.69747040,1
1505567628,21580548,0.17410,40.00000000,1
1505567628,21580546,0.17420,40.00000000,1
1505567628,21580544,0.17459,84.07691000,1
1505567628,21580542,0.17480,2903.00000000,1
1505567620,21580484,0.17480,547.00000000,1
1505567619,21580481,0.17488,585.53000000,1
1505567619,21580479,0.17492,2903.00000000,1
1505567619,21580475,0.17492,797.00000000,1
1505567615,21580455,0.17500,2500.00000000,1
1505567615,21580453,0.17500,1000.00000000,1
1505567615,21580451,0.17500,100.00000000,1
1505567615,21580449,0.17500,435.39185577,1
1505567607,21580411,0.17500,2906.26494100,1
1505567597,21580370,0.17500,92.29654503,1
1505567592,21580338,0.17500,375.27297363,1
1505567589,21580314,0.17500,337.68995176,1
1505567587,21580309,0.17500,4035.53000000,1
1505567584,21580293,0.17500,296.76988472,1
1505567580,21580277,0.17500,2268.73670400,1
1505567579,21580276,0.17501,2000.00000000,1
1505567579,21580275,0.17502,1363.86340000,1
1505567563,21580195,0.17510,12079.35429600,1
1505567555,21580146,0.17510,1468.45365800,1
1505567555,21580141,0.17510,4211.83051200,1
1505567554,21580139,0.17510,35.00000000,1
1505567554,21580137,0.17510,40.00000000,1
1505567554,21580135,0.17511,4302.07954000,1
1505567551,21580118,0.17511,8401.45221900,1
1505567548,21580106,0.17511,2224.45437500,1
1505567543,21580088,0.17511,1732.17090015,1
1505567543,21580087,0.17552,1101.01132985,1
1505567403,21579960,0.17589,68.05389700,0
1505567364,21579896,0.17553,1372.25050000,1
1505567352,21579876,0.17589,5118.65730681,0
1505567126,21579688,0.17591,555.00000000,0
1505567057,21579641,0.17552,54.41095900,1
1505566944,21579480,0.17591,200.00000000,0
1505566908,21579391,0.17591,9542.62963400,0
1505566901,21579387,0.17590,2905.29959000,0
1505566894,21579375,0.17590,1714.74634200,0
1505566889,21579363,0.17590,1385.22480000,1
1505566888,21579362,0.17591,2903.15614800,0
1505566885,21579351,0.17590,10131.84385200,0
1505566885,21579350,0.17552,1156.00000000,0
1505566801,21579228,0.17511,709.94868000,1
1505566712,21579122,0.17675,916.11719151,0
1505566607,21579071,0.17511,3242.60665712,0
1505566607,21579070,0.17520,7139.14700000,1
1505566607,21579069,0.17550,647.27542788,1
1505566605,21579068,0.17600,35.00000000,1
1505566365,21578828,0.17550,2275.07257190,1
1505566355,21578808,0.17511,2923.80922506,1
1505566354,21578801,0.17550,2076.19077494,1
1505566332,21578772,0.17550,67630.80122506,1
1505566331,21578771,0.17550,510.00000000,1
1505566331,21578770,0.17550,1859.19877494,1
1505566319,21578723,0.17510,18140.80122506,0
1505566319,21578722,0.17511,6334.99400000,1
1505566318,21578721,0.17520,35.00000000,1
1505566318,21578720,0.17533,422.48890557,1
1505566318,21578719,0.17533,569.21462000,1
1505566318,21578718,0.17540,2500.00000000,1
1505566317,21578717,0.17550,4997.50124937,1
1505566306,21578700,0.17550,3462.50996200,0
1505566306,21578699,0.17550,1537.49003800,0
1505566302,21578698,0.17537,68628.07250000,1
1505566302,21578697,0.17537,1371.92750000,1
1505566278,21578683,0.17534,33029.51500000,1
1505566276,21578679,0.17535,10970.48500000,1
1505566264,21578670,0.17534,13468.03280079,0
1505566264,21578668,0.17581,3825.11598019,1
1505566262,21578664,0.17582,37535.23000000,1
1505566262,21578663,0.17582,726.62121902,1
1505566252,21578648,0.17581,2099.67965623,1
1505566252,21578647,0.17581,5927.75805000,1
1505566251,21578646,0.17582,715.35929377,0
1505566251,21578640,0.17582,7257.20300000,1
1505566244,21578634,0.17534,5898.80097702,1
1505566244,21578633,0.17559,28.95707053,1
1505566243,21578631,0.17581,1822.37695245,0
1505566243,21578629,0.17581,7249.86500000,1
1505566232,21578625,0.17579,1180.58920000,1
1505566232,21578624,0.17580,1386.07080000,1
1505566196,21578610,0.17538,515.75107547,0
1505566195,21578609,0.17571,102.57251000,1
1505566195,21578608,0.17600,35.00000000,1
1505566195,21578607,0.17610,100.00000000,1
1505566194,21578606,0.17610,40.00000000,1
1505566194,21578605,0.17620,35.00000000,1
1505566194,21578604,0.17649,30.29574510,1
1505566192,21578603,0.17650,1641.38066943,1
1505566179,21578574,0.17650,1642.20140000,0
1505566178,21578571,0.17650,1357.79860000,1
1505566009,21578491,0.17836,2128.72841444,0
1505565776,21578361,0.17853,5587.33114883,0
1505565603,21578270,0.17712,67.05131100,0
1505565549,21578218,0.17852,4678.28719471,0
1505565547,21578216,0.17700,100.00000000,0
1505565536,21578204,0.17690,20970.99999999,1
1505565536,21578201,0.17691,2179.65239801,1
1505565436,21578151,0.17691,3380.00000000,1
1505565377,21578011,0.17691,620.00000000,1
1505565166,21577857,0.17691,254.99033000,1
1505565161,21577851,0.17691,1259.58816199,1
1505565161,21577850,0.17707,86.03985000,1
1505565161,21577849,0.17710,40.00000000,1
1505565161,21577847,0.17739,31.68711801,1
1505565070,21577692,0.17740,1380.68330000,1
1505565041,21577668,0.17829,0.00000351,1
1505565014,21577642,0.17829,33.13833000,1
1505564992,21577609,0.17992,7575.75603345,1
1505564992,21577608,0.17980,33.13833351,0
1505564992,21577607,0.17900,100.00000000,0
1505564990,21577604,0.17750,3330.84984557,0
1505564912,21577490,0.17750,25013.56948732,0
1505564905,21577474,0.17750,2412.12000000,0
1505564833,21577353,0.17750,2622.39539211,1
1505564819,21577324,0.17750,2325.27391520,1
1505564790,21577280,0.17829,0.00000333,1
1505564789,21577276,0.17830,950.70000000,0
1505564788,21577274,0.17830,4344.60000000,0
1505564788,21577272,0.17830,949.90000000,0
1505564787,21577268,0.17830,1504.80000000,1
1505564787,21577267,0.17830,2859.60000000,1
1505564787,21577266,0.17830,931.46973000,1
1505564762,21577246,0.17830,1506.13027000,1
1505564760,21577243,0.17830,2862.00000000,1
1505564757,21577242,0.17830,931.46973000,1
1505564726,21577208,0.17830,125.95158100,1
1505564658,21577128,0.17830,1369.93680000,1
1505564604,21576985,0.17830,1359.51360000,1
1505564594,21576970,0.17830,1283.15708721,1
1505564564,21576891,0.17830,777.00000000,1
1505564562,21576872,0.17829,33.13833018,1
1505564562,21576871,0.17875,102.95058000,1
1505564562,21576868,0.17890,326.00000000,1
1505564562,21576866,0.17900,2673.86499982,1
1505564560,21576850,0.17900,15746.41057000,1
1505564541,21576759,0.17900,1821.67193667,1
1505564537,21576752,0.17900,54.26229500,1
1505564534,21576742,0.17900,799.48642978,1
1505564534,21576738,0.17900,1686.32489040,1
1505564534,21576736,0.17900,11042.79876700,1
1505564534,21576733,0.17900,8648.38417100,1
1505564533,21576730,0.17900,15207.00000000,1
1505564532,21576720,0.17900,903.57400000,1
1505564532,21576717,0.17900,1770.29100000,1
1505564532,21576716,0.17900,17047.40889700,1
1505564526,21576694,0.17900,24923.42263236,1
1505564525,21576693,0.17900,8966.82421400,1
1505564514,21576661,0.17900,16657.43502500,1
1505564514,21576660,0.17900,10999.77108300,1
1505564514,21576659,0.17901,1364.99080000,1
1505564501,21576620,0.17900,388.61100000,1
1505564465,21576549,0.17900,26662.45808897,1
1505564465,21576548,0.17910,13518.75731103,1
1505564463,21576537,0.17911,1364.78460000,1
1505564412,21576455,0.17910,8046.94420964,1
1505564412,21576454,0.17911,1177.40727136,1
1505564405,21576432,0.17911,179.66182864,1
1505564313,21576283,0.17910,3434.29847933,1
1505564313,21576282,0.17911,4255.12889000,1
1505564313,21576281,0.17919,34.64443167,1
1505564313,21576280,0.17959,84.20360000,1
1505564284,21576256,0.17960,7772.87759500,0
1505564278,21576251,0.17960,1354.60180000,1
1505564241,21576177,0.17960,1335.12290000,1
1505564192,21576109,0.17998,4042.02149817,0
1505564109,21575945,0.18000,2795.56065000,1
1505564107,21575943,0.18000,2658.19223223,1
1505564107,21575942,0.18009,36.20939559,1
1505564107,21575941,0.18010,101.23717518,1
1505564101,21575922,0.18011,1335.92810000,1
1505564077,21575892,0.18108,27.58173183,0
1505564072,21575885,0.18011,1339.80030000,1
1505563886,21575724,0.18205,120.00000000,0
1505563861,21575684,0.18205,27.43477067,0
1505563841,21575662,0.18010,273.52310424,1
1505563840,21575660,0.18027,89.47689576,1
1505563832,21575656,0.18054,4055.61740000,1
1505563803,21575612,0.18200,65.76923100,0
1505563635,21575439,0.18209,38.40024164,0
1505563549,21575382,0.18027,2433.38460000,1
1505563549,21575381,0.18031,1347.61540000,1
1505563490,21575334,0.18217,38.38337816,0
1505563456,21575296,0.18010,15.26746206,1
1505563456,21575295,0.18099,37.83414194,1
1505563430,21575260,0.18100,1360.54390000,1
1505563330,21575047,0.18100,1359.45290000,1
1505563328,21575039,0.18227,27.40165688,0
1505563322,21575030,0.18147,1835.00000000,1
1505563298,21574987,0.18248,27.37012275,0
1505563293,21574979,0.18239,27.38362849,0
1505563291,21574976,0.18148,1111.11366800,1
1505563283,21574944,0.18150,1119.96613700,1
1505563281,21574939,0.18150,4638.02167000,1
1505563281,21574938,0.18152,661.57833000,1
1505563278,21574934,0.18151,1948.54776000,0
1505563273,21574926,0.18151,228.91967000,0
1505563273,21574925,0.18151,5299.60000000,0
1505563271,21574912,0.18151,5299.60000000,1
1505563259,21574880,0.18151,2985.00000000,1
1505563255,21574877,0.18151,3209.55170300,1
1505563244,21574860,0.18151,228.96428100,1
1505563242,21574857,0.18150,300.00000000,1
1505563235,21574850,0.18151,2985.00000000,1
1505563227,21574843,0.18200,548.08032967,0
1505563203,21574802,0.18150,1477.01219300,1
1505563202,21574801,0.18151,4031.96950000,1
1505563069,21574669,0.18249,24.49312291,1
1505563067,21574666,0.18231,2.87835236,0
1505563059,21574658,0.18231,34.95578958,0
1505563057,21574655,0.18214,63.72804471,0
1505563047,21574644,0.18214,19.85011529,0
1505563045,21574640,0.18210,7.57276222,0
1505563045,21574639,0.18210,27.42723778,0
1505563043,21574637,0.18141,0.00000154,0
1505562940,21574495,0.18141,36.15827000,0
1505562876,21574441,0.18050,100.00000000,1
1505562655,21574154,0.18140,9529.04134509,0
1505562654,21574152,0.18139,12478.37175000,0
1505562573,21574027,0.18002,1214.60784889,1
1505562518,21573965,0.18001,6982.00000000,1
1505562452,21573859,0.18002,1326.62810000,1
1505562307,21573693,0.18003,4599.61128390,1
1505562275,21573644,0.18000,1133.85619671,0
1505562273,21573643,0.18000,139.97778000,0
1505562261,21573634,0.18000,1384.04972221,0
1505562231,21573595,0.18000,1746.22913100,0
1505562229,21573594,0.18000,2759.76266000,0
1505562213,21573580,0.17998,2308.82062085,0
1505562161,21573507,0.17998,1000.00000000,0
1505562109,21573453,0.18000,1564.85610000,0
1505562106,21573452,0.17998,199.20000000,0
1505562096,21573448,0.17998,12085.18000000,0
1505562067,21573422,0.18021,36.15827154,1
1505562053,21573402,0.18022,5299.60000000,1
1505562053,21573401,0.18023,3025.62551600,1
1505562052,21573395,0.18023,5915.13482400,1
1505562052,21573394,0.18024,1347.12430000,1
1505562032,21573374,0.18000,1106.88888888,0
1505562019,21573348,0.18199,10257.99258201,0
1505562019,21573347,0.18184,101.88271000,0
1505562019,21573346,0.18129,36.20647453,0
1505562018,21573345,0.18070,21283.00000000,0
1505562018,21573344,0.18069,8955.82800000,0
1505562018,21573342,0.18039,34.64148120,0
1505562016,21573337,0.18000,876.12300000,0
1505562010,21573322,0.18000,874.42207901,1
1505562010,21573318,0.18000,242.00000000,1
1505562009,21573314,0.18000,1814.69513819,1
1505562008,21573313,0.18000,867.85193235,1
1505562008,21573307,0.18000,2370.00000000,0
1505562008,21573306,0.18000,131.00000000,0
1505562008,21573305,0.18000,116.05292946,0
1505562004,21573290,0.18000,66.50739000,0
1505562000,21573276,0.17928,1004.98086000,1
1505562000,21573275,0.17929,1337.59340000,1
1505561886,21573014,0.17998,9966.86464683,0
1505561886,21573013,0.17950,33.13535317,0
1505561835,21572926,0.17877,4096.55309783,0
1505561680,21572642,0.17747,1743.83805000,1
1505561678,21572635,0.17747,8670.78885800,1
1505561678,21572634,0.17748,1000.00000000,1
1505561678,21572633,0.17749,3197.33704000,1
1505561678,21572632,0.17750,1367.18400000,1
1505561670,21572609,0.17753,381.29178100,1
1505561668,21572603,0.17753,860.01200100,1
1505561630,21572535,0.17800,1746.25445600,0
1505561607,21572473,0.17810,35.00000000,1
1505561607,21572471,0.17829,33.13535317,1
1505561607,21572470,0.17830,1374.79140000,1
1505561567,21572417,0.17875,0.25407000,1
1505561565,21572416,0.17876,137.24008304,1
1505561564,21572414,0.17876,1215.98791696,1
1505561564,21572413,0.17876,183.09465204,1
1505561553,21572383,0.17877,2781.08155205,1
1505561513,21572340,0.17986,27.76882019,0
1505561512,21572339,0.17986,27.76882019,0
1505561511,21572338,0.17984,27.77190836,0
1505561443,21572200,0.17876,1375.69630000,1
1505561402,21572100,0.17875,101.62864000,1
1505561388,21572065,0.17876,1350.52550000,1
1505561351,21571953,0.17876,1368.77790000,1
1505561285,21571746,0.17877,965.35851880,1
1505561285,21571745,0.17919,34.64148120,1
1505561282,21571736,0.17920,3674.85121100,1
1505561282,21571733,0.17978,1106.88888888,0
1505561253,21571618,0.18000,2954.25063934,1
1505561249,21571604,0.18000,6541.52374106,1
1505561249,21571603,0.18000,182.78729494,1
1505561245,21571590,0.18001,3494.32000000,0
1505561237,21571572,0.18001,1377.93111875,0
1505561236,21571569,0.18001,27.74568080,0
1505561233,21571559,0.18117,27.56803003,0
1505561226,21571549,0.18010,3524.24233600,1
1505561225,21571548,0.17940,36.20647400,0
1505561225,21571545,0.17940,13039.00000000,1
1505561224,21571544,0.17959,83.57816000,1
1505561224,21571542,0.18000,2954.25063900,0
1505561224,21571541,0.17997,569.99169700,0
1505561223,21571537,0.18000,3626.80378000,1
1505561223,21571536,0.18000,1913.19622000,1
1505561222,21571527,0.18009,36.20647453,1
1505561222,21571523,0.18010,5935.32557000,1
1505561212,21571474,0.18002,7002.25140706,1
1505561212,21571472,0.18099,0.00000194,1
1505561207,21571461,0.18099,37.83414000,1
1505561197,21571434,0.18180,33.00000000,0
1505561192,21571426,0.18100,1210.16392000,1
1505561189,21571419,0.18100,950.25626000,1
1505561177,21571401,0.18100,2160.42018000,1
1505561175,21571400,0.18100,958.46606000,1
1505561153,21571355,0.18100,3118.88624000,1
1505561152,21571351,0.18104,1191.53200000,0
1505561152,21571350,0.18104,1121.80842800,0
1505561151,21571348,0.18104,4089.37720000,0
1505561150,21571345,0.18104,214.44116800,1
1505561116,21571223,0.18255,131.00000000,0
1505561068,21571144,0.18102,1102.99972665,1
1505561067,21571143,0.18102,52.96000000,1
1505561055,21571121,0.18211,27.42573170,1
1505560837,21570790,0.18100,876.12300000,1
1505560759,21570599,0.18295,43.53036348,1
1505560759,21570598,0.18219,37.83414194,0
1505560757,21570590,0.18214,82.95899000,0
1505560753,21570583,0.18034,1200.00000000,1
1505560741,21570547,0.18029,679.05903400,1
1505560733,21570529,0.18213,876.26981164,0
1505560733,21570526,0.18210,35.00000000,0
1505560557,21570194,0.18206,4827.02094606,0
1505560546,21570172,0.18208,36921.56343365,0
1505560545,21570171,0.18206,16293.97426000,1
1505560545,21570170,0.18206,16008.22000000,1
1505560545,21570166,0.18184,100.82877000,0
1505560544,21570162,0.18129,36.20939559,0
1505560544,21570157,0.18120,462.00000000,0
1505560543,21570156,0.18110,40.00000000,0
1505560472,21569981,0.18002,3268.26248000,1
1505560471,21569978,0.18003,16311.73752000,1
1505560456,21569956,0.18080,20462.81121857,0
1505560456,21569955,0.18079,1685.86134780,0
1505560410,21569884,0.18080,436.16565265,0
1505560410,21569883,0.18063,34.64443167,0
1505560410,21569882,0.18004,33.04632456,0
1505560410,21569881,0.18000,9495.77438040,0
1505560408,21569862,0.17959,85.39912000,0
1505560254,21569684,0.17943,1348.40000000,0
1505560254,21569683,0.17943,201.00000000,0
1505560254,21569682,0.17943,201.00000000,0
1505560254,21569681,0.17943,3549.21800000,0
1505560243,21569670,0.17943,1348.38200000,0
1505560242,21569661,0.17943,201.00000000,0
1505560239,21569657,0.17943,201.00000000,0
1505560232,21569646,0.17944,201.00000100,0
1505560230,21569643,0.17944,3015.00000100,0
1505560226,21569634,0.17944,3484.53126000,0
1505560225,21569631,0.17944,1859.39657556,0
1505560225,21569630,0.17921,31.49153544,0
1505560225,21569628,0.17860,68.00872300,0
1505560204,21569609,0.17860,67.02127700,0
1505560141,21569569,0.17799,127.98357700,1
1505560107,21569555,0.17890,12191.12703000,0
1505560086,21569525,0.17890,928.87297000,0
1505560086,21569524,0.17889,2101.12703000,0
1505560055,21569484,0.17881,1335.62772500,0
1505560047,21569476,0.17884,2010.00000000,0
1505560028,21569455,0.17889,2586.00000000,0
1505560025,21569451,0.17875,8425.37746400,0
1505560019,21569442,0.17750,700.86250000,1
1505559997,21569361,0.17800,1635.00000000,1
1505559997,21569359,0.17801,3228.86712000,1
1505559996,21569358,0.17801,4119.40780000,1
1505559994,21569353,0.17880,1383.83322246,0
1505559981,21569310,0.17802,1119.53566900,1
1505559966,21569245,0.17900,4927.47521787,1
1505559960,21569232,0.17749,12984.39586456,1
1505559960,21569230,0.17794,31.49153544,1
1505559960,21569229,0.17795,4127.11260000,1
1505559953,21569225,0.17907,2024.97291561,0
1505559949,21569216,0.17907,164.95504802,0
1505559939,21569202,0.17908,650.00491400,0
1505559928,21569178,0.17908,1834.94027455,0
1505559928,21569177,0.17890,31.60154946,0
1505559855,21568872,0.17808,52.81914900,1
1505559849,21568844,0.17805,0.00000068,0
1505559840,21568812,0.17805,30.21655000,0
1505559784,21568589,0.17730,0.00000011,0
1505559754,21568506,0.17730,1123.23395100,0
1505559721,21568318,0.17730,1996.74668100,1
1505559721,21568317,0.17730,3161.80164847,1
1505559721,21568311,0.17730,3453.39581153,0
1505559720,21568308,0.17730,3442.38987300,0
1505559720,21568301,0.17729,1270.24870018,0
1505559669,21568110,0.17729,1368.83800000,1
1505559668,21568097,0.17729,1130.00460875,1
1505559664,21568078,0.17630,305.90257091,0
1505559621,21567885,0.17665,1214.57777070,0
1505559616,21567852,0.17669,1155.42222930,1
1505559601,21567795,0.17669,277.45246000,1
1505559600,21567793,0.17707,249.00000000,1
1505559592,21567771,0.17708,3028.50000000,1
1505559592,21567769,0.17708,1362.49330000,1
1505559540,21567639,0.17730,1570.50000000,0
1505559539,21567635,0.17730,2625.50000000,0
1505559539,21567632,0.17708,1573.44572100,1
1505559538,21567627,0.17729,2625.50000000,0
1505559537,21567615,0.17708,2624.87323700,1
1505559510,21567431,0.17708,5299.60000000,1
1505559510,21567429,0.17708,1191.69680000,1
1505559484,21567349,0.17708,187.63000000,1
1505559452,21567224,0.17729,587.83765700,0
1505559443,21567191,0.17669,784.38432932,1
1505559443,21567189,0.17673,30.21655068,1
1505559441,21567186,0.17707,85.39912000,1
1505559436,21567163,0.17729,93.81500000,0
1505559429,21567127,0.17739,649.18961547,1
1505559429,21567126,0.17740,1385.02470000,1
1505559402,21567074,0.17739,1946.46999954,1
1505559401,21567073,0.17763,0.00000046,1
1505559401,21567071,0.17763,1378.17739954,1
1505559401,21567069,0.17763,31.60154946,1
1505559379,21567017,0.17764,200.61525649,1
1505559375,21566998,0.17764,538.10151491,1
1505559374,21566984,0.17764,623.27532860,1
1505559364,21566967,0.17764,1357.15669769,1
1505559287,21566808,0.17780,1094.00000000,0
1505559286,21566794,0.17769,1729.31336500,1
1505559286,21566792,0.17769,1333.92200000,1
1505559286,21566790,0.17769,823.73778800,1
1505559285,21566789,0.17770,1094.00000005,1
1505559285,21566784,0.17770,2432.18967795,0
1505559285,21566783,0.17770,7421.06711300,0
1505559285,21566781,0.17770,1094.00000000,0
1505559284,21566771,0.17769,1703.53018400,0
1505559218,21566611,0.17770,292.97286000,1
1505559178,21566534,0.17810,4180.44884896,0
1505559169,21566518,0.17810,2021.22535800,0
1505559167,21566513,0.17810,1000.00000000,0
1505559131,21566415,0.17830,11657.00514500,0
1505559039,21566199,0.17840,1430.33665919,0
1505559010,21566134,0.17888,21469.02098074,1
1505559006,21566123,0.17888,11534.00521000,1
1505559006,21566121,0.17889,5524.97623000,1
1505558964,21566028,0.17998,5488.91805378,0
1505558964,21566027,0.17863,647.66553622,0
1505558962,21566023,0.17848,337.09024232,0
1505558960,21566018,0.17853,0.00000456,1
1505558960,21566016,0.17864,326.85349426,1
1505558959,21566012,0.17864,1049.19340574,1
1505558958,21566008,0.17853,33.04632000,1
1505558958,21566006,0.17863,647.66557000,1
1505558953,21565987,0.17890,18513.06855300,1
1505558953,21565986,0.17891,16450.87676000,1
1505558949,21565980,0.17894,2686.28394000,1
1505558949,21565979,0.17894,1420.25042900,1
1505558923,21565894,0.17863,599.00000000,1
1505558915,21565884,0.17881,1230.84045000,1
1505558914,21565882,0.17882,1211.76807500,1
1505558911,21565877,0.17881,3583.91641100,1
1505558911,21565876,0.17881,779.31504100,1
1505558910,21565874,0.17879,31010.95791115,0
1505558909,21565873,0.17878,16469.66022000,0
1505558900,21565837,0.17880,5011.67219300,1
1505558898,21565832,0.17880,1246.66557000,1
1505558896,21565826,0.17880,2987.56574000,1
1505558893,21565810,0.17880,11834.50000200,1
1505558892,21565803,0.17880,3403.60253600,1
1505558892,21565802,0.17880,1373.45630000,1
1505558892,21565801,0.17880,2075.50575100,1
1505558892,21565799,0.17880,1570.24329200,1
1505558892,21565798,0.17881,1368.63440000,1
1505558891,21565793,0.17880,1373.45630000,1
1505558890,21565789,0.17880,2924.75630600,1
1505558885,21565776,0.17879,2312.85020300,1
1505558876,21565762,0.17879,330.68950000,1
1505558868,21565738,0.17879,19579.46029700,1
1505558858,21565690,0.17875,1246.66557000,1
1505558857,21565687,0.17875,1415.80000000,1
1505558855,21565664,0.17875,77777.00000000,1
1505558848,21565646,0.17875,443.02240200,1
1505558847,21565643,0.17876,3438.86138000,1
1505558843,21565621,0.17875,238.45030100,1
1505558842,21565619,0.17877,1341.02670000,1
1505558840,21565608,0.17875,12203.57211000,1
1505558839,21565606,0.17879,1374.42290000,1
1505558778,21565458,0.17861,500.00000000,1
1505558778,21565457,0.17998,3402.80433917,0
1505558767,21565431,0.17860,2386.35208200,1
1505558767,21565430,0.17861,16453.17841000,1
1505558722,21565327,0.18000,1922.78929800,1
1505558722,21565326,0.18000,2473.76966600,1
1505558685,21565261,0.18000,7799.36330317,1
1505558684,21565259,0.17998,1834.17444283,0
1505558668,21565239,0.17997,17051.35016775,0
1505558668,21565236,0.17995,829.05546000,1
1505558667,21565233,0.17959,84.76482000,0
1505558667,21565232,0.17950,33.13535317,0
1505558667,21565231,0.17865,31.68711801,0
1505558665,21565228,0.17858,6144.92389003,0
1505558659,21565203,0.17858,201.00000000,0
1505558656,21565188,0.17856,89.60600000,0
1505558642,21565140,0.17860,2281.00000000,0
1505558620,21565059,0.17763,917.68138634,1
1505558620,21565058,0.17858,907.80868066,1
1505558620,21565057,0.17859,1344.01720000,1
1505558613,21565035,0.17860,157.28661900,0
1505558552,21564942,0.17858,3209.39167772,0
1505558552,21564941,0.17857,5299.60000000,0
1505558530,21564875,0.17858,2802.99156500,0
1505558528,21564870,0.17858,100.44965100,0
1505558528,21564869,0.17858,200.00000000,0
1505558527,21564861,0.17858,3256.10218400,0
1505558524,21564850,0.17858,2091.66500000,0
1505558477,21564779,0.17858,1536.12196900,0
1505558477,21564777,0.17858,1270.18649125,0
1505558475,21564769,0.17858,1463.87803100,0
1505558473,21564768,0.17858,6058.50795400,0
1505558472,21564767,0.17858,7847.22574200,0
1505558459,21564748,0.17858,8744.18659188,0
1505558451,21564740,0.17858,3000.00000000,0
1505558440,21564724,0.17858,3000.00000000,0
1505558437,21564723,0.17858,200.00000000,0
1505558435,21564721,0.17857,1845.90000000,0
1505558435,21564720,0.17857,1154.10000000,0
1505558434,21564718,0.17857,200.00000000,0
1505558431,21564716,0.17856,1354.07760000,1
1505558430,21564715,0.17857,1777.67471800,0
1505558412,21564708,0.17855,245.00000000,1
1505558403,21564699,0.17856,67.03253600,0
1505558400,21564696,0.17856,1349.51500000,1
1505558386,21564673,0.17858,80.42733300,0
1505558382,21564665,0.17858,1209.90000000,0
1505558378,21564660,0.17858,36022.63010415,0
1505558375,21564651,0.17858,4489.27020600,0
1505558307,21564580,0.17855,1121.89455400,0
1505558280,21564471,0.17855,40855.66544600,0
1505558227,21564414,0.17858,1992.28678400,0
1505558220,21564396,0.17858,10536.91676600,0
1505558219,21564394,0.17858,887.86195000,0
1505558219,21564393,0.17856,1612.13805000,0
1505558181,21564313,0.17859,1147.12163000,0
1505558160,21564204,0.17859,5299.60000000,1
1505558159,21564191,0.17859,5299.60000000,0
1505558155,21564179,0.17858,332.00000000,0
1505558146,21564140,0.17739,2006.62433800,1
1505558123,21564039,0.17739,1268.35570819,0
1505558122,21564029,0.17739,3803.90857618,0
1505558121,21564027,0.17739,3798.34796053,0
1505558121,21564025,0.17739,660.00000000,0
1505558121,21564024,0.17739,202.00000000,0
1505558120,21564020,0.17739,6466.14736900,0
1505558120,21564019,0.17739,26093.99927632,0
1505558120,21564016,0.17739,11001.99730000,0
1505558118,21564006,0.17739,1266.44163353,0
1505558117,21564002,0.17739,12092.62961800,0
1505558117,21563999,0.17739,7522.49874273,0
1505558116,21563992,0.17739,9089.08510400,0
1505558113,21563984,0.17740,1804.42000000,1
1505558109,21563972,0.17691,1772.73298199,1
1505558109,21563970,0.17739,31.68711801,1
1505558108,21563964,0.17740,1145.57990000,1
1505558102,21563934,0.17859,3509.00000000,0
1505558098,21563914,0.17740,200.00000000,1
1505558044,21563694,0.17861,1344.85300000,1
1505558042,21563679,0.17869,83.73490402,0
1505557997,21563414,0.17671,38979.88427114,1
1505557996,21563406,0.17680,1538.94470588,1
1505557996,21563405,0.17688,882.28671981,1
1505557996,21563402,0.17690,8552.00000000,1
1505557995,21563397,0.17700,200.00000000,1
1505557995,21563395,0.17707,84.76482000,1
1505557995,21563394,0.17710,35.00000000,1
1505557995,21563393,0.17710,40.00000000,1
1505557994,21563389,0.17720,35.00000000,1
1505557994,21563386,0.17810,2764.98413000,1
1505557992,21563379,0.17829,33.13535317,1
1505557978,21563338,0.17905,15095.84914826,0
1505557978,21563337,0.17902,25153.28800000,0
1505557973,21563322,0.17901,1283.00000000,0
1505557958,21563278,0.17880,50.00000000,1
1505557955,21563259,0.17881,1374.21570000,1
1505557943,21563209,0.17919,0.00000167,1
1505557937,21563175,0.17920,1291.07740988,1
1505557933,21563168,0.17919,34.64443000,1
1505557927,21563146,0.17920,1232.70044523,1
1505557915,21563094,0.17920,1274.00000000,1
1505557861,21562878,0.17920,716.79146400,1
1505557800,21562743,0.17920,10793.75240855,1
1505557764,21562701,0.17998,2735.40514040,0
1505557732,21562630,0.18000,4024.96410000,1
1505557702,21562558,0.18000,2735.40514000,0
1505557701,21562555,0.18000,1815.85000000,1
1505557701,21562554,0.18001,7373.52806000,1
1505557701,21562553,0.18002,4075.21680000,1
1505557672,21562501,0.18010,31.42698500,1
1505557672,21562500,0.18011,3410.42143600,1
1505557666,21562491,0.18011,679.19866400,1
1505557636,21562449,0.18010,16608.51704600,0
1505557613,21562426,0.18101,528.38075244,0
1505557565,21562247,0.18010,3863.01495440,1
1505557538,21562230,0.18002,1358.66430000,1
1505557518,21562202,0.18000,3675.09512600,0
1505557513,21562186,0.18000,599.00000000,0
1505557505,21562179,0.17998,7385.49386666,0
1505557498,21562170,0.18000,886.63299993,0
1505557498,21562169,0.18000,13779.50811700,0
1505557495,21562167,0.18000,9495.77438040,0
1505557495,21562165,0.18000,1328.96790000,0
1505557495,21562164,0.18000,1265.74214205,1
1505557495,21562163,0.18001,1791.58111000,1
1505557494,21562162,0.18009,36.20939559,1
1505557494,21562161,0.18100,1148.85062508,1
1505557488,21562152,0.18101,1346.60354800,1
1505557381,21561942,0.18100,2950.41144800,1
1505557336,21561839,0.18129,36.20939559,0
1505557336,21561835,0.18100,53.10160400,1
1505557291,21561699,0.18100,4197.75906000,1
1505557282,21561676,0.18100,950.00000000,1
1505557281,21561672,0.18101,3202.43680400,1
1505557269,21561645,0.18100,1493.62967147,0
1505557262,21561616,0.18010,7566.80282345,1
1505557201,21561464,0.18091,845.60499695,1
1505557201,21561463,0.18039,1943.00000000,1
1505557199,21561454,0.18039,34.64443167,0
1505557164,21561385,0.18000,202.00000000,1
1505557142,21561311,0.17925,3000.00000000,1
1505557138,21561297,0.17998,1361.00000000,0
1505557127,21561267,0.17998,202.00000000,0
1505557120,21561232,0.17921,1084.37500000,1
1505557092,21561131,0.18000,881.36656000,0
1505557092,21561129,0.17997,2133.63344000,0
1505557090,21561113,0.17998,201.00000000,1
1505557089,21561103,0.17998,3015.00000000,0
1505557086,21561088,0.17998,201.00000000,0
1505557085,21561087,0.17998,4000.00000000,0
1505557080,21561068,0.17998,201.00000000,0
1505557074,21561043,0.17997,201.00000000,0
1505557069,21561017,0.17998,136.78295600,0
1505557055,21560970,0.17998,201.00000000,0
1505557022,21560896,0.17921,736.68502300,1
1505556993,21560834,0.17998,198.26873513,0
1505556960,21560701,0.17998,4000.00000000,1
1505556946,21560628,0.17998,201.00000000,0
1505556941,21560601,0.17998,201.00000000,0
1505556937,21560579,0.17998,2511.21000000,0
1505556937,21560578,0.17921,1488.79000000,0
1505556937,21560575,0.17921,3810.81000000,1
1505556924,21560472,0.17998,3797.38449151,0
1505556922,21560460,0.18000,175.00000000,0
1505556907,21560402,0.18000,5299.60000000,1
1505556872,21560343,0.18000,398.78988889,0
1505556867,21560333,0.18001,5100.38834522,1
1505556793,21560085,0.18001,3748.08768834,1
1505556759,21560003,0.18000,1999.59900372,0
1505556733,21559928,0.18000,1870.98461200,0
1505556711,21559817,0.18000,1877.10307634,0
1505556694,21559768,0.17998,2056.09280000,0
1505556603,21559441,0.17999,66.50739000,0
1505556594,21559370,0.17863,9658.15625079,1
1505556594,21559369,0.17864,1327.19940000,1
1505556556,21559226,0.17997,6855.76470800,0
1505556556,21559225,0.17995,2329.47455000,0
1505556474,21558996,0.17998,505.00000000,1
1505556460,21558923,0.17998,150.40500000,0
1505556397,21558729,0.18000,1611.30883600,0
1505556377,21558689,0.17998,565.06990000,0
1505556371,21558670,0.18000,1700.91925552,0
1505556371,21558669,0.17950,33.13833351,0
1505556368,21558656,0.17800,22702.43573311,0
1505556368,21558654,0.17800,7639.75994000,0
1505556368,21558653,0.17800,1929.72456338,0
1505556367,21558650,0.17800,27694.94143000,0
1505556366,21558646,0.17829,33.13833351,1
1505556359,21558625,0.18000,1264.42321030,1
1505556358,21558617,0.17792,3549.84028601,1
1505556358,21558616,0.17800,30.00000000,1
1505556358,21558615,0.17810,35.00000000,1
1505556358,21558614,0.17820,35.00000000,1
1505556358,21558613,0.17875,100.82877000,1
1505556358,21558612,0.17900,253.00000000,1
1505556358,21558610,0.17910,35.00000000,1
1505556358,21558609,0.17910,35.00000000,1
1505556358,21558608,0.17919,34.64443167,1
1505556357,21558607,0.17920,35.00000000,1
1505556338,21558523,0.17997,1726.19291287,1
1505556338,21558515,0.17998,1726.19290976,0
1505556331,21558459,0.17998,3354.02359931,0
1505556327,21558442,0.18000,469.63437873,1
1505556326,21558437,0.18000,3355.70062043,0
1505556325,21558420,0.18000,9095.19893223,0
1505556324,21558416,0.17998,2828.73076100,0
1505556324,21558415,0.17998,8455.22719600,0
1505556324,21558412,0.18000,5185.01890600,0
1505556323,21558410,0.18000,5595.66462900,0
1505556323,21558403,0.18000,1768.41691234,0
1505556321,21558398,0.18080,200.00000000,0
1505556317,21558382,0.17920,3543.42908693,0
1505556317,21558380,0.17920,200.00000000,0
1505556316,21558376,0.17921,11538.32464658,1
1505556316,21558373,0.17925,9661.07000000,0
1505556316,21558371,0.17925,1587.21353000,0
1505556314,21558357,0.18078,2367.88199549,1
1505556314,21558355,0.18078,1102.08074100,1
1505556309,21558321,0.17950,230.66462904,0
1505556308,21558312,0.18000,404.33537096,1
1505556297,21558276,0.17998,1580.24433000,0
1505556297,21558272,0.17921,88664.23101437,1
1505556296,21558270,0.17927,2000.00000000,1
1505556296,21558269,0.17927,4547.41945693,0
1505556296,21558263,0.17959,82.95899000,1
1505556295,21558260,0.17990,703.24027237,1
1505556295,21558256,0.17999,500.00000000,1
1505556293,21558246,0.18000,1845.74589128,0
1505556293,21558243,0.18000,1656.40437505,1
1505556292,21558242,0.18000,2483.98520793,1
1505556283,21558223,0.18000,137.39219919,1
1505556280,21558210,0.18000,100.00000005,1
1505556276,21558193,0.18000,1782.56370639,0
1505556276,21558188,0.18000,2472.90000000,0
1505556275,21558182,0.18000,2823.80684619,0
1505556275,21558180,0.18000,2475.79315381,0
1505556275,21558177,0.18000,1666.66666667,0
1505556273,21558173,0.18000,9495.77438040,1
1505556273,21558172,0.18000,137.20363358,1
1505556273,21558170,0.18000,14531.45735361,1
1505556273,21558169,0.18001,4589.22323000,1
1505556261,21558123,0.18000,2468.54264639,1
1505556261,21558121,0.18000,1000.00000000,1
1505556261,21558119,0.18000,5000.00000000,1
1505556261,21558116,0.18000,15770.11111111,1
1505556260,21558110,0.18009,36.20939559,1
1505556260,21558108,0.18010,10000.00000000,1
1505556260,21558107,0.18010,35.00000000,1
1505556260,21558106,0.18010,1341.20460000,0
1505556260,21558105,0.18010,1377.77523856,0
1505556259,21558101,0.18011,8396.62889345,1
1505556258,21558097,0.18012,2248.20839635,1
1505556258,21558095,0.18012,714.77190529,0
1505556258,21558084,0.18015,53.28430900,1
1505556256,21558073,0.18060,766.40598006,1
1505556256,21558072,0.18060,845.14183320,1
1505556255,21558069,0.18060,4.37798053,0
1505556255,21558065,0.18060,710.75133091,0
1505556253,21558051,0.18060,134.81530856,0
1505556250,21558028,0.18012,8178.57849000,1
1505556246,21558004,0.18012,2249.33253900,0
1505556245,21557994,0.18012,1328.30343839,1
1505556245,21557992,0.18020,35.00000000,1
1505556245,21557990,0.18050,1400.00000000,1
1505556245,21557988,0.18060,2145.32131461,1
1505556243,21557978,0.18060,2367.24299000,1
1505556243,21557976,0.18060,1879.77535500,1
1505556242,21557974,0.18060,2163.64368400,1
1505556241,21557964,0.18060,1363.24000000,1
1505556228,21557878,0.18157,318.68897847,0
1505556223,21557845,0.18157,9510.13373634,0
1505556217,21557787,0.18157,4791.14901703,0
1505556213,21557769,0.18157,2266.96282834,0
1505556212,21557749,0.18157,8322.81991955,0
1505556211,21557739,0.18157,1663.19731262,0
1505556209,21557723,0.18157,2140.53379543,0
1505556209,21557720,0.18156,11818.99049000,0
1505556207,21557701,0.18158,2917.24241043,0
1505556206,21557693,0.18159,1315.92338500,0
1505556204,21557666,0.18060,3111.88063800,1
1505556203,21557664,0.18060,1400.00000000,1
1505556203,21557661,0.18159,1341.62550000,0
1505556201,21557646,0.18060,9288.23638989,1
1505556201,21557645,0.18099,37.83414194,1
1505556201,21557642,0.18110,35.00000000,1
1505556200,21557639,0.18110,35.00000000,1
1505556200,21557637,0.18162,606.63485017,1
1505556200,21557636,0.18164,1316.58140000,1
1505556115,21557257,0.18162,252.43766928,0
1505556114,21557240,0.18162,354.50052072,0
1505556079,21557150,0.18123,4856.73368218,1
1505556014,21556961,0.18189,1113.06180985,1
1505556012,21556956,0.18120,9540.80807723,1
1505556012,21556954,0.18120,35.00000000,1
1505556012,21556952,0.18180,41.64480198,1
1505556012,21556950,0.18180,5475.55071100,0
1505556011,21556946,0.18184,100.14813000,1
1505556011,21556945,0.18186,6179.71011581,1
1505556011,21556944,0.18189,795.87900000,0
1505556009,21556938,0.18189,39.52526098,1
1505556009,21556937,0.18243,223.00000000,0
1505556000,21556924,0.18186,67.43088419,1
1505556000,21556923,0.18250,50.00000000,1
1505556000,21556921,0.18279,41.28339581,1
1505555963,21556840,0.18300,3000.00000000,1
1505555963,21556839,0.18300,20521.00000000,1
1505555962,21556831,0.18321,1363.23962000,1
1505555927,21556756,0.18320,906.70577947,1
1505555911,21556701,0.18320,2005.90000000,1
1505555910,21556694,0.18320,2005.90000000,1
1505555909,21556688,0.18320,2005.90000000,1
1505555909,21556685,0.18320,2005.90000000,1
1505555908,21556681,0.18346,2005.87420000,0
1505555861,21556612,0.18320,395.65697000,1
1505555855,21556602,0.18320,928.42612700,1
1505555853,21556600,0.18321,14012.74527269,1
1505555853,21556599,0.18380,423.46437431,1
1505555846,21556581,0.18430,26.62213781,0
1505555844,21556579,0.18373,288.00000000,0
1505555772,21556364,0.18376,1000.72594600,1
1505555751,21556316,0.18373,1226.04295269,1
1505555681,21556194,0.18373,663.92703487,1
1505555660,21556164,0.18412,10000.00000000,1
1505555622,21556072,0.18391,485.00000000,1
1505555599,21556029,0.18430,1058.36378300,0
1505555598,21556028,0.18430,483.00000000,0
1505555591,21556006,0.18430,1293.48368189,1
1505555591,21556004,0.18430,0.00015589,1
1505555586,21555985,0.18431,1263.48272296,0
1505555581,21555956,0.18430,7695.86711883,1
1505555579,21555951,0.18431,1301.75165132,1
1505555564,21555931,0.18470,600.00000000,0
1505555562,21555929,0.18470,6327.83976600,0
1505555562,21555928,0.18470,8096.67414300,0
1505555522,21555833,0.18430,2304.13272528,0
1505555519,21555828,0.18430,172.67778393,0
1505555514,21555817,0.18430,1261.88190952,0
1505555508,21555800,0.18430,1261.30758127,0
1505555465,21555586,0.18371,1313.09146500,0
1505555412,21555312,0.18420,685.30744000,1
1505555412,21555310,0.18421,16.07119000,1
1505555411,21555304,0.18421,3956.12761000,1
1505555395,21555169,0.18336,1704.67716299,0
1505555394,21555156,0.18280,371.91634802,1
1505555392,21555138,0.18338,1700.97086912,0
1505555387,21555090,0.18336,1697.31907958,0
1505555384,21555068,0.18339,1693.66273735,0
1505555381,21555043,0.18338,1690.17503134,0
1505555379,21555024,0.18339,1686.75884498,0
1505555372,21554976,0.18344,1683.64986217,0
1505555371,21554967,0.18200,9233.20791000,0
1505555371,21554965,0.18200,500.00000000,1
1505555371,21554963,0.18210,150.00000000,1
1505555370,21554962,0.18210,35.00000000,1
1505555370,21554959,0.18214,81.79209000,1
1505555370,21554955,0.18346,6252.17263843,0
1505555370,21554951,0.18346,346.73130000,0
1505555369,21554948,0.18345,4952.86870000,0
1505555368,21554919,0.18346,1681.01483677,0
1505555364,21554875,0.18349,998.53653749,1
1505555361,21554812,0.18349,0.00000031,1
1505555361,21554811,0.18349,1489.25537200,1
1505555359,21554806,0.18417,1629.65095243,0
1505555359,21554804,0.18399,41.28339581,0
1505555356,21554777,0.18350,1489.25537200,1
1505555331,21554672,0.18215,5136.05154138,1
1505555331,21554671,0.18220,35.00000000,1
1505555331,21554669,0.18222,268.81454321,1
1505555330,21554667,0.18279,41.28339581,1
1505555329,21554651,0.18417,1713.38642050,1
1505555329,21554648,0.18417,1206.80306585,1
1505555328,21554641,0.18349,1490.00000000,0
1505555325,21554619,0.18417,599.00000000,0
1505555325,21554613,0.18417,4410.18949779,0
1505555320,21554559,0.18222,279.97825312,1
1505555319,21554556,0.18238,10133.97805680,1
1505555319,21554553,0.18300,2061.00942622,1
1505555318,21554551,0.18310,150.00000000,1
1505555318,21554548,0.18310,35.00000000,1
1505555318,21554541,0.18320,35.00000000,1
1505555318,21554539,0.18320,298.80414696,0
1505555317,21554536,0.18321,1000.00000000,1
1505555317,21554534,0.18349,3923.00000000,1
1505555317,21554532,0.18349,786.20938277,1
1505555316,21554530,0.18349,15895.24964598,0
1505555316,21554525,0.18350,4727.44332425,1
1505555316,21554519,0.18369,43.10914527,1
1505555315,21554518,0.18400,301.67580560,1
1505555315,21554515,0.18410,150.00000000,1
1505555315,21554513,0.18410,35.00000000,1
1505555315,21554509,0.18410,1356.54281303,0
1505555314,21554497,0.18420,0.00000030,1
1505555313,21554494,0.18420,3062.51991722,1
1505555313,21554490,0.18467,9461.24474627,0
1505555313,21554489,0.18422,6563.69215990,0
1505555309,21554455,0.18469,129.91446886,0
1505555308,21554439,0.18420,122.98850100,1
1505555307,21554427,0.18421,4014.62490000,1
1505555306,21554417,0.18420,568.86920578,1
1505555306,21554416,0.18420,3820.52102622,1
1505555306,21554413,0.18420,6233.12694478,1
1505555305,21554409,0.18420,4357.71459222,1
1505555303,21554383,0.18420,1739.55080000,1
1505555301,21554355,0.18420,94.70901248,1
1505555301,21554353,0.18420,35.00000000,1
1505555300,21554350,0.18459,45.00862652,1
1505555300,21554347,0.18472,83.72678000,1
1505555284,21554197,0.18476,314.40922277,1
1505555284,21554195,0.18480,444.00000000,1
1505555284,21554191,0.18498,100.51928000,1
1505555278,21554155,0.18500,15000.00000000,1
1505555278,21554154,0.18500,17634.45841708,1
1505555277,21554142,0.18500,117848.16135000,1
1505555275,21554132,0.18500,21161.77903800,1
1505555275,21554131,0.18500,19999.84937900,1
1505555274,21554127,0.18500,73936.06774700,1
1505555273,21554119,0.18500,3549.17640700,1
1505555273,21554117,0.18501,1311.98290000,1
1505555269,21554095,0.18500,11650.65690200,1
1505555268,21554094,0.18500,7895.82040000,1
1505555268,21554092,0.18500,1521.54767900,1
1505555268,21554091,0.18500,16375.17102600,1
1505555268,21554090,0.18500,1089.85371900,1
1505555260,21554025,0.18500,500.00000000,1
1505555246,21553913,0.18500,6521.30892600,1
1505555242,21553890,0.18500,952.90196400,1
1505555240,21553872,0.18500,24263.24704592,1
1505555239,21553870,0.18500,434.36043243,1
1505555239,21553868,0.18500,0.00000100,1
1505555239,21553867,0.18501,2854.68000000,1
1505555239,21553865,0.18510,150.00000000,1
1505555239,21553864,0.18510,1000.00000000,1
1505555239,21553862,0.18510,35.00000000,1
1505555239,21553861,0.18549,46.97944040,1
1505555239,21553860,0.18561,0.00000025,1
1505555236,21553824,0.18562,1436.48637700,1
1505555230,21553794,0.18561,2491.05662300,1
1505555222,21553748,0.18566,9299.93693600,1
1505555220,21553736,0.18566,4533.54070500,1
1505555210,21553716,0.18566,3643.40773000,1
1505555202,21553667,0.18566,1684.19485800,1
1505555199,21553661,0.18566,3972.33434800,1
1505555196,21553645,0.18567,2966.09600100,1
1505555165,21553513,0.18566,55000.00000000,1
1505555145,21553427,0.18566,8241.01246300,1
1505555144,21553423,0.18567,2163.75397400,1
1505555143,21553415,0.18567,1760.00212600,1
1505555080,21553085,0.18566,2741.00000000,1
1505555077,21553076,0.18566,13428.03903000,1
1505555077,21553075,0.18567,13553.83415000,1
1505555077,21553074,0.18568,984.77245000,1
1505555077,21553073,0.18574,1568.23437000,1
1505555066,21553034,0.18567,1013.00000000,1
1505555064,21553020,0.18566,4456.53393000,1
1505555064,21553018,0.18572,222.14869000,1
1505555064,21553016,0.18572,1111.31738000,1
1505555056,21552988,0.18689,169.98059612,1
1505555055,21552987,0.18690,3919.20600000,1
1505554999,21552815,0.18566,1466.18614759,1
1505554999,21552813,0.18566,3924.81520000,1
1505554861,21552508,0.18620,6905.35476858,0
1505554803,21552420,0.18591,64.28571400,0
1505554786,21552365,0.18600,1037.88153139,1
1505554769,21552301,0.18619,1552.06268700,0
1505554769,21552299,0.18619,7518.87348400,0
1505554768,21552298,0.18619,6905.35476900,0
1505554748,21552252,0.18600,12034.28532300,1
1505554748,21552251,0.18601,2084.69328000,1
1505554748,21552250,0.18601,1272.83450000,1
1505554728,21552211,0.18620,500.00000000,0
1505554691,21552129,0.18620,8034.27485900,0
1505554687,21552121,0.18620,1.87119890,0
1505554687,21552120,0.18611,98.94232110,0
1505554685,21552111,0.18611,515.99206400,0
1505554683,21552106,0.18611,1096.97188000,0
1505554681,21552099,0.18611,2498.89788100,0
1505554667,21552077,0.18611,273.88322800,0
1505554662,21552055,0.18607,1000.00000000,1
1505554657,21552036,0.18610,150.00000000,1
1505554654,21552028,0.18611,1159.51917100,0
1505554654,21552024,0.18611,1318.25800000,0
1505554654,21552023,0.18611,1297.70100000,0
1505554654,21552022,0.18611,1801.92451600,0
1505554636,21551987,0.18611,1280.43360000,1
1505554614,21551957,0.18620,973.66675618,0
1505554612,21551952,0.18620,4000.00000000,0
1505554564,21551836,0.18620,7670.00966500,0
1505554564,21551835,0.18620,1972.10741700,0
1505554563,21551833,0.18620,500.00000000,0
1505554561,21551829,0.18620,192.00000000,0
1505554560,21551827,0.18620,2884.00000000,0
1505554554,21551818,0.18620,12096.23058300,0
1505554554,21551817,0.18620,192.00000000,0
1505554554,21551816,0.18620,1803.21700000,0
1505554552,21551815,0.18620,21877.43406200,0
1505554550,21551814,0.18620,192.00000000,0
1505554545,21551811,0.18620,75.69712000,0
1505554544,21551810,0.18619,116.30288000,0
1505554544,21551809,0.18619,2884.00000000,0
1505554541,21551807,0.18620,192.00000000,0
1505554539,21551804,0.18620,2884.00000000,0
1505554539,21551802,0.18620,2121.46200000,0
1505554535,21551798,0.18620,1318.25800000,0
1505554534,21551797,0.18620,1000.00000000,0
1505554533,21551796,0.18620,1290.92320000,0
1505554532,21551795,0.18620,15993.70483000,0
1505554532,21551794,0.18639,49.02744034,1
1505554532,21551793,0.18640,5000.00000000,1
1505554532,21551792,0.18645,3280.76110000,1
1505554441,21551665,0.18645,102.16682100,1
1505554291,21551519,0.18763,2031.23167936,0
1505554077,21551263,0.18800,839.80047478,0
1505554077,21551262,0.18770,479.05410000,0
1505554077,21551261,0.18770,2395.27049000,0
1505554075,21551259,0.18669,859.51315703,0
1505554000,21551224,0.18669,343.18272400,0
1505553988,21551208,0.18669,9595.67429300,0
1505553988,21551207,0.18669,7333.62982597,0
1505553988,21551206,0.18668,1202.69588103,0
1505553982,21551194,0.18668,4909.58511900,0
1505553806,21551062,0.18700,926.64240100,0
1505553797,21551057,0.18700,92.73352300,0
1505553735,21551036,0.18640,53.10160400,1
1505553718,21551017,0.18700,3277.47492759,0
1505553718,21551016,0.18699,2113.52642000,0
1505553706,21550999,0.18700,5126.69832700,0
1505553705,21550998,0.18700,27365.00714700,0
1505553705,21550997,0.18699,2892.54174000,0
1505553694,21550982,0.18700,121.48952000,0
1505553694,21550981,0.18699,2027.55503000,0
1505553672,21550904,0.18700,2099.69829800,0
1505553672,21550902,0.18700,20330.01479200,0
1505553672,21550900,0.18700,17749.91115300,0
1505553671,21550898,0.18700,2762.29823900,0
1505553671,21550897,0.18700,4981.17115000,0
1505553671,21550895,0.18699,2713.76941000,0
1505553670,21550894,0.18700,1620.21614100,0
1505553670,21550892,0.18700,2762.29824000,0
1505553670,21550890,0.18700,17819.90827600,0
1505553670,21550889,0.18700,12358.26397400,0
1505553670,21550888,0.18700,17313.84758963,0
1505553670,21550887,0.18699,1620.21614137,0
1505553665,21550866,0.18699,1299.27120863,0
1505553630,21550827,0.18697,1473.27208193,0
1505553626,21550826,0.18696,4545.14107870,0
1505553625,21550824,0.18697,370.37358934,1
1505553623,21550817,0.18697,4545.14107870,0
1505553611,21550811,0.18640,2000.00000000,1
1505553608,21550808,0.18669,222.99993752,0
1505553600,21550799,0.18642,196.49314000,1
1505553566,21550765,0.18699,121.81472000,0
1505553566,21550763,0.18699,2762.18528000,0
1505553563,21550758,0.18699,191.00000000,0
1505553510,21550719,0.18707,1766.69708600,0
1505553441,21550676,0.18710,1166.10313000,0
1505553419,21550656,0.18710,150.00000000,1
1505553411,21550650,0.18711,4214.50000000,0
1505553409,21550647,0.18711,3913.39040000,1
1505553353,21550580,0.18729,51.15283397,1
1505553342,21550554,0.18730,1306.08670000,1
1505553291,21550483,0.18740,1386.00000000,0
1505553291,21550482,0.18739,1651.18655000,1
1505553290,21550481,0.18740,2258.60000000,0
1505553290,21550480,0.18739,1387.02800000,1
1505553289,21550477,0.18740,2258.60000000,0
1505553288,21550471,0.18740,2258.60000000,0
1505553287,21550463,0.18739,2261.38545000,1
1505553287,21550462,0.18739,1277.62540000,1
1505553062,21550274,0.18737,2000.00000000,1
1505553004,21550246,0.18799,63.67360000,0
1505552868,21550147,0.18816,26.50685587,0
1505552810,21550088,0.18799,1277.34390000,1
1505552808,21550085,0.18799,1997.04263000,1
1505552808,21550084,0.18800,1277.34390000,1
1505552770,21550062,0.18801,4216.00000000,0
1505552720,21549982,0.18800,3505.57903000,1
1505552702,21549953,0.18799,272.61347000,1
1505552702,21549952,0.18810,150.00000000,1
1505552702,21549951,0.18812,3274.38653000,1
1505552700,21549949,0.18842,9216.18415996,1
1505552700,21549948,0.18842,1971.38653000,1
1505552699,21549947,0.18844,1725.61347000,1
1505552699,21549946,0.18844,3274.38653000,1
1505552699,21549944,0.18845,337.53055000,1
1505552699,21549943,0.18845,3274.38653000,1
1505552699,21549942,0.18846,576.78987900,1
1505552698,21549941,0.18846,3274.38653000,1
1505552660,21549910,0.18846,53.96739100,1
1505552400,21549609,0.18845,411.73361000,1
1505552162,21549429,0.18854,12081.26335600,0
1505552107,21549394,0.18844,2641.72490300,1
1505552107,21549393,0.18845,2904.81489700,1
1505552106,21549390,0.18845,991.18600300,1
1505552106,21549388,0.18851,4649.94005000,1
1505552099,21549369,0.18844,1690.20870800,1
1505552099,21549368,0.18850,18000.00000000,1
1505552099,21549367,0.18852,3902.71860000,1
1505552065,21549347,0.18851,3616.00000000,1
1505552041,21549310,0.18854,125.36205400,0
1505551957,21549239,0.18854,245.37459000,0
1505551498,21548727,0.18854,90.44730100,0
1505551474,21548703,0.18854,1626.47416200,0
1505551473,21548702,0.18854,2175.07853700,0
1505551431,21548670,0.18900,1014.64434921,1
1505551431,21548669,0.18900,2985.35565079,1
1505551390,21548607,0.18900,4000.00000000,1
1505551336,21548544,0.18900,4000.00000000,1
1505551312,21548509,0.18901,3551.14130000,1
1505551304,21548494,0.18901,346.00000000,1
1505551239,21548403,0.18921,1403.14993900,1
1505551232,21548397,0.18928,335.59832792,0
1505551230,21548393,0.18920,500.00000000,0
1505551209,21548382,0.18844,453.00000000,1
1505551203,21548376,0.18882,63.26638500,0
1505550879,21547903,0.18919,1248.40156900,0
1505550796,21547801,0.18928,137.98866763,1
1505550794,21547800,0.18880,0.24578913,0
1505550733,21547752,0.18880,491.53669987,0
1505550601,21547628,0.18930,301.67580560,0
1505550362,21547415,0.18844,3295.44416000,1
1505550361,21547412,0.18927,497.09811100,0
1505550247,21547200,0.18927,3386.90188900,1
1505550247,21547199,0.18927,497.09811100,1
1505550231,21547182,0.18849,683.00000000,1
1505550220,21547158,0.18846,3887.00000000,1
1505550216,21547155,0.18927,2122.45833993,0
1505550214,21547153,0.18885,475.00000000,0
1505550157,21547098,0.18842,2661.00000000,1
1505550137,21547066,0.18805,52.96000000,1
1505550129,21547064,0.18832,3893.00000000,1
1505550021,21546888,0.18808,453.00000000,1
1505549941,21546814,0.18927,369.67810800,0
1505549831,21546742,0.18918,293.00000000,1
1505549806,21546729,0.18922,6521.30892601,0
1505549778,21546711,0.18918,386.44270007,0
1505549713,21546642,0.18800,136.46900312,1
1505549713,21546641,0.18801,1396.74255000,1
1505549713,21546640,0.18816,417.58220888,1
1505549710,21546638,0.18921,71.74701000,1
1505549591,21546506,0.18818,1971.91062019,1
1505549591,21546505,0.18819,53.35847481,1
1505549476,21546376,0.18931,44.78791400,0
1505549404,21546301,0.18974,9.78716660,0
1505549404,21546300,0.18926,53.43227040,0
1505549281,21546190,0.18833,405.13802200,1
1505549158,21546100,0.18816,0.20889556,0
1505549155,21546098,0.18816,417.79110444,0
1505549151,21546095,0.18814,98.31397000,1
1505549150,21546094,0.18815,15927.28893000,1
1505549150,21546093,0.18816,3918.04710000,1
1505549103,21546060,0.18807,247.03299613,0
1505549056,21546017,0.18805,53.38709700,1
1505548882,21545881,0.18807,372.52557499,0
1505548858,21545822,0.18804,421.56772960,0
1505548858,21545820,0.18806,53.43227040,1
1505548800,21545752,0.18808,459.47508000,1
1505548655,21545619,0.18813,1743.53684000,1
1505548582,21545564,0.18900,275.80390970,1
1505548561,21545537,0.18900,151.28356230,0
1505548507,21545470,0.18820,2488.31446969,1
1505548507,21545468,0.18896,55.72633431,1
1505548456,21545384,0.18900,426.71643770,1
1505548402,21545313,0.18990,30.00000000,0
1505548358,21545244,0.18986,58.10600950,1
1505548300,21545166,0.18998,1905.98560579,0
1505548298,21545165,0.19000,1905.98560579,0
1505548298,21545164,0.19000,2147.00000000,0
1505548298,21545163,0.19000,150.00000000,0
1505548298,21545162,0.18999,1048.61871000,0
1505548216,21545066,0.18999,415.58274776,0
1505548216,21545064,0.18971,58.94123304,0
1505548201,21544985,0.18900,0.00000030,0
1505548122,21544843,0.18900,3754.37762400,0
1505548100,21544778,0.18900,10053.64797100,0
1505548100,21544776,0.18899,8739.88784000,0
1505548094,21544752,0.18880,1588.81474420,0
1505548091,21544741,0.18883,147.76239687,0
1505547905,21544622,0.18800,3424.45868475,0
1505547904,21544618,0.18800,3281.00000000,0
1505547904,21544616,0.18800,474.49678820,0
1505547903,21544612,0.18800,175.42553191,0
1505547898,21544604,0.18800,474.32923852,0
1505547893,21544588,0.18800,474.16178930,0
1505547887,21544585,0.18800,473.99070331,0
1505547882,21544582,0.18800,473.82335577,0
1505547877,21544579,0.18800,473.65600824,0
1505547871,21544573,0.18799,473.58445072,0
1505547862,21544566,0.18900,6191.97440470,0
1505547862,21544565,0.18900,994.47459000,1
1505547862,21544564,0.18881,56.50967586,0
1505547860,21544559,0.18880,0.99999500,0
1505547822,21544544,0.18880,470.00000000,0
1505547669,21544373,0.18838,2134.00000000,0
1505547603,21544327,0.18779,63.52491600,0
1505547345,21544084,0.18711,2402.34997500,1
1505547345,21544083,0.18715,1547.28572000,1
1505547245,21544016,0.18712,470.52900000,1
1505547161,21543926,0.18715,629.00000000,1
1505547147,21543913,0.18869,52.86480471,0
1505547135,21543900,0.18711,2110.10422000,1
1505547135,21543899,0.18711,1889.89578000,1
1505547110,21543878,0.18720,316.97480000,0
1505547110,21543877,0.18721,3683.02520000,1
1505547085,21543852,0.18819,11702.19411462,0
1505547085,21543851,0.18818,9966.11900000,0
1505547085,21543850,0.18762,216.22679521,0
1505547082,21543848,0.18717,478.00000000,1
1505547057,21543825,0.18715,862.81427214,0
1505547054,21543820,0.18761,2013.18572786,1
1505547052,21543809,0.18761,1690.89977214,1
1505547052,21543808,0.18761,56.50967586,1
1505547010,21543761,0.18762,3715.77320479,1
1505547004,21543755,0.18762,216.44499521,1
1505546865,21543497,0.18850,4480.88731900,1
1505546865,21543496,0.18850,3519.11268100,1
1505546863,21543494,0.18851,5639.81216100,1
1505546863,21543492,0.18852,780.29368100,1
1505546862,21543490,0.18852,2795.54841900,1
1505546847,21543465,0.18851,8496.94718696,1
1505546846,21543463,0.18851,58.94123304,1
1505546841,21543450,0.18944,8546.95906573,1
1505546840,21543449,0.18944,2517.07002000,0
1505546737,21543386,0.18957,9260.95706013,1
1505546737,21543385,0.18957,10686.34985000,1
1505546736,21543384,0.18899,56.94460593,0
1505546736,21543383,0.18899,884.30850800,1
1505546736,21543382,0.18890,53.24396800,0
1505546734,21543379,0.18877,1266.12000000,0
1505546704,21543325,0.18817,5339.30000000,1
1505546633,21543273,0.18855,4256.69825000,0
1505546633,21543272,0.18858,11539.17663000,1
1505546632,21543271,0.18854,5339.30000000,0
1505546553,21543164,0.18766,1435.00000000,1
1505546536,21543131,0.18765,53.24396800,1
1505546526,21543105,0.18763,1271.07612199,1
1505546525,21543104,0.18764,2728.92387801,1
1505546499,21543085,0.18761,4000.00000000,1
1505546474,21543061,0.18865,2217.72069970,0
1505546473,21543057,0.18812,523.00000000,0
1505546471,21543056,0.18757,3912.00000000,1
1505546442,21543021,0.18753,4000.00000000,1
1505546414,21542988,0.18748,211.00000000,1
1505546400,21542977,0.18746,421.35045000,1
1505546385,21542954,0.18743,1435.00000000,1
1505546320,21542864,0.18874,735.07306000,0
1505546320,21542863,0.18874,3675.36530000,0
1505546229,21542792,0.18759,3943.00000000,0
1505546229,21542791,0.18757,456.02636000,0
1505546226,21542787,0.18757,3943.00000000,0
1505546224,21542786,0.18600,500.10146000,1
1505546224,21542784,0.18618,1691.42369000,1
1505546224,21542783,0.18756,16697.40900000,1
1505546223,21542780,0.18758,1010.19683000,0
1505546222,21542778,0.18758,17000.00000000,1
1505546222,21542777,0.18758,3927.60890000,1
1505546198,21542758,0.18757,4000.00000000,1
1505546169,21542730,0.18756,487.00000000,1
1505545970,21542417,0.18758,341.57639500,0
1505545950,21542404,0.18680,3088.74718151,0
1505545950,21542403,0.18680,3366.63339000,0
1505545948,21542402,0.18739,56.94460593,1
1505545948,21542401,0.18739,2377.67482256,1
1505545870,21542354,0.18758,223.57536500,0
1505545825,21542290,0.18739,695.00000000,1
1505545804,21542273,0.18760,63.80597000,0
1505545742,21542216,0.18693,211.00000000,0
1505545457,21542044,0.18640,53.24396800,1
1505545261,21541945,0.18666,101.64954400,0
1505545201,21541892,0.18615,1925.98588000,1
1505545035,21541683,0.18646,2000.00000000,1
1505544869,21541511,0.18624,41.89176900,1
1505544869,21541510,0.18624,1185.82621100,1
1505544867,21541509,0.18624,398.62438200,1
1505544858,21541507,0.18624,284.58990700,1
1505544726,21541279,0.18717,3508.77723500,0
1505544691,21541267,0.18721,1328.99925397,0
1505544500,21541076,0.18737,1934.42553700,0
1505544437,21541055,0.18622,2903.00000000,1
1505544323,21540984,0.18680,289.07691400,1
1505544323,21540983,0.18705,3727.36848000,1
1505544313,21540976,0.18757,51.50067830,1
1505544301,21540960,0.18757,57.47090470,0
1505544296,21540959,0.18677,15004.30210604,0
1505544296,21540958,0.18677,1318.14350000,1
1505544296,21540957,0.18678,889.77686000,1
1505544296,21540956,0.18699,3203.91397000,1
1505544296,21540955,0.18700,33329.19786096,1
1505544295,21540954,0.18702,4444.60911000,1
1505544284,21540937,0.18701,1565.08854400,1
1505544260,21540903,0.18701,97.31023500,1
1505544203,21540857,0.18700,38190.15637600,0
1505544192,21540845,0.18699,3719.29004000,1
1505544190,21540844,0.18699,3719.29004000,0
1505544165,21540817,0.18699,2718.41202800,0
1505544092,21540775,0.18628,9732.86873252,1
1505544061,21540738,0.18699,132.82471700,0
1505544041,21540720,0.18700,1809.84362400,0
1505544041,21540719,0.18699,5762.54755000,0
1505544019,21540698,0.18699,394.47400000,0
1505544018,21540694,0.18603,272.05674100,1
1505544018,21540692,0.18610,35.00000000,1
1505544003,21540667,0.18653,64.01411800,0
1505543964,21540645,0.18650,500.00000000,1
1505543903,21540609,0.18700,282.06946500,0
1505543891,21540599,0.18700,360.64900800,0
1505543683,21540360,0.18751,526.10588484,0
1505543683,21540359,0.18749,679.00000000,0
1505543667,21540335,0.18700,4192.55445736,0
1505543657,21540312,0.18653,1329.83027000,1
1505543657,21540311,0.18653,57.47090470,1
1505543646,21540294,0.18700,1239.12763300,0
1505543643,21540276,0.18699,1376.94671000,0
1505543643,21540275,0.18699,5431.68209000,0
1505543511,21540170,0.18749,2902.20417099,0
1505543468,21540121,0.18666,1733.39119000,1
1505543407,21540052,0.18700,72.00000000,1
1505543407,21540050,0.18710,35.00000000,1
1505543406,21540049,0.18735,81.32371000,1
1505543386,21540044,0.18750,0.00004769,1
1505543171,21539889,0.18750,577.98490747,1
1505543166,21539866,0.18750,526.10588484,1
1505543160,21539837,0.18751,1297.82398432,1
1505543113,21539745,0.18750,795.90916000,1
1505543113,21539744,0.18751,1320.24880000,1
1505543104,21539716,0.18751,858.76008000,1
1505543099,21539697,0.18751,245.33076000,1
1505542987,21539100,0.18796,103.34569000,1
1505542987,21539098,0.18796,2500.55467000,1
1505542987,21539097,0.18797,1711.41480000,1
1505542952,21538996,0.18880,1289.67890000,1
1505542935,21538958,0.18878,53.24396800,1
1505542868,21538902,0.18921,669.96556095,1
1505542868,21538901,0.18931,313.07777500,1
1505542854,21538886,0.18921,1080.24130000,1
1505542846,21538873,0.18931,1990.00000000,0
1505542528,21538487,0.18988,4405.99800513,0
1505542506,21538441,0.19000,1705.73671001,1
1505542505,21538440,0.19001,6807.57421054,1
1505542504,21538437,0.19000,1778.68325198,1
1505542502,21538431,0.19000,1605.35641328,1
1505542496,21538421,0.19000,10449.87051200,0
1505542496,21538420,0.18996,502.28413000,0
1505542496,21538419,0.18996,2511.42067000,0
1505542489,21538412,0.19000,1311.27284828,1
1505542487,21538408,0.19000,9495.77438040,1
1505542487,21538406,0.19000,1423.37256325,1
1505542487,21538405,0.18997,620.10387000,0
1505542487,21538404,0.18794,3100.51934000,0
1505542487,21538403,0.18750,1047.95944257,0
1505542484,21538401,0.18750,439.43261727,0
1505542480,21538395,0.18750,1019.85607984,0
1505542477,21538384,0.18750,1719.74582016,0
1505542462,21538368,0.18750,500.00000000,1
1505542459,21538362,0.18795,2225.63265500,0
1505542459,21538361,0.18794,3683.78536000,0
1505542459,21538359,0.18792,7651.24339000,0
1505542440,21538316,0.18794,3914.77480100,0
1505542349,21538066,0.18800,5339.30000000,0
1505542348,21538062,0.18797,5339.30000000,0
1505542348,21538060,0.18800,788.98722000,0
1505542348,21538059,0.18799,4550.31278000,0
1505542337,21537999,0.18800,250.13131500,1
1505542294,21537891,0.18800,2674.65660000,1
1505542292,21537883,0.18801,1325.34340000,1
1505542285,21537868,0.18800,274.08249100,1
1505542285,21537862,0.18800,878.07500000,1
1505542284,21537860,0.18800,1653.63695900,1
1505542252,21537719,0.18800,4345.39795500,1
1505542252,21537716,0.18801,2632.48022800,1
1505542252,21537715,0.18801,2932.59875200,1
1505542245,21537675,0.18801,11348.96692000,1
1505542245,21537674,0.18818,97.79058000,1
1505542245,21537673,0.18850,100.00000000,1
1505542244,21537672,0.18850,435.21750000,1
1505542203,21537581,0.18945,63.17956300,0
1505542076,21537362,0.18850,64.78250000,1
1505542076,21537361,0.18863,100.00000000,1
1505542026,21537282,0.18855,1915.22142000,1
1505542026,21537281,0.18856,768.97348000,1
1505541995,21537232,0.18863,1936.61290300,1
1505541995,21537231,0.18880,780.00000000,1
1505541969,21537142,0.18988,1000.00000000,0
1505541958,21537111,0.18990,1000.00000000,0
1505541855,21536993,0.18871,53.38709700,1
1505541644,21536814,0.18905,1989.00549725,0
1505541613,21536741,0.18855,2287.32126000,1
1505541602,21536706,0.18854,2527.70647000,1
1505541602,21536704,0.18860,100.00000000,1
1505541567,21536692,0.18997,2268.92702035,0
1505541567,21536691,0.18997,677.81067000,0
1505541459,21536587,0.18869,339.82764980,1
1505541459,21536586,0.18901,113.97545000,1
1505541459,21536585,0.18921,150.00000000,1
1505541458,21536583,0.18941,150.00000000,1
1505541438,21536575,0.19000,3412.29899970,1
1505541436,21536574,0.19000,190.00000000,1
1505541431,21536572,0.19001,100.00000000,1
1505541428,21536570,0.19001,219.45186500,1
1505541423,21536562,0.18990,2946.73769000,0
1505541418,21536551,0.19000,9495.77438005,1
1505541418,21536550,0.18993,3501.07449000,0
1505541418,21536549,0.18991,15484.19958000,0
1505541418,21536548,0.18950,1678.15760195,0
1505541404,21536542,0.18950,122.34214818,1
1505541404,21536541,0.18988,199.50024987,1
1505541388,21536525,0.18988,0.49975013,0
1505541369,21536489,0.18988,999.50024987,0
1505541356,21536468,0.18986,1258.10338000,0
1505541333,21536445,0.18950,315.24705884,1
1505541333,21536443,0.18950,846.25904116,1
