date,tid,price,amount,type
1507247832,22838192,3671.99,0.02023978,0
1507247753,22838187,3671.88,0.01261178,0
1507247586,22838089,3671.89,0.10277997,0
1507247572,22838084,3671.89,0.01563809,0
1507247533,22838071,3657.56,0.02763720,1
1507247473,22838059,3677.64,0.02173596,0
1507247436,22838050,3677.70,0.02628335,0
1507247410,22838048,3677.99,0.01791388,0
1507247371,22838042,3678.08,0.12823535,0
1507247353,22837993,3678.29,0.30868632,0
1507247241,22837975,3678.89,0.01630000,0
1507247230,22837968,3672.79,0.01235333,0
1507247197,22837949,3672.76,0.39652741,0
1507247190,22837947,3672.68,0.11349960,0
1507247190,22837946,3672.44,0.15105115,0
1507247018,22837872,3672.09,0.00104600,1
1507247015,22837869,3672.09,0.15000000,1
1507247008,22837867,3672.09,0.04188600,0
1507246834,22837832,3672.10,0.02565375,0
1507246795,22837801,3672.13,0.00761590,0
1507246600,22837666,3664.81,0.02723208,1
1507246514,22837662,3673.69,0.00709761,0
1507246514,22837661,3673.67,0.10000000,1
1507246512,22837659,3673.67,0.00292413,1
1507246495,22837653,3673.35,0.01097531,0
1507246495,22837652,3670.19,0.20000000,0
1507246468,22837646,3670.40,0.24133065,0
1507246461,22837645,3669.70,0.17153446,0
1507246456,22837642,3670.50,0.86343996,0
1507246456,22837641,3670.49,0.23000000,0
1507246450,22837640,3669.87,0.14123948,0
1507246445,22837619,3670.33,0.28000000,0
1507246445,22837618,3670.09,0.01230780,0
1507246439,22837612,3670.34,1.17068514,0
1507246439,22837611,3670.21,0.28000000,0
1507246439,22837610,3670.21,0.76970487,0
1507246439,22837609,3670.00,1.45194323,0
1507246438,22837608,3670.00,0.40366382,0
1507246437,22837605,3670.00,0.38712367,0
1507246437,22837603,3670.00,0.07576928,0
1507246434,22837602,3670.21,0.01429503,0
1507246433,22837600,3670.20,0.29666341,0
1507246432,22837599,3670.20,0.08693217,0
1507246429,22837597,3664.90,0.69090000,0
1507246427,22837586,3664.81,0.08139186,0
1507246361,22837534,3663.38,0.00213500,0
1507246358,22837533,3663.41,0.00427000,1
1507246354,22837529,3663.55,0.02637495,0
1507246342,22837516,3663.45,0.17337856,0
1507246338,22837514,3663.38,0.56078117,0
1507246327,22837500,3650.00,0.16000000,1
1507246327,22837499,3650.00,2.32948780,1
1507246327,22837498,3650.00,0.01091000,1
1507246327,22837496,3650.00,0.10058300,1
1507246327,22837495,3650.00,0.10017260,1
1507246327,22837494,3650.00,0.20000000,1
1507246326,22837493,3651.00,0.09049575,1
1507246326,22837492,3652.00,0.05979687,1
1507246324,22837491,3659.44,0.00853999,1
1507246319,22837487,3652.00,0.04072886,1
1507246319,22837486,3652.11,0.92010856,1
1507246319,22837485,3654.64,0.00270890,1
1507246319,22837484,3655.80,0.01483599,1
1507246319,22837483,3659.44,0.01707999,1
1507246319,22837482,3659.44,0.00219220,1
1507246305,22837471,3663.77,0.14956467,0
1507246293,22837435,3660.90,0.02322157,0
1507246290,22837419,3660.90,0.13676448,1
1507246290,22837418,3661.00,0.81810052,1
1507246287,22837410,3663.79,0.17307171,0
1507246275,22837383,3661.00,0.10000000,1
1507246258,22837360,3668.00,0.05997819,1
1507246251,22837358,3670.00,0.17000000,1
1507246203,22837335,3679.70,0.25210751,0
1507246094,22837314,3679.96,0.07376127,0
1507246094,22837313,3678.00,1.00000000,0
1507246088,22837312,3677.93,0.00271210,0
1507246086,22837311,3677.99,0.06237646,0
1507246084,22837309,3677.93,0.02494881,0
1507246031,22837296,3679.64,0.40984363,0
1507246031,22837295,3679.59,0.05348603,0
1507245953,22837286,3679.84,0.00775205,0
1507245847,22837215,3680.00,0.44770913,0
1507245835,22837199,3679.97,0.02029332,0
1507245773,22837182,3682.81,0.15906006,0
1507245761,22837180,3670.60,0.99943418,1
1507245760,22837179,3670.61,0.70422757,1
1507245760,22837178,3672.35,0.26833825,1
1507245760,22837177,3675.00,0.02800000,1
1507245732,22837138,3683.10,0.06619447,0
1507245697,22837131,3672.35,0.09516175,1
1507245696,22837130,3683.26,0.13445164,0
1507245688,22837127,3672.35,0.13500000,1
1507245683,22837124,3672.35,0.00150000,1
1507245682,22837123,3672.36,0.00500000,1
1507245594,22837052,3683.95,0.00747441,0
1507245517,22837000,3682.94,0.05000000,1
1507245501,22836997,3695.36,0.01000000,0
1507245450,22836958,3695.81,0.02421533,0
1507245303,22836917,3699.83,0.06200825,0
1507245297,22836915,3699.82,0.13244330,0
1507245279,22836913,3699.88,0.01000000,0
1507245211,22836898,3700.21,0.02515604,0
1507245131,22836853,3699.56,0.05298616,0
1507245103,22836830,3700.14,0.26263408,0
1507245103,22836829,3700.14,0.38061878,0
1507245095,22836825,3676.29,0.52152620,1
1507245095,22836824,3678.20,2.29780000,1
1507245094,22836822,3678.83,0.03000000,1
1507245094,22836820,3680.00,3.84110535,1
1507245094,22836817,3680.03,0.18000000,1
1507245093,22836816,3680.10,2.00000000,1
1507245093,22836815,3680.11,1.05000000,1
1507245093,22836814,3680.12,0.90866260,0
1507245091,22836813,3684.83,0.82189656,0
1507245091,22836811,3684.83,0.04999964,1
1507244968,22836722,3700.77,0.00242382,0
1507244931,22836717,3685.01,0.01099032,1
1507244888,22836714,3701.18,0.00269480,0
1507244833,22836688,3701.60,0.00747903,0
1507244780,22836681,3702.10,0.00242295,0
1507244776,22836679,3685.31,1.60529047,1
1507244776,22836678,3685.34,1.05353550,1
1507244776,22836677,3685.34,0.00754727,0
1507244775,22836675,3686.71,0.00217233,1
1507244775,22836674,3687.25,0.22205246,0
1507244775,22836673,3687.25,0.00243089,0
1507244775,22836672,3690.00,0.00136500,1
1507244774,22836671,3691.30,0.01367000,1
1507244774,22836670,3691.50,0.01000000,1
1507244774,22836669,3691.85,0.00780888,0
1507244773,22836668,3691.85,0.01283909,1
1507244772,22836667,3702.11,0.01546902,0
1507244770,22836666,3702.12,0.05291143,0
1507244740,22836659,3702.16,0.00242291,0
1507244626,22836606,3707.00,0.00780444,0
1507244609,22836596,3691.26,0.12041205,1
1507244552,22836574,3690.49,0.12067572,1
1507244542,22836566,3695.15,0.02217579,1
1507244534,22836550,3708.67,0.06339591,0
1507244534,22836549,3708.66,0.02228230,0
1507244534,22836548,3695.14,0.02217579,0
1507244532,22836543,3690.37,0.11200000,1
1507244524,22836536,3695.14,0.02228230,1
1507244467,22836498,3709.19,0.01071700,0
1507244439,22836478,3709.19,0.00269601,0
1507244415,22836458,3709.19,0.03461400,0
1507244238,22836392,3709.19,0.01216970,0
1507244238,22836391,3709.00,0.01351837,0
1507244216,22836387,3709.13,0.00241836,0
1507244210,22836386,3709.13,0.00526210,1
1507244209,22836385,3709.19,0.00241832,0
1507244207,22836383,3709.13,0.07500000,1
1507244206,22836382,3709.19,0.00241832,0
1507244204,22836381,3709.13,0.08379570,1
1507244203,22836380,3709.13,0.28156417,1
1507244199,22836378,3709.19,0.00241832,0
1507244197,22836376,3709.13,0.11594570,1
1507244191,22836359,3709.13,0.14262106,1
1507244188,22836349,3709.10,0.28170314,0
1507244188,22836348,3709.10,0.82500000,0
1507244188,22836347,3709.07,0.10527092,0
1507244179,22836343,3690.93,0.28170314,1
1507244179,22836342,3690.96,0.10179092,1
1507244169,22836336,3709.11,0.49870184,0
1507244169,22836335,3709.10,0.65273419,1
1507244168,22836334,3706.82,0.19402455,0
1507244163,22836332,3706.82,0.06189132,0
1507243981,22836304,3707.46,0.00241945,0
1507243972,22836302,3707.50,0.00552000,0
1507243969,22836301,3707.53,0.00449528,0
1507243963,22836298,3707.52,0.00371000,0
1507243950,22836296,3707.60,0.00500000,0
1507243926,22836294,3707.70,0.00365000,0
1507243926,22836293,3686.45,0.26283060,1
1507243926,22836292,3707.70,0.00241928,0
1507243925,22836291,3709.17,0.00437244,0
1507243925,22836290,3707.71,0.00348000,0
1507243921,22836284,3686.44,0.00348000,0
1507243920,22836281,3686.44,0.00348000,1
1507243919,22836279,3708.00,0.00348000,1
1507243919,22836278,3709.18,0.00241832,0
1507243915,22836273,3707.75,0.16141865,1
1507243915,22836272,3707.75,0.09957251,1
1507243914,22836271,3709.20,0.00150000,0
1507243914,22836270,3709.20,0.47020920,0
1507243913,22836269,3709.19,0.23000000,1
1507243913,22836268,3709.19,0.01605313,1
1507243913,22836267,3709.00,1.00000000,0
1507243912,22836266,3708.00,0.55422300,0
1507243912,22836265,3708.00,0.09848033,0
1507243912,22836264,3708.00,0.22650840,1
1507243912,22836263,3707.87,0.40000000,0
1507243911,22836262,3707.75,0.00240712,0
1507243911,22836261,3707.70,1.00000000,1
1507243911,22836259,3706.70,0.00543760,0
1507243910,22836258,3705.99,0.00271940,0
1507243910,22836257,3702.00,0.14450801,0
1507243910,22836255,3701.54,0.00218221,0
1507243909,22836254,3700.09,0.25000000,0
1507243909,22836253,3700.00,0.05000000,0
1507243909,22836252,3700.00,0.06333394,0
1507243909,22836251,3700.00,3.08159053,0
1507243909,22836250,3700.00,1.00000000,0
1507243908,22836249,3700.00,0.36700000,0
1507243908,22836248,3700.00,0.03095500,0
1507243908,22836246,3700.00,0.03006052,0
1507243908,22836245,3700.00,1.84356900,0
1507243908,22836244,3700.00,0.01941308,0
1507243908,22836242,3700.00,0.22801624,0
1507243908,22836240,3700.00,0.04115900,0
1507243908,22836239,3700.00,0.02730000,0
1507243908,22836238,3700.00,0.01376877,0
1507243907,22836237,3700.00,0.03000000,0
1507243907,22836236,3700.00,0.05000000,0
1507243907,22836235,3700.00,0.37000000,0
1507243907,22836234,3700.00,0.50000000,0
1507243907,22836233,3700.00,0.01000000,0
1507243907,22836231,3700.00,0.01353344,0
1507243907,22836230,3700.00,0.00270030,0
1507243907,22836229,3700.00,0.12300000,0
1507243907,22836228,3700.00,0.01990000,0
1507243906,22836227,3700.00,0.34076100,0
1507243906,22836226,3700.00,0.02734129,0
1507243906,22836225,3700.00,2.00000000,0
1507243906,22836224,3700.00,1.00000000,0
1507243906,22836223,3699.88,0.02711711,0
1507243906,22836222,3699.87,0.75625870,0
1507243905,22836221,3699.80,1.00000000,0
1507243905,22836220,3699.58,0.05000000,0
1507243905,22836219,3699.47,0.15750285,0
1507243904,22836218,3699.44,0.00272370,0
1507243904,22836217,3699.30,0.30000000,0
1507243904,22836216,3699.30,0.02276100,0
1507243904,22836215,3699.00,0.03626857,0
1507243903,22836214,3699.00,1.00000000,0
1507243903,22836213,3699.00,0.00627724,0
1507243903,22836212,3699.00,0.20000000,0
1507243903,22836211,3699.00,0.05000000,0
1507243903,22836210,3698.62,0.01270252,0
1507243903,22836209,3698.00,0.10492600,0
1507243902,22836208,3697.53,0.00272560,0
1507243902,22836207,3697.42,0.00272570,0
1507243902,22836206,3697.00,1.47337467,0
1507243900,22836205,3696.98,0.69308272,0
1507243893,22836203,3686.21,0.00237798,1
1507243892,22836202,3686.21,1.64000157,1
1507243871,22836193,3696.98,0.04004952,0
1507243862,22836187,3696.98,0.01259177,0
1507243862,22836186,3696.51,0.00027187,0
1507243848,22836181,3696.51,0.00960000,0
1507243847,22836180,3696.51,0.01286364,0
1507243835,22836176,3696.51,0.01286364,0
1507243827,22836174,3695.00,0.02283918,0
1507243826,22836170,3695.00,0.03328661,0
1507243826,22836169,3694.99,0.01213636,0
1507243819,22836165,3694.99,0.01286364,1
1507243817,22836164,3695.00,0.04542100,0
1507243815,22836161,3695.00,0.03087171,0
1507243815,22836160,3694.99,0.00000529,0
1507243814,22836159,3694.99,0.01453900,0
1507243736,22836133,3686.02,0.21721000,0
1507243723,22836129,3694.99,0.00757221,0
1507243695,22836107,3694.98,0.00242761,0
1507243691,22836105,3686.01,0.29844206,1
1507243691,22836103,3694.99,0.00047998,1
1507243691,22836102,3695.00,0.00242760,0
1507243690,22836101,3695.00,0.07984882,0
1507243686,22836091,3694.99,0.00221962,0
1507243684,22836089,3694.99,0.03686878,0
1507243618,22836051,3694.99,0.00242761,0
1507243611,22835988,3686.00,0.42152097,1
1507243611,22835987,3686.16,0.00135900,1
1507243611,22835984,3686.19,0.20774413,1
1507243607,22835978,3694.99,0.00242761,0
1507243600,22835973,3686.01,0.38147648,1
1507243598,22835970,3694.99,0.00242761,0
1507243591,22835958,3686.01,0.00238281,1
1507243590,22835957,3686.01,0.10608492,1
1507243590,22835956,3686.05,0.00136700,1
1507243590,22835955,3686.10,0.00136700,1
1507243590,22835954,3686.14,0.00135700,1
1507243590,22835953,3686.17,0.00167316,1
1507243590,22835952,3686.17,0.03559915,1
1507243589,22835950,3694.99,0.00242761,0
1507243577,22835920,3686.20,0.02729089,1
1507243567,22835840,3695.00,0.26519268,0
1507243547,22835703,3695.00,0.01768480,0
1507243546,22835700,3695.00,0.00242760,0
1507243487,22835594,3694.99,0.00833956,0
1507243485,22835593,3694.99,0.02549286,0
1507243484,22835592,3686.39,0.08388997,1
1507243421,22835569,3694.99,0.09701634,0
1507243421,22835568,3694.42,0.00837467,0
1507243421,22835567,3694.42,0.00545851,0
1507243419,22835566,3693.00,0.50000000,0
1507243390,22835559,3692.96,0.06664380,0
1507243359,22835553,3686.00,0.13921084,1
1507243359,22835552,3686.42,0.01876800,0
1507243334,22835534,3692.97,0.00242894,0
1507243324,22835532,3692.65,0.13521455,1
1507243306,22835526,3692.52,0.06576734,0
1507243306,22835525,3691.58,0.00275539,0
1507243304,22835524,3691.58,0.03317963,0
1507243267,22835514,3691.58,0.00752779,0
1507243237,22835493,3691.58,0.03431593,0
1507243181,22835458,3691.58,0.01487503,0
1507243125,22835434,3691.58,0.10479617,0
1507243116,22835429,3691.58,0.00242985,0
1507243099,22835426,3691.58,0.07722168,0
1507243069,22835388,3691.58,0.02289853,0
1507243069,22835387,3685.79,0.70724607,0
1507243066,22835376,3685.79,0.02525640,0
1507243063,22835373,3685.79,0.04317321,0
1507243033,22835342,3685.68,0.12294556,0
1507242976,22835310,3685.68,0.07135444,0
1507242938,22835285,3685.76,0.00557539,0
1507242924,22835276,3685.68,0.10538317,0
1507242893,22835262,3685.76,0.00243369,0
1507242878,22835254,3683.62,0.00243510,0
1507242868,22835253,3683.59,0.02161214,0
1507242868,22835252,3682.00,0.02512108,0
1507242860,22835249,3682.00,0.00243618,0
1507242848,22835243,3682.00,0.05938056,0
1507242848,22835241,3681.96,0.02706900,0
1507242848,22835239,3681.93,0.00043000,0
1507242830,22835228,3681.93,0.00150000,0
1507242818,22835223,3681.93,0.08681450,0
1507242786,22835214,3670.32,0.05359949,1
1507242772,22835213,3682.93,0.00243556,0
1507242728,22835192,3683.27,0.01032707,0
1507242666,22835164,3668.72,0.02706900,1
1507242584,22835153,3683.59,0.00759195,0
1507242554,22835142,3683.61,0.00823283,0
1507242553,22835141,3683.40,0.04025000,0
1507242552,22835140,3683.37,0.05350527,0
1507242527,22835134,3666.11,0.01900452,1
1507242527,22835133,3666.13,0.04458600,1
1507242526,22835132,3683.53,0.05486968,0
1507242484,22835124,3684.31,0.02554148,0
1507242444,22835105,3684.84,0.00790800,0
1507242426,22835099,3685.14,0.06560602,0
1507242426,22835098,3685.09,0.00009694,0
1507242423,22835096,3685.09,0.02490306,0
1507242418,22835094,3685.09,0.00243413,0
1507242393,22835092,3685.38,0.06064328,0
1507242392,22835091,3685.39,0.01012510,1
1507242386,22835090,3685.38,0.01163393,0
1507242386,22835089,3673.91,0.04928631,0
1507242384,22835088,3673.91,0.04350275,0
1507242382,22835085,3673.91,0.16721094,0
1507242379,22835083,3660.92,1.25483963,0
1507242379,22835080,3661.54,0.00218221,1
1507242378,22835079,3662.22,0.02307057,1
1507242378,22835078,3662.30,0.64917424,0
1507242378,22835076,3663.71,0.03000000,1
1507242378,22835074,3663.71,0.00837467,0
1507242378,22835073,3663.71,0.00545851,0
1507242377,22835072,3665.00,0.01500000,1
1507242377,22835071,3665.00,2.00000000,0
1507242377,22835070,3665.10,2.30820000,0
1507242376,22835069,3666.90,0.43822391,1
1507242376,22835068,3667.33,0.88618730,1
1507242375,22835067,3670.00,0.02000000,1
1507242375,22835066,3670.00,3.06705664,0
1507242375,22835065,3673.29,0.08862816,1
1507242373,22835064,3673.92,0.04597300,1
1507242325,22835040,3685.62,0.00888221,0
1507242313,22835033,3685.62,0.02692613,0
1507242280,22834999,3685.59,0.01962138,0
1507242267,22834995,3681.86,0.00243627,0
1507242260,22834994,3681.84,0.00243626,0
1507242223,22834927,3681.86,0.00759890,0
1507242204,22834916,3681.97,0.00243620,0
1507242199,22834907,3672.66,0.01945000,1
1507242194,22834906,3681.99,0.00243618,0
1507242164,22834895,3681.83,0.06401788,0
1507242076,22834870,3682.03,0.00243616,0
1507242070,22834867,3681.92,0.00243623,0
1507242059,22834864,3681.95,0.00243621,0
1507242054,22834859,3681.92,0.02948498,0
1507242052,22834858,3682.03,0.03525749,0
1507242051,22834857,3682.03,0.03525749,0
1507242049,22834856,3682.02,0.06474253,0
1507242049,22834855,3681.96,0.03525748,0
1507242047,22834854,3681.96,0.10000001,0
1507242046,22834853,3681.96,0.10000001,0
1507242044,22834852,3681.96,0.10000001,0
1507242042,22834851,3681.96,0.08599996,0
1507242041,22834850,3681.93,0.10000001,0
1507242039,22834849,3681.96,0.10000001,0
1507242037,22834848,3681.96,0.10000001,0
1507242035,22834847,3681.96,0.10000001,0
1507242026,22834844,3681.97,0.01290442,0
1507242004,22834837,3684.64,0.02556493,0
1507241904,22834826,3684.92,0.08028419,0
1507241885,22834823,3684.79,0.02264706,0
1507241884,22834822,3684.76,0.02490528,0
1507241831,22834814,3682.29,0.09200000,1
1507241785,22834801,3685.06,0.04523219,0
1507241784,22834799,3685.05,0.20656618,0
1507241783,22834798,3685.04,0.01501145,0
1507241770,22834796,3685.06,0.03000000,0
1507241716,22834785,3685.55,0.00243382,0
1507241712,22834783,3671.01,0.20900000,1
1507241708,22834781,3685.55,0.00243383,0
1507241679,22834772,3685.50,0.01000000,0
1507241626,22834740,3689.05,0.00243150,0
1507241614,22834735,3689.12,0.00243147,0
1507241611,22834733,3689.14,0.00243146,1
1507241606,22834728,3689.18,0.00243143,1
1507241598,22834725,3689.31,0.00243135,0
1507241574,22834705,3689.77,0.00243105,0
1507241570,22834704,3689.78,0.27118397,0
1507241563,22834699,3687.30,0.07051406,0
1507241563,22834698,3687.24,0.03002290,0
1507241562,22834696,3687.19,0.27354487,1
1507241545,22834691,3670.08,0.03183799,0
1507241545,22834690,3671.66,0.85206060,1
1507241545,22834687,3671.67,3.88958832,1
1507241543,22834685,3671.73,0.87655601,1
1507241542,22834684,3687.19,0.01000000,0
1507241486,22834633,3676.00,0.26681317,0
1507241483,22834632,3676.00,0.00244015,0
1507241482,22834630,3676.00,0.06138232,0
1507241478,22834625,3676.00,0.06983133,0
1507241477,22834624,3676.00,0.07040595,0
1507241477,22834623,3676.00,0.02446700,0
1507241476,22834622,3676.00,0.08714635,0
1507241476,22834621,3676.00,0.13121094,0
1507241474,22834616,3676.00,0.08708106,0
1507241474,22834614,3676.00,0.05129500,0
1507241473,22834612,3676.00,0.02687583,0
1507241466,22834582,3676.00,0.08011257,0
1507241462,22834576,3676.00,0.13635673,0
1507241461,22834575,3676.00,0.13689064,0
1507241460,22834573,3676.00,0.06852622,0
1507241460,22834572,3676.00,0.12633894,0
1507241455,22834569,3676.00,0.08283040,0
1507241453,22834568,3676.00,0.08283040,0
1507241453,22834567,3676.00,0.08283040,0
1507241451,22834564,3676.00,0.08283040,0
1507241405,22834544,3687.27,0.00243269,0
1507241358,22834536,3687.27,0.00243269,0
1507241352,22834535,3687.30,0.00243267,0
1507241350,22834534,3687.27,0.01342606,0
1507241343,22834529,3687.30,0.01489058,0
1507241327,22834526,3687.23,0.20289486,0
1507241298,22834518,3687.06,0.00243283,0
1507241243,22834511,3687.27,0.01453706,0
1507241199,22834502,3687.27,0.00243269,0
1507241194,22834500,3675.87,0.29465538,1
1507241190,22834498,3687.30,0.00270388,0
1507241176,22834493,3687.29,0.00216419,0
1507241136,22834484,3687.30,0.00189298,0
1507241124,22834483,3687.30,0.01956684,0
1507241124,22834482,3687.30,0.03159870,0
1507241096,22834473,3687.30,0.00135058,0
1507241093,22834471,3674.39,0.06694480,1
1507241093,22834470,3674.23,0.00753690,1
1507241092,22834469,3679.56,0.01000000,1
1507241053,22834441,3681.22,0.01550392,0
1507241051,22834440,3681.22,0.18893129,1
1507241046,22834434,3681.22,0.05337262,1
1507241039,22834425,3681.22,0.03097468,1
1507241035,22834410,3681.22,0.13491716,1
1507241028,22834384,3687.30,0.03839793,0
1507241027,22834377,3687.30,0.01382538,0
1507241013,22834339,3681.22,0.09180425,0
1507241003,22834335,3681.22,0.06098125,0
1507240998,22834331,3681.22,0.20555921,0
1507240996,22834327,3681.22,0.05610779,0
1507240996,22834324,3681.22,0.07448669,0
1507240993,22834310,3681.22,0.01808819,0
1507240992,22834308,3681.22,0.19756374,0
1507240992,22834307,3681.19,0.12528626,0
1507240991,22834302,3681.22,0.06112620,0
1507240985,22834283,3669.49,0.04125697,1
1507240985,22834282,3675.00,0.01495718,1
1507240984,22834280,3681.22,0.23418268,0
1507240964,22834256,3687.30,0.02570420,0
1507240963,22834255,3686.31,0.02039291,0
1507240942,22834230,3686.31,0.24344260,0
1507240942,22834229,3686.30,0.20572893,0
1507240930,22834221,3686.31,0.26616449,0
1507240930,22834219,3683.30,0.34967795,0
1507240930,22834217,3679.00,0.09739284,0
1507240925,22834210,3683.30,0.01021919,0
1507240924,22834209,3683.30,0.35602117,0
1507240924,22834208,3682.34,0.25000000,0
1507240923,22834203,3682.34,0.25000000,0
1507240905,22834189,3682.34,0.21312507,0
1507240904,22834188,3682.34,0.03354248,0
1507240904,22834187,3682.16,0.05161269,0
1507240904,22834184,3682.16,0.00759875,0
1507240895,22834167,3682.16,0.04078856,0
1507240862,22834142,3682.15,0.00271586,0
1507240862,22834141,3682.15,0.01011935,1
1507240860,22834139,3682.15,0.01697080,0
1507240822,22834112,3682.08,0.02558028,0
1507240804,22834099,3682.07,0.02492341,1
1507240758,22834040,3682.08,0.16702338,0
1507240757,22834039,3680.00,0.10000000,0
1507240724,22834030,3680.00,0.65947010,1
1507240722,22834029,3679.00,0.15375400,0
1507240703,22834022,3675.00,0.03403990,1
1507240660,22833996,3675.00,0.01100292,1
1507240652,22833988,3679.88,0.13552864,0
1507240649,22833964,3679.85,0.05376229,0
1507240649,22833962,3679.84,0.27000000,0
1507240649,22833961,3675.00,0.78960278,0
1507240586,22833921,3675.00,0.00780062,0
1507240534,22833892,3675.00,0.07765910,0
1507240529,22833891,3676.37,0.01000000,1
1507240507,22833887,3676.99,0.02536337,0
1507240489,22833886,3667.77,0.91603825,1
1507240484,22833882,3667.78,0.04106713,1
1507240465,22833878,3667.88,0.05068083,1
1507240464,22833877,3680.04,0.26145980,0
1507240455,22833872,3680.04,0.05348387,0
1507240454,22833871,3680.04,0.01356121,0
1507240454,22833870,3682.25,0.37969649,0
1507240452,22833867,3680.04,0.62244351,0
1507240415,22833841,3679.99,0.11138329,0
1507240415,22833840,3679.98,0.01763217,0
1507240410,22833836,3668.56,0.01763217,1
1507240410,22833835,3668.56,0.07436783,1
1507240383,22833816,3680.00,0.02493750,0
1507240373,22833810,3679.99,0.01000000,0
1507240352,22833801,3683.30,0.02708169,0
1507240328,22833790,3683.34,0.01470565,0
1507240324,22833788,3683.34,0.01273196,0
1507240264,22833730,3683.34,0.02540583,0
1507240225,22833715,3683.34,0.00685135,0
1507240224,22833714,3682.58,0.01955759,0
1507240204,22833707,3682.58,0.02492002,0
1507240126,22833671,3682.58,0.05422014,0
1507240100,22833663,3682.58,0.00391006,0
1507240100,22833662,3682.00,0.01168600,0
1507240100,22833661,3681.96,0.49999984,0
1507240098,22833660,3681.95,0.16169248,0
1507240081,22833648,3666.83,0.00500544,0
1507240067,22833635,3681.95,0.01000000,0
1507240024,22833582,3681.94,0.02556138,0
1507239882,22833496,3681.96,0.07755251,0
1507239865,22833468,3681.98,0.00750059,0
1507239854,22833465,3681.99,0.26647788,0
1507239853,22833462,3681.99,0.03483230,0
1507239853,22833461,3681.99,0.13292296,0
1507239744,22833420,3666.57,0.02809391,1
1507239731,22833419,3682.28,0.04063243,0
1507239721,22833413,3682.32,0.06794840,0
1507239704,22833399,3682.36,0.01998900,0
1507239682,22833389,3666.80,0.02792290,1
1507239650,22833371,3682.57,0.65333732,0
1507239647,22833369,3682.66,0.05606872,0
1507239636,22833363,3666.40,0.28940000,1
1507239636,22833362,3678.59,0.01000000,1
1507239618,22833358,3682.82,0.54110563,0
1507239565,22833336,3666.80,0.99000000,1
1507239564,22833335,3667.31,0.01000000,1
1507239528,22833327,3667.30,0.00561000,0
1507239519,22833323,3667.20,0.82000000,1
1507239518,22833322,3665.01,0.84000000,1
1507239518,22833321,3667.11,0.16000000,1
1507239514,22833316,3667.20,0.00377000,1
1507239501,22833308,3667.20,0.13352147,1
1507239501,22833307,3671.88,0.01000000,1
1507239462,22833277,3668.20,1.73208638,1
1507239462,22833276,3668.81,3.03358932,1
1507239462,22833275,3668.82,0.18000000,1
1507239462,22833274,3669.93,0.00218225,1
1507239461,22833273,3670.26,0.03499205,1
1507239461,22833272,3670.32,1.01715000,1
1507239444,22833269,3686.25,0.00783706,0
1507239439,22833267,3686.28,0.09470794,0
1507239402,22833252,3670.37,0.26546333,0
1507239402,22833251,3672.08,0.14173297,1
1507239401,22833249,3672.09,0.08300370,0
1507239400,22833248,3672.09,0.30000000,1
1507239385,22833243,3672.73,0.11087679,1
1507239353,22833221,3670.60,2.27161892,1
1507239353,22833220,3672.03,0.00218226,1
1507239353,22833219,3672.51,0.88945110,1
1507239353,22833218,3672.60,2.00000000,1
1507239353,22833215,3674.41,0.43822391,1
1507239353,22833214,3675.42,0.01000000,1
1507239353,22833213,3675.45,0.38852381,1
1507239329,22833179,3685.42,0.08290357,0
1507239294,22833168,3685.22,0.08376696,0
1507239279,22833165,3672.33,0.61410000,1
1507239279,22833164,3675.61,0.01000000,1
1507239263,22833158,3673.20,0.08183842,1
1507239263,22833157,3673.21,0.45816158,1
1507239257,22833156,3674.53,0.44756142,1
1507239256,22833155,3675.00,0.54285985,1
1507239244,22833143,3685.44,0.01271424,0
1507239226,22833134,3685.47,0.01000000,1
1507239196,22833104,3677.75,0.22287780,1
1507239164,22833080,3675.40,0.18274304,1
1507239164,22833079,3675.57,0.15025696,1
1507239151,22833072,3675.57,0.15000000,0
1507239135,22833068,3675.57,0.03000000,0
1507239134,22833067,3681.04,0.01000000,1
1507239107,22833057,3690.00,0.48884288,1
1507239106,22833056,3687.16,0.10000000,0
1507239106,22833055,3686.15,0.11265513,0
1507239106,22833054,3686.14,0.29850199,0
1507239035,22833024,3686.74,0.27059136,0
1507239010,22833005,3675.03,0.11265513,1
1507238945,22832987,3675.01,0.16193750,1
1507238945,22832986,3675.13,0.23211123,1
1507238945,22832985,3680.00,0.15500000,1
1507238945,22832984,3681.00,0.05000000,1
1507238944,22832983,3681.11,0.21424589,1
1507238925,22832949,3687.52,0.06380480,0
1507238925,22832948,3682.00,0.01130400,0
1507238924,22832947,3682.00,2.80500000,1
1507238924,22832946,3682.15,0.08369600,1
1507238915,22832940,3682.00,0.19500000,1
1507238913,22832939,3682.15,0.02500000,1
1507238900,22832923,3687.52,0.01000000,0
1507238804,22832847,3693.13,0.03077912,0
1507238736,22832811,3696.97,0.09360000,0
1507238731,22832805,3696.94,0.03137616,0
1507238711,22832802,3696.97,0.01000000,0
1507238705,22832801,3696.95,0.00836847,1
1507238705,22832800,3696.90,0.01645221,0
1507238704,22832799,3696.50,0.08000000,1
1507238684,22832793,3696.83,0.15677012,0
1507238625,22832722,3695.01,0.01000000,1
1507238590,22832705,3696.89,0.01100292,0
1507238583,22832704,3694.26,0.06336381,0
1507238537,22832674,3682.37,0.02878347,1
1507238535,22832672,3685.81,0.01000000,1
1507238503,22832644,3695.68,0.02615533,0
1507238466,22832630,3684.64,0.00109453,1
1507238465,22832629,3684.65,0.00500000,1
1507238464,22832628,3687.10,0.01000000,1
1507238437,22832620,3696.90,0.00844500,0
1507238437,22832619,3696.90,0.04080166,0
1507238435,22832618,3696.63,0.02307232,0
1507238435,22832617,3694.00,0.33244391,0
1507238424,22832614,3696.65,0.01659214,0
1507238424,22832613,3687.09,0.00893293,0
1507238423,22832610,3687.09,0.06480393,0
1507238418,22832604,3687.09,0.01000000,1
1507238385,22832579,3696.90,0.08428027,0
1507238385,22832578,3686.00,0.03135123,1
1507238385,22832577,3686.00,0.50000000,1
1507238385,22832576,3686.10,0.99873299,1
1507238385,22832575,3688.00,0.00097156,1
1507238384,22832574,3688.89,0.01000000,1
1507238344,22832558,3696.90,0.06382354,0
1507238321,22832542,3688.00,0.12414805,1
1507238314,22832541,3696.89,0.00781965,0
1507238314,22832540,3696.89,0.04614463,0
1507238294,22832525,3688.00,0.07488039,0
1507238285,22832516,3688.00,0.02488341,0
1507238284,22832514,3688.00,0.12441702,0
1507238276,22832503,3688.00,0.08881918,1
1507238270,22832499,3696.90,0.01109453,0
1507238238,22832489,3696.97,0.01053000,0
1507238237,22832488,3696.97,0.05328846,0
1507238234,22832486,3695.99,0.12603087,0
1507238234,22832485,3695.02,0.28981463,0
1507238234,22832483,3695.01,0.18415450,0
1507238220,22832477,3688.00,0.01118082,1
1507238212,22832474,3695.02,0.01000000,0
1507238204,22832472,3695.01,0.06382329,0
1507238142,22832452,3695.98,0.10220450,0
1507238107,22832434,3695.98,0.10817700,1
1507238097,22832424,3695.98,0.07402100,0
1507238038,22832387,3695.96,0.00493136,0
1507238038,22832386,3695.00,0.00506864,0
1507238025,22832370,3695.00,0.02628183,0
1507238003,22832350,3695.00,0.01736581,0
1507238003,22832349,3694.94,0.03401844,0
1507238002,22832348,3694.96,0.01023298,0
1507238000,22832345,3694.95,0.01349402,0
1507237968,22832307,3686.52,0.12238200,1
1507237968,22832304,3686.52,0.04357163,1
1507237961,22832302,3695.96,0.14388594,0
1507237955,22832292,3695.99,0.12263240,0
1507237950,22832286,3696.98,0.02230739,0
1507237949,22832284,3696.98,0.61716860,0
1507237948,22832280,3696.97,0.14384714,0
1507237941,22832270,3696.97,0.14373893,0
1507237930,22832234,3686.52,0.26511561,1
1507237930,22832233,3686.52,0.22083799,1
1507237930,22832232,3695.99,0.04871628,0
1507237929,22832227,3696.00,0.18839015,0
1507237928,22832223,3686.52,2.29703040,1
1507237928,22832222,3686.53,0.89605951,1
1507237928,22832221,3686.54,0.43822391,1
1507237928,22832218,3686.54,0.12808265,1
1507237920,22832209,3686.93,0.00001530,1
1507237920,22832208,3687.63,0.01182080,1
1507237920,22832207,3689.25,0.01000000,1
1507237920,22832205,3696.00,0.02698864,0
1507237913,22832186,3695.99,0.01409235,0
1507237857,22832170,3696.00,0.01000000,0
1507237836,22832163,3696.95,0.23779626,0
1507237823,22832161,3696.95,0.02801755,0
1507237821,22832159,3696.95,0.02698170,0
1507237815,22832156,3696.95,0.02232600,0
1507237797,22832141,3696.95,0.01118082,0
1507237791,22832140,3696.95,0.33281764,0
1507237785,22832139,3696.95,0.00771081,0
1507237780,22832135,3696.95,0.20062766,0
1507237763,22832121,3696.93,0.13287952,0
1507237736,22832105,3686.46,0.00126701,0
1507237734,22832104,3689.33,0.01000000,1
1507237704,22832093,3696.91,0.01268044,0
1507237692,22832082,3696.95,0.04747350,0
1507237689,22832079,3696.93,0.01769040,0
1507237684,22832073,3696.94,0.02482323,0
1507237664,22832066,3696.94,0.02648782,0
1507237627,22832054,3696.94,0.01997580,0
1507237626,22832052,3696.94,0.04100247,0
1507237625,22832049,3686.17,0.10920000,1
1507237625,22832048,3688.14,0.01000000,1
1507237624,22832044,3696.94,0.02482323,0
1507237599,22832025,3696.91,0.09554237,0
1507237597,22832024,3696.88,0.17064062,0
1507237572,22832020,3696.91,0.04533208,0
1507237565,22832018,3696.88,0.01268013,0
1507237564,22832017,3685.75,0.06837047,1
1507237564,22832015,3690.20,0.01000000,1
1507237544,22832008,3696.88,0.00756813,0
1507237497,22831978,3696.88,0.02674696,0
1507237473,22831968,3696.88,0.03130000,0
1507237451,22831961,3682.15,0.16170213,1
1507237451,22831960,3690.20,0.01000000,1
1507237443,22831953,3696.96,0.02674698,0
1507237439,22831945,3696.97,0.17075262,0
1507237437,22831943,3696.96,0.04247403,0
1507237422,22831935,3696.96,0.00276370,0
1507237381,22831925,3696.99,0.02674698,0
1507237375,22831923,3681.11,0.05741130,1
1507237375,22831922,3685.16,0.01000000,1
1507237335,22831900,3696.99,0.13334370,0
1507237334,22831899,3696.99,0.01000000,0
1507237324,22831893,3696.98,0.06205606,0
1507237323,22831892,3696.98,0.00276370,0
1507237267,22831873,3696.97,0.33213396,0
1507237267,22831872,3696.97,0.00900000,0
1507237217,22831812,3696.96,0.01000000,0
1507237151,22831769,3696.95,0.01603301,0
1507237147,22831762,3696.97,0.18345210,0
1507237147,22831761,3696.95,0.03371204,0
1507237145,22831760,3692.82,0.03380321,0
1507237130,22831750,3696.09,0.06438696,0
1507237130,22831749,3694.82,0.00154167,1
1507237128,22831744,3692.82,0.00154167,0
1507237099,22831712,3696.99,1.25601367,0
1507237099,22831711,3696.38,0.00308334,1
1507237098,22831710,3696.09,0.09000000,0
1507237097,22831709,3696.09,0.01000000,1
1507237090,22831705,3691.45,0.00871529,1
1507237062,22831692,3696.97,0.01126701,0
1507237000,22831646,3696.00,0.00801987,1
1507236998,22831643,3697.00,0.01000000,0
1507236998,22831642,3697.00,0.18538300,0
1507236995,22831638,3696.00,0.00616669,1
1507236991,22831636,3696.00,0.05000000,0
1507236991,22831635,3695.99,0.01233338,0
1507236980,22831628,3695.23,0.07837313,1
1507236979,22831627,3695.10,0.00000587,0
1507236979,22831625,3695.10,0.10303400,0
1507236924,22831581,3685.40,1.75606444,1
1507236924,22831580,3685.52,0.22782452,1
1507236924,22831579,3688.00,0.18704826,1
1507236913,22831567,3694.97,0.07002774,0
1507236908,22831564,3695.16,0.01435300,0
1507236906,22831563,3694.77,0.01048329,0
1507236900,22831557,3694.78,0.13284688,0
1507236884,22831549,3688.10,0.12803985,1
1507236884,22831548,3694.00,0.00000270,1
1507236865,22831518,3694.35,0.00276435,0
1507236858,22831506,3694.00,0.01499730,1
1507236851,22831463,3695.40,0.01166225,0
1507236848,22831435,3688.00,0.01295174,1
1507236848,22831434,3691.12,0.01700000,1
1507236833,22831429,3691.17,0.04835324,1
1507236813,22831411,3696.99,0.00971058,0
1507236808,22831407,3697.00,0.04140773,0
1507236808,22831406,3695.05,0.01829256,0
1507236807,22831403,3695.04,0.04103500,0
1507236802,22831397,3695.06,0.00150067,0
1507236802,22831396,3694.00,0.02079635,0
1507236796,22831391,3694.00,0.00920365,0
1507236785,22831381,3694.10,0.02000000,1
1507236756,22831367,3691.13,0.01278165,1
1507236748,22831364,3691.13,0.00166000,1
1507236734,22831345,3696.91,0.02572852,0
1507236733,22831343,3696.97,0.00556378,0
1507236718,22831335,3691.13,0.00362300,1
1507236661,22831298,3696.96,0.10425845,0
1507236646,22831285,3694.00,0.01602016,1
1507236646,22831283,3694.00,0.00000584,0
1507236643,22831280,3694.00,0.05485800,0
1507236632,22831262,3694.00,0.18461800,0
1507236627,22831256,3694.00,0.20023000,0
1507236605,22831242,3691.11,0.00800000,1
1507236604,22831241,3694.00,0.05313042,0
1507236595,22831240,3694.00,0.02074469,0
1507236536,22831187,3694.00,0.27114894,0
1507236533,22831184,3694.00,0.01000000,0
1507236525,22831182,3693.00,0.05077211,0
1507236525,22831180,3693.00,0.07442300,0
1507236516,22831143,3693.00,0.04625035,0
1507236515,22831128,3693.00,0.01756425,0
1507236515,22831127,3691.75,0.03969575,0
1507236484,22831098,3691.75,0.05225419,0
1507236453,22831065,3691.75,0.01000000,0
1507236451,22831064,3691.75,0.08529466,0
1507236451,22831063,3691.00,0.04490252,0
1507236431,22831049,3691.00,0.26556271,0
1507236395,22831030,3691.00,0.27113865,0
1507236384,22831020,3691.00,0.03106207,0
1507236384,22831019,3690.99,0.03283497,0
1507236336,22830960,3691.00,0.01000000,0
1507236331,22830958,3691.00,0.37733405,0
1507236308,22830932,3691.75,0.26877277,0
1507236308,22830931,3691.56,0.00270890,0
1507236279,22830908,3684.01,0.10489354,1
1507236279,22830907,3684.12,0.03732046,1
1507236279,22830905,3684.11,0.17909600,1
1507236246,22830887,3691.56,0.01609200,0
1507236245,22830884,3691.00,0.00876602,0
1507236226,22830866,3691.00,0.02602424,0
1507236217,22830864,3691.00,0.01000000,0
1507236200,22830848,3691.00,0.01400377,0
1507236155,22830829,3690.97,0.01352610,0
1507236147,22830818,3690.99,0.01000000,0
1507236105,22830795,3691.74,0.01782863,0
1507236103,22830791,3691.74,0.01909871,0
1507236086,22830766,3691.62,0.19854482,0
1507236065,22830754,3691.40,0.01769231,0
1507236064,22830753,3691.75,0.28620923,0
1507236063,22830752,3691.46,0.11086793,0
1507236028,22830722,3683.90,0.05700000,1
1507236024,22830720,3691.97,0.02972102,0
1507236015,22830710,3692.03,0.05662638,0
1507236009,22830700,3692.03,0.40028533,0
1507235964,22830664,3692.87,0.01595806,0
1507235954,22830653,3692.90,0.94120597,0
1507235954,22830652,3692.00,0.10000000,0
1507235954,22830651,3692.00,0.25492800,0
1507235954,22830650,3692.00,0.00918103,0
1507235954,22830649,3691.99,0.64719800,0
1507235954,22830648,3691.00,0.04778700,0
1507235953,22830647,3690.96,0.24772778,0
1507235920,22830629,3690.72,0.02702725,0
1507235884,22830604,3691.97,0.02485665,1
1507235871,22830597,3683.61,0.04585735,1
1507235871,22830596,3684.00,0.05509265,1
1507235868,22830584,3684.21,0.17754000,1
1507235864,22830577,3685.24,0.27872404,1
1507235862,22830574,3685.24,0.04831350,1
1507235856,22830560,3685.24,0.05550430,1
1507235856,22830558,3685.24,0.39261506,1
1507235855,22830551,3685.24,0.06425270,1
1507235854,22830549,3690.67,0.00543186,0
1507235852,22830545,3684.30,0.02201110,0
1507235850,22830541,3685.22,0.32005108,1
1507235850,22830540,3685.29,0.51872900,1
1507235843,22830530,3685.22,0.30150458,1
1507235843,22830529,3685.22,0.01108931,1
1507235798,22830446,3692.00,0.01344527,0
1507235793,22830444,3685.08,0.48127100,1
1507235772,22830438,3684.87,0.34087120,1
1507235771,22830437,3684.82,0.36735503,1
1507235771,22830435,3684.97,0.21480902,1
1507235764,22830428,3692.99,0.02531742,0
1507235754,22830402,3692.99,0.03481200,0
1507235732,22830381,3693.00,0.31099029,0
1507235732,22830380,3692.97,0.33022636,0
1507235732,22830379,3691.50,0.65150179,0
1507235728,22830367,3691.50,0.14898821,0
1507235727,22830359,3691.50,0.19951000,0
1507235720,22830346,3690.00,0.99000000,0
1507235716,22830345,3690.00,0.01000000,1
1507235703,22830323,3690.00,0.48127100,0
1507235601,22830247,3684.53,0.00309026,1
1507235578,22830234,3684.03,0.30000000,1
1507235549,22830190,3690.00,0.26709671,0
1507235531,22830114,3690.00,1.24245126,0
1507235531,22830113,3689.99,0.05091984,0
1507235526,22830106,3689.99,0.01245651,0
1507235525,22830104,3689.99,0.04560324,0
1507235484,22830076,3689.99,0.00998648,0
1507235483,22830075,3689.99,0.15025000,0
1507235427,22830039,3689.98,0.39450356,0
1507235418,22830033,3689.98,0.00678834,0
1507235416,22830030,3689.98,0.02949203,0
1507235399,22830017,3688.64,0.00810510,0
1507235392,22830009,3688.64,0.01000000,1
1507235375,22829996,3687.99,0.00629611,0
1507235364,22829986,3687.99,0.02652649,0
1507235358,22829980,3687.99,0.02488347,0
1507235353,22829965,3687.99,0.13354511,0
1507235323,22829907,3678.30,0.01433151,1
1507235300,22829857,3687.89,0.06682019,0
1507235290,22829845,3678.10,0.05863266,1
1507235282,22829827,3675.63,0.02713610,1
1507235277,22829813,3678.10,0.43027000,1
1507235276,22829812,3678.10,1.77526666,1
1507235276,22829811,3678.49,0.01802773,1
1507235276,22829810,3678.49,0.00908938,1
1507235271,22829805,3678.50,0.09870044,1
1507235271,22829804,3680.20,0.50649750,1
1507235270,22829800,3680.20,0.19350250,1
1507235270,22829799,3680.27,0.27171919,1
1507235270,22829798,3680.30,2.64930674,1
1507235264,22829796,3688.00,0.02690600,0
1507235263,22829794,3688.00,0.03667357,0
1507235263,22829793,3687.99,0.02673765,0
1507235262,22829789,3680.30,0.17616400,1
1507235259,22829782,3680.30,0.17616400,1
1507235249,22829758,3680.28,1.09635500,1
1507235249,22829757,3680.29,0.01416593,1
1507235239,22829752,3689.77,0.01344291,0
1507235236,22829751,3680.27,0.59642782,1
1507235234,22829744,3689.79,0.06531205,1
1507235232,22829741,3689.79,0.01883916,0
1507235225,22829734,3689.91,0.10556445,0
1507235223,22829718,3680.25,0.27302981,1
1507235220,22829716,3689.93,0.13354259,0
1507235213,22829702,3680.21,0.30871711,0
1507235213,22829701,3680.22,0.27172289,1
1507235208,22829693,3680.24,0.08784610,1
1507235207,22829689,3680.23,0.08784630,1
1507235191,22829677,3691.37,0.01343933,0
1507235189,22829666,3680.21,0.18749702,1
1507235183,22829659,3680.21,0.05496759,1
1507235176,22829648,3691.42,0.28680291,0
1507235175,22829646,3691.41,0.25364242,1
1507235174,22829644,3691.41,0.27150230,0
1507235170,22829641,3680.30,0.07356886,1
1507235170,22829640,3681.31,0.01000000,1
1507235164,22829632,3680.19,0.00000536,0
1507235164,22829631,3680.19,0.05346994,0
1507235159,22829621,3680.11,0.13595120,1
1507235137,22829604,3679.72,0.01139036,1
1507235136,22829603,3679.72,0.08437760,1
1507235133,22829594,3679.70,0.08437760,1
1507235133,22829592,3679.70,0.08437780,1
1507235131,22829590,3691.49,0.02702160,1
1507235129,22829588,3679.60,0.01927780,1
1507235128,22829587,3680.00,0.03510000,1
1507235128,22829586,3681.21,0.03000000,1
1507235128,22829585,3691.49,0.01344226,0
1507235126,22829579,3682.80,0.36558429,1
1507235126,22829577,3683.21,0.27150230,1
1507235118,22829554,3691.29,0.27393416,0
1507235118,22829553,3691.26,0.36110942,0
1507235113,22829547,3683.00,0.44987270,1
1507235113,22829546,3683.00,0.01095543,1
1507235113,22829545,3683.10,2.29760000,1
1507235086,22829487,3691.79,0.00790079,0
1507235084,22829485,3683.11,0.13800000,1
1507235080,22829484,3683.11,0.35161582,1
1507235079,22829483,3691.77,0.27142051,0
1507235074,22829481,3683.20,0.13962525,1
1507235070,22829476,3691.80,0.03981835,0
1507235068,22829475,3684.30,0.15000000,1
1507235068,22829474,3684.31,0.00270740,1
1507235068,22829473,3684.32,0.19007022,1
1507235064,22829468,3691.40,0.01530058,0
1507235055,22829462,3684.32,0.08135029,1
1507235054,22829461,3684.33,0.00930541,1
1507235047,22829457,3684.33,0.06516417,1
1507235029,22829439,3684.31,0.84651460,1
1507235015,22829432,3691.65,0.01134763,0
1507235007,22829428,3684.85,0.01045372,1
1507235006,22829426,3691.64,0.02549885,0
1507235004,22829424,3691.61,0.05237751,0
1507234986,22829416,3691.58,0.04025918,0
1507234964,22829411,3691.61,0.19169114,0
1507234943,22829396,3691.65,0.04008668,0
1507234928,22829385,3691.80,0.80069163,0
1507234915,22829358,3691.77,0.01139036,0
1507234885,22829347,3691.80,0.06389286,0
1507234883,22829344,3685.50,0.13974992,1
1507234867,22829337,3685.41,0.01146915,1
1507234863,22829335,3691.80,0.00757838,0
1507234851,22829331,3691.79,0.01086323,0
1507234851,22829330,3691.70,0.00257722,0
1507234835,22829325,3691.80,0.02678153,0
1507234834,22829324,3691.80,0.00183797,0
1507234833,22829323,3691.80,0.27136158,0
1507234832,22829322,3691.75,0.02204586,0
1507234828,22829319,3691.76,0.02678237,0
1507234784,22829303,3691.95,0.01060056,0
1507234770,22829298,3691.98,0.02138545,0
1507234770,22829297,3691.88,0.04409173,0
1507234763,22829294,3691.91,0.01967995,0
1507234763,22829293,3691.91,0.01026769,0
1507234727,22829268,3691.98,0.05984552,0
1507234727,22829267,3691.97,0.07671431,0
1507234722,22829266,3691.97,0.01146915,0
1507234707,22829252,3684.51,0.06856210,1
1507234707,22829251,3691.97,0.00554729,0
1507234704,22829250,3691.97,0.00784082,0
1507234690,22829247,3691.98,0.39415930,0
1507234689,22829246,3691.98,0.00775150,0
1507234687,22829243,3691.97,0.03829513,0
1507234686,22829242,3691.97,0.02532543,0
1507234684,22829241,3691.97,0.00757840,0
1507234681,22829237,3684.20,0.13904616,1
1507234604,22829188,3691.98,0.06025000,0
1507234601,22829187,3691.98,0.01961712,0
1507234528,22829158,3691.98,0.37825232,0
1507234526,22829155,3691.97,0.24316286,0
1507234504,22829147,3691.98,0.01235000,0
1507234485,22829130,3691.98,0.01679355,0
1507234454,22829122,3683.34,0.07522493,1
1507234422,22829101,3691.98,0.02701802,0
1507234404,22829093,3683.20,0.06000000,1
1507234398,22829088,3692.00,0.00212538,0
1507234397,22829087,3692.00,0.25289218,0
1507234394,22829085,3692.00,0.00425077,0
1507234391,22829084,3692.00,0.00850154,0
1507234389,22829083,3691.96,0.01700308,0
1507234387,22829079,3692.00,0.00276702,0
1507234386,22829075,3683.02,0.50485743,1
1507234386,22829074,3688.00,0.03400616,0
1507234385,22829072,3688.00,0.33006522,1
1507234381,22829070,3692.00,0.06801233,0
1507234379,22829069,3692.00,0.13602464,0
1507234369,22829067,3688.00,0.01593478,1
1507234368,22829065,3692.00,0.02412064,0
1507234356,22829054,3692.00,0.49763712,0
1507234336,22829036,3683.27,0.16449181,1
1507234334,22829031,3691.99,0.01117000,0
1507234333,22829030,3691.99,0.01354176,0
1507234321,22829021,3692.00,0.01553629,0
1507234298,22829017,3692.00,0.54036024,0
1507234296,22829016,3692.00,0.00324215,0
1507234279,22829011,3691.97,0.15000000,0
1507234274,22829009,3692.00,0.00732137,0
1507234272,22829008,3692.00,0.02896262,0
1507234270,22829006,3691.99,0.01156298,0
1507234267,22829005,3686.86,0.00267863,1
1507234264,22829004,3693.64,0.02575794,0
1507234234,22829000,3681.21,0.01156298,1
1507234229,22828999,3693.85,0.07662465,0
1507234229,22828998,3685.00,0.25983076,0
1507234227,22828997,3681.00,0.20496984,0
1507234210,22828982,3681.00,0.00747727,0
1507234209,22828981,3674.50,0.00217274,1
1507234198,22828975,3681.00,0.05411868,0
1507234194,22828974,3681.00,0.10000000,0
1507234192,22828973,3675.00,0.77029164,0
1507234174,22828937,3681.00,0.01617597,0
1507234170,22828929,3681.00,0.11000000,0
1507234166,22828925,3681.00,0.01156298,0
1507234163,22828922,3674.20,0.34475531,1
1507234161,22828921,3674.23,0.45524469,0
1507234151,22828899,3681.12,0.68447026,1
1507234150,22828894,3681.12,0.33000000,1
1507234145,22828885,3681.12,0.00267974,1
1507234104,22828818,3689.92,0.03048772,0
1507234103,22828817,3689.95,0.14745725,1
1507234092,22828811,3690.00,0.13509736,1
1507234086,22828810,3690.00,0.01303948,1
1507234086,22828809,3690.00,0.05009396,1
1507234086,22828808,3690.21,0.07266267,1
1507234084,22828807,3690.21,0.00863352,1
1507234070,22828799,3692.00,0.79956661,1
1507234070,22828798,3692.01,3.50958818,1
1507234069,22828795,3692.01,0.02468975,1
1507234066,22828791,3692.01,0.07713686,1
1507234042,22828783,3694.96,0.14906915,0
1507234025,22828778,3695.92,0.02291366,0
1507234004,22828767,3696.39,0.00757834,0
1507233995,22828760,3692.01,0.00697104,1
1507233981,22828755,3696.91,0.26379818,1
1507233980,22828754,3696.91,0.00049761,0
1507233980,22828753,3696.91,0.00222849,0
1507233961,22828742,3696.85,0.02658240,0
1507233958,22828741,3696.85,0.01188964,1
1507233958,22828740,3695.06,0.00272740,0
1507233957,22828739,3695.00,0.00538296,0
1507233936,22828736,3695.00,0.03978349,0
1507233924,22828732,3695.00,0.02688483,0
1507233923,22828731,3692.01,0.70902644,1
1507233900,22828720,3695.00,0.01232169,0
1507233889,22828713,3695.00,0.01353180,0
1507233886,22828708,3695.00,0.02134195,0
1507233865,22828703,3695.00,0.01025000,0
1507233846,22828684,3695.00,0.00269960,0
1507233845,22828683,3695.00,0.00500000,0
1507233825,22828682,3695.00,0.00752358,0
1507233799,22828675,3695.00,0.25528010,0
1507233799,22828674,3695.00,0.10000000,0
1507233799,22828673,3693.17,0.14426995,0
1507233795,22828670,3693.17,0.00860568,0
1507233795,22828669,3693.15,0.00219217,0
1507233793,22828667,3692.36,0.00272940,0
1507233771,22828656,3692.00,0.20043339,0
1507233763,22828652,3692.00,0.02635583,0
1507233755,22828649,3692.00,0.01000000,0
1507233752,22828646,3691.61,0.01249324,1
1507233752,22828645,3691.77,0.01000000,1
1507233744,22828641,3692.00,0.05284431,0
1507233723,22828603,3692.00,0.25126761,0
1507233721,22828601,3692.00,0.02028392,0
1507233672,22828575,3690.50,0.08214000,0
1507233672,22828574,3691.31,0.01000000,1
1507233664,22828568,3692.00,0.02485644,0
1507233658,22828555,3692.00,0.05395850,0
1507233657,22828554,3692.00,0.06464150,0
1507233653,22828551,3690.50,0.01159154,1
1507233649,22828550,3692.00,0.00243229,0
1507233647,22828549,3692.00,0.03358321,0
1507233647,22828548,3691.05,0.00219216,0
1507233623,22828540,3690.00,0.01000000,0
1507233623,22828539,3690.00,0.05000000,0
1507233623,22828538,3690.00,0.14700000,0
1507233623,22828537,3690.00,0.98177445,0
1507233622,22828535,3690.00,0.00758247,0
1507233621,22828534,3690.00,1.50200000,0
1507233615,22828530,3690.00,0.80000000,0
1507233613,22828528,3690.00,1.00000000,0
1507233607,22828520,3690.00,1.31766206,0
1507233600,22828511,3690.00,0.05931200,0
1507233593,22828503,3690.00,4.00000000,0
1507233580,22828495,3690.00,0.01000000,0
1507233580,22828494,3689.96,0.01000000,1
1507233569,22828488,3690.00,0.03054986,0
1507233553,22828472,3690.00,0.06667223,0
1507233538,22828466,3690.00,0.20563414,0
1507233537,22828464,3690.00,0.03054986,0
1507233533,22828462,3690.00,0.01000000,0
1507233531,22828459,3690.00,0.20563414,0
1507233531,22828458,3690.00,0.03054982,0
1507233526,22828455,3690.00,0.27302981,0
1507233515,22828450,3689.96,4.00000000,1
1507233504,22828446,3690.00,0.03054731,0
1507233504,22828445,3690.00,0.51469918,0
1507233503,22828441,3690.00,0.03437100,0
1507233503,22828440,3690.00,0.54791869,0
1507233503,22828439,3689.96,0.01200000,1
1507233477,22828418,3689.95,0.00820475,0
1507233477,22828417,3689.95,0.03054444,0
1507233476,22828414,3689.95,0.01000000,0
1507233473,22828412,3689.95,0.07636856,0
1507233472,22828411,3689.95,0.03054959,0
1507233469,22828408,3689.95,0.01159154,0
1507233469,22828407,3689.95,0.01000000,1
1507233465,22828406,3690.00,0.09789935,0
1507233465,22828405,3690.00,0.03055012,0
1507233464,22828403,3690.00,0.07346341,0
1507233457,22828390,3690.00,0.21588888,0
1507233457,22828388,3690.00,0.03055000,0
1507233456,22828384,3690.00,0.20000000,0
1507233455,22828381,3690.00,0.01034119,0
1507233455,22828380,3690.00,0.01667479,0
1507233453,22828379,3690.00,0.86892881,0
1507233444,22828346,3690.00,0.03319384,0
1507233425,22828293,3690.00,0.01351491,0
1507233418,22828253,3690.00,0.08302981,0
1507233416,22828242,3690.00,0.02985638,0
1507233414,22828233,3690.00,0.07596161,0
1507233412,22828231,3689.99,0.03056396,0
1507233363,22828206,3690.00,0.01354200,0
1507233357,22828203,3690.00,0.30000000,0
1507233356,22828202,3690.00,0.01000000,0
1507233354,22828200,3689.91,0.09900000,1
1507233350,22828199,3690.00,0.26567590,0
1507233331,22828192,3690.00,0.22567208,0
1507233318,22828186,3690.00,0.23178048,0
1507233271,22828178,3690.00,0.01000000,0
1507233268,22828172,3690.00,0.01297433,0
1507233267,22828171,3690.00,0.03000000,0
1507233251,22828158,3690.00,0.27032520,0
1507233224,22828152,3690.00,0.02551123,0
1507233192,22828146,3690.00,0.02681895,0
1507233179,22828138,3690.00,0.01000000,0
1507233176,22828135,3690.00,1.62195935,0
1507233173,22828134,3689.91,0.99637669,1
1507233173,22828133,3689.99,0.00362331,1
1507233148,22828130,3689.99,0.01000000,0
1507233102,22828110,3690.00,0.02295493,0
1507233102,22828109,3689.99,0.00623744,0
1507233101,22828108,3689.99,0.02163384,0
1507233088,22828101,3690.00,0.05120603,0
1507233087,22828099,3690.00,0.00741510,0
1507233084,22828097,3690.00,0.01000000,0
1507233073,22828093,3690.00,0.02666003,0
1507233065,22828091,3690.00,0.01722057,0
1507233065,22828090,3689.99,0.02170257,0
1507233044,22828084,3690.00,0.07784629,0
1507233043,22828083,3690.00,0.02163436,0
1507233042,22828081,3690.00,0.11226016,0
1507233028,22828053,3690.00,0.07977420,0
1507233026,22828052,3690.00,0.02324543,0
1507233025,22828051,3690.00,0.11222764,0
1507233025,22828050,3690.00,0.02163438,0
1507233025,22828048,3690.00,0.15569258,0
1507233017,22828045,3689.80,0.04455567,1
1507233016,22828044,3690.00,0.10354958,0
1507233014,22828042,3689.80,0.04455567,1
1507233013,22828038,3690.00,0.10354958,0
1507233010,22828036,3690.00,4.00000000,0
1507233002,22828034,3690.00,0.10387262,0
1507233002,22828033,3690.00,0.02163388,0
1507233000,22828030,3690.00,0.11219512,0
1507233000,22828029,3690.00,0.02163359,0
1507232999,22828024,3690.00,0.11219241,0
1507232999,22828023,3690.00,0.01394303,0
1507232999,22828022,3689.99,0.00769413,0
1507232991,22828018,3689.99,0.02309616,0
1507232987,22828015,3689.10,0.01180700,1
1507232984,22828011,3689.99,0.01261485,0
1507232971,22828007,3690.00,0.31138516,0
1507232964,22828003,3689.99,0.01270418,0
1507232963,22828002,3689.99,0.01000000,0
1507232962,22828000,3690.00,0.01601084,0
1507232960,22827999,3690.00,0.02309500,0
1507232952,22827990,3690.00,0.30000000,0
1507232951,22827989,3690.00,0.51325587,0
1507232951,22827988,3689.99,0.10951445,0
1507232931,22827982,3690.00,1.00000000,0
1507232917,22827976,3690.00,0.01357055,0
1507232913,22827975,3689.99,0.02027377,0
1507232910,22827965,3690.00,1.00000000,0
1507232906,22827952,3689.70,0.02680000,1
1507232896,22827943,3690.00,1.08162873,0
1507232886,22827919,3690.00,1.00000000,0
1507232883,22827914,3688.90,0.09703374,1
1507232875,22827909,3690.00,0.19536700,0
1507232874,22827908,3689.00,0.00298000,0
1507232860,22827899,3690.00,1.00000000,0
1507232849,22827897,3690.00,0.58645883,0
1507232844,22827896,3690.00,0.01000000,0
1507232838,22827894,3690.00,0.10631400,0
1507232838,22827893,3689.99,0.06000000,0
1507232832,22827889,3690.00,2.25000000,0
1507232811,22827883,3683.40,0.00217026,1
1507232808,22827881,3690.00,0.12834700,0
1507232808,22827880,3689.99,0.07000000,0
1507232797,22827873,3690.00,3.27299063,0
1507232797,22827872,3689.99,0.07000000,0
1507232767,22827862,3689.99,0.00773606,0
1507232766,22827859,3690.00,1.08245184,0
1507232766,22827857,3690.00,0.02531946,0
1507232765,22827854,3690.00,1.45556757,0
1507232765,22827853,3689.99,0.06470677,0
1507232764,22827848,3689.99,0.01000000,0
1507232763,22827843,3689.99,0.00029323,1
1507232763,22827841,3690.00,0.06217344,0
1507232760,22827837,3689.99,0.02918700,1
1507232760,22827836,3689.99,0.04581300,1
1507232757,22827826,3690.00,0.63000000,0
1507232756,22827825,3689.99,0.07000000,0
1507232748,22827793,3689.99,0.03031679,0
1507232745,22827786,3689.99,0.06763954,0
1507232745,22827785,3689.99,0.00535794,0
1507232743,22827780,3689.99,0.07464206,0
1507232738,22827773,3690.00,1.46252274,0
1507232735,22827769,3690.00,1.46158904,0
1507232734,22827765,3690.00,1.00000000,0
1507232732,22827762,3689.99,0.01188094,1
1507232732,22827761,3689.99,0.02003363,1
1507232730,22827758,3690.00,0.98726764,0
1507232727,22827752,3689.99,0.08000000,1
1507232725,22827750,3690.00,1.46072280,0
1507232723,22827742,3690.00,1.46010470,0
1507232720,22827734,3690.00,3.00000000,0
1507232716,22827730,3690.00,0.08250342,0
1507232716,22827729,3689.99,0.09998094,0
1507232713,22827719,3689.99,0.00001906,1
1507232712,22827717,3689.99,0.05997606,0
1507232708,22827715,3689.99,0.05002394,0
1507232696,22827679,3690.00,14.70000000,0
1507232695,22827677,3690.00,0.10000000,0
1507232689,22827667,3690.00,0.88000000,0
1507232689,22827666,3689.99,0.12000000,0
1507232659,22827614,3690.00,0.27115923,0
1507232656,22827610,3690.00,1.00000000,0
1507232650,22827605,3690.00,0.67566499,0
1507232650,22827604,3689.99,0.14000000,0
1507232648,22827603,3687.00,0.00845000,1
1507232643,22827599,3690.00,0.02486992,0
1507232642,22827590,3687.00,0.00742613,1
1507232640,22827576,3690.00,1.85000000,0
1507232640,22827575,3689.99,0.15000000,0
1507232631,22827554,3690.00,1.92631697,0
1507232631,22827552,3689.99,0.18000000,0
1507232631,22827549,3689.98,13.19368303,0
1507232625,22827542,3689.98,0.02486241,0
1507232624,22827541,3689.98,0.52417836,0
1507232624,22827540,3689.97,0.01040312,0
1507232623,22827539,3689.62,0.17000000,0
1507232623,22827538,3689.09,0.29541852,0
1507232612,22827528,3689.00,1.07971325,0
1507232587,22827496,3687.00,0.20347121,1
1507232587,22827495,3687.94,0.01000000,1
1507232577,22827481,3687.00,1.99246631,0
1507232565,22827468,3687.00,0.00753369,0
1507232518,22827429,3689.09,0.10525357,0
1507232518,22827428,3687.50,1.00000000,0
1507232518,22827427,3687.00,0.50000000,0
1507232518,22827426,3686.00,0.50000000,0
1507232518,22827425,3685.00,0.13000000,0
1507232518,22827424,3685.00,0.46411123,0
1507232503,22827416,3685.00,0.01839010,0
1507232499,22827414,3684.98,0.01000000,1
1507232491,22827405,3685.00,0.01749867,0
1507232489,22827400,3684.81,0.11785069,0
1507232487,22827399,3684.81,0.55681205,0
1507232487,22827398,3683.50,0.44318795,0
1507232485,22827397,3683.50,0.01656167,0
1507232463,22827389,3683.50,0.06228315,0
1507232457,22827381,3683.50,0.17056791,0
1507232457,22827380,3680.00,0.00271740,0
1507232456,22827379,3680.00,0.01110870,0
1507232456,22827378,3680.00,0.81560599,0
1507232426,22827370,3680.00,0.39917848,0
1507232424,22827368,3680.00,0.10668156,0
1507232418,22827367,3680.00,0.03000000,0
1507232417,22827366,3680.00,15.70000000,0
1507232416,22827364,3674.62,0.01356439,1
1507232412,22827362,3680.00,9.94853397,0
1507232412,22827360,3680.00,7.55146603,0
1507232404,22827354,3680.00,0.01845000,0
1507232401,22827352,3677.07,0.11579853,1
1507232401,22827351,3677.36,0.01000000,1
1507232367,22827344,3680.00,0.10000000,0
1507232362,22827343,3680.00,0.08017327,0
1507232302,22827288,3680.00,0.01000000,0
1507232283,22827284,3680.00,0.02493750,0
1507232263,22827275,3680.00,0.07686672,0
1507232214,22827266,3680.00,0.13552989,0
1507232209,22827263,3680.00,1.08424457,0
1507232207,22827262,3680.00,0.27105978,0
1507232184,22827248,3680.00,0.01606219,0
1507232183,22827247,3674.44,0.02044097,0
1507232182,22827246,3674.44,0.01000000,1
1507232178,22827245,3680.00,0.26135436,0
1507232165,22827241,3680.00,0.07900397,0
1507232159,22827238,3680.00,0.13552989,0
1507232137,22827234,3680.00,0.03191457,0
1507232127,22827230,3680.00,0.11340726,1
1507232127,22827229,3682.38,0.01000000,1
1507232105,22827227,3680.00,0.02659274,0
1507232079,22827221,3680.00,0.81318206,0
1507232077,22827218,3674.80,0.09721170,1
1507232074,22827217,3680.00,0.16022520,0
1507232055,22827214,3683.49,0.01000000,0
1507232050,22827212,3683.50,0.30739932,0
1507232048,22827211,3683.49,0.83701723,0
1507232023,22827204,3683.49,0.03336458,0
1507231984,22827200,3683.99,0.02630393,0
1507231972,22827199,3673.81,0.05000000,1
1507231972,22827198,3674.83,0.01000000,1
1507231947,22827189,3673.81,0.15631758,1
1507231947,22827188,3673.82,0.08594182,1
1507231946,22827185,3683.99,0.02658050,0
1507231944,22827182,3673.81,0.10000000,1
1507231938,22827173,3673.82,0.08297277,1
1507231938,22827170,3673.82,0.06911395,1
1507231938,22827169,3674.00,0.02032000,1
1507231938,22827168,3674.06,0.11137543,1
1507231936,22827166,3678.83,0.01000000,1
1507231924,22827140,3683.99,0.02491049,0
1507231874,22827131,3683.96,0.05427284,0
1507231844,22827127,3683.99,0.01683007,0
1507231808,22827120,3674.00,0.32258489,0
1507231808,22827119,3674.00,0.01141511,0
1507231805,22827117,3674.73,0.01000000,1
1507231767,22827089,3684.00,0.02679929,0
1507231765,22827088,3683.99,0.03757548,0
1507231746,22827082,3683.97,0.01000000,0
1507231746,22827081,3683.97,0.00784892,0
1507231744,22827079,3683.99,0.01000000,0
1507231724,22827066,3683.99,0.02655469,0
1507231722,22827064,3683.99,0.07737637,0
1507231692,22827054,3684.76,0.00875626,0
1507231687,22827050,3684.88,0.02533726,0
1507231630,22827016,3674.06,0.04591395,1
1507231629,22827015,3674.06,0.08107210,1
1507231627,22827014,3684.03,0.01000000,1
1507231580,22826968,3672.50,0.01200000,1
1507231571,22826964,3672.91,0.40312130,1
1507231571,22826963,3673.00,0.05420664,1
1507231571,22826962,3673.81,0.27219698,1
1507231566,22826960,3688.40,0.01352077,0
1507231563,22826959,3673.30,0.07551391,1
1507231562,22826958,3673.80,0.02500000,1
1507231559,22826956,3673.30,0.99249571,1
1507231559,22826955,3673.30,0.15475276,1
1507231559,22826954,3673.30,0.83376991,1
1507231559,22826953,3673.30,0.01147733,1
1507231558,22826951,3673.31,0.13072470,0
1507231553,22826947,3674.10,0.14132703,1
1507231553,22826946,3675.00,0.02143379,1
1507231551,22826945,3675.00,0.97856621,1
1507231551,22826944,3675.27,0.01000000,1
1507231551,22826943,3675.28,0.01257648,1
1507231546,22826934,3688.41,0.01248355,0
1507231544,22826927,3688.50,0.02675000,0
1507231544,22826925,3673.80,1.59740052,1
1507231544,22826924,3673.81,0.10036950,1
1507231538,22826909,3688.89,0.10000000,0
1507231536,22826908,3673.70,0.25763354,1
1507231531,22826905,3688.90,0.06853338,0
1507231530,22826904,3675.26,0.70000000,1
1507231530,22826903,3688.00,0.52975289,1
1507231529,22826902,3688.91,0.02541564,0
1507231528,22826898,3688.88,0.03482556,0
1507231527,22826897,3673.60,0.79899124,1
1507231527,22826896,3673.60,0.40265562,1
1507231523,22826895,3675.29,0.37500000,1
1507231522,22826894,3674.74,0.10881347,1
1507231522,22826893,3675.32,1.00000000,1
1507231522,22826892,3682.91,0.01000000,1
1507231515,22826883,3688.99,0.00270264,0
1507231505,22826873,3688.93,0.10532741,0
1507231503,22826870,3688.94,0.06219130,0
1507231471,22826862,3675.50,1.89913560,1
1507231470,22826861,3675.50,0.31791376,1
1507231464,22826856,3676.40,0.61890582,1
1507231464,22826854,3676.40,0.86848293,1
1507231464,22826853,3676.40,0.19091886,1
1507231464,22826851,3677.12,0.19785379,1
1507231464,22826850,3677.12,0.62262908,1
1507231455,22826832,3685.36,0.01000000,1
1507231444,22826819,3676.70,0.07563318,1
1507231444,22826818,3684.95,0.12506275,1
1507231443,22826817,3689.00,0.12438330,0
1507231430,22826807,3684.95,0.07493725,1
1507231424,22826806,3689.00,0.92790394,0
1507231424,22826805,3689.00,0.20000000,0
1507231424,22826804,3689.00,0.10000000,0
1507231424,22826803,3689.00,0.09000000,0
1507231424,22826802,3688.84,0.92889284,0
1507231424,22826801,3688.83,0.01550314,0
1507231423,22826800,3684.96,0.40403774,0
1507231415,22826798,3675.71,0.00217446,1
1507231413,22826796,3684.96,0.05482791,0
1507231404,22826794,3675.41,0.01223848,1
1507231396,22826790,3675.10,0.28981549,1
1507231385,22826787,3684.95,0.01489178,0
1507231385,22826786,3684.94,0.01068878,0
1507231366,22826781,3684.95,0.02438400,0
1507231364,22826777,3684.95,0.01704213,0
1507231364,22826776,3684.94,0.02137756,0
1507231334,22826769,3684.95,0.01355254,0
1507231324,22826766,3684.92,0.00760305,0
1507231304,22826754,3675.73,0.20858178,1
1507231302,22826753,3684.96,0.02685502,0
1507231295,22826752,3684.93,0.27208589,0
1507231285,22826751,3684.96,0.00759479,0
1507231267,22826738,3684.96,0.05245304,0
1507231265,22826737,3684.96,0.03018283,0
1507231265,22826736,3684.96,0.03144073,0
1507231263,22826735,3680.00,0.22060113,0
1507231244,22826719,3680.00,0.07935180,0
1507231229,22826716,3680.00,0.27214291,0
1507231225,22826709,3680.00,0.26649710,0
1507231221,22826708,3675.10,0.41566857,1
1507231215,22826705,3675.20,3.14456732,1
1507231214,22826702,3675.10,0.00121710,0
1507231214,22826699,3675.13,0.96581535,1
1507231208,22826682,3679.20,0.44012223,1
1507231208,22826680,3679.20,0.43663045,1
1507231208,22826679,3679.20,0.01000000,1
1507231198,22826642,3680.00,0.00136141,0
1507231185,22826634,3680.00,0.16004565,0
1507231163,22826625,3684.00,0.12125419,0
1507231163,22826624,3683.99,0.88657124,0
1507231144,22826619,3683.99,0.00809898,0
1507231126,22826611,3684.98,0.02603541,0
1507231125,22826610,3684.98,0.01310792,0
1507231123,22826609,3679.00,0.78999990,1
1507231121,22826608,3679.56,0.01000000,1
1507231084,22826596,3674.43,0.00866120,1
1507231064,22826591,3679.00,0.09000000,0
1507231063,22826590,3681.89,0.01000000,1
1507231025,22826571,3673.40,0.00350616,1
1507231025,22826570,3675.00,0.20000000,1
1507231019,22826566,3675.41,0.64653539,1
1507231011,22826554,3680.50,0.25375882,1
1507231011,22826553,3680.90,0.01000000,1
1507231004,22826552,3680.00,0.08303668,1
1507231003,22826551,3680.00,0.01696332,1
1507230999,22826550,3680.22,0.20576276,1
1507230997,22826548,3680.21,0.03270024,1
1507230953,22826529,3680.01,0.23183753,1
1507230953,22826528,3680.01,0.07869110,1
1507230943,22826520,3680.01,0.34567000,1
1507230940,22826518,3680.03,0.02100000,1
1507230940,22826517,3680.93,0.01000000,1
1507230939,22826516,3689.00,0.18816481,0
1507230937,22826512,3688.99,0.89343671,0
1507230928,22826510,3680.04,0.01913225,1
1507230928,22826509,3680.04,0.13734954,1
1507230914,22826470,3680.21,0.01932823,1
1507230891,22826454,3680.30,0.03523228,0
1507230885,22826449,3688.99,0.05067222,0
1507230881,22826447,3689.00,0.16215146,0
1507230848,22826428,3680.30,0.01182896,1
1507230841,22826424,3689.00,0.01331146,0
1507230816,22826406,3680.01,0.28237307,1
1507230816,22826405,3680.01,0.75689377,1
1507230816,22826404,3680.01,0.06888807,1
1507230816,22826403,3680.20,1.62388074,1
1507230816,22826402,3680.20,0.10016783,1
1507230816,22826401,3680.20,0.58495143,1
1507230809,22826393,3681.50,0.00017327,1
1507230809,22826392,3681.70,0.10000000,1
1507230793,22826370,3689.00,0.00440565,0
1507230792,22826368,3689.00,0.01486654,0
1507230727,22826345,3689.00,0.02537026,0
1507230707,22826341,3689.00,0.02684571,0
1507230706,22826340,3689.00,0.08592906,0
1507230697,22826334,3681.80,0.01000000,0
1507230695,22826333,3682.38,0.01000000,1
1507230674,22826323,3689.09,0.00556859,0
1507230668,22826322,3689.09,0.02674018,0
1507230665,22826320,3689.08,0.02283520,0
1507230652,22826313,3689.08,0.01289145,0
1507230642,22826308,3689.08,0.08418428,0
1507230634,22826304,3680.20,1.01167456,1
1507230632,22826301,3680.15,0.01907824,1
1507230631,22826296,3680.10,0.18272821,1
1507230630,22826291,3680.11,0.09428409,1
1507230627,22826277,3689.09,0.00891819,0
1507230625,22826275,3680.41,0.03813820,1
1507230625,22826274,3680.41,0.01122221,1
1507230623,22826273,3680.41,0.13464664,1
1507230623,22826272,3680.41,0.00906908,1
1507230623,22826271,3687.80,0.01000000,1
1507230616,22826260,3689.09,0.18560486,0
1507230616,22826259,3689.09,0.30000000,0
1507230615,22826256,3689.09,0.96467109,0
1507230615,22826255,3689.00,0.10000000,0
1507230614,22826254,3688.00,0.07550246,0
1507230614,22826252,3687.00,0.20000000,0
1507230613,22826250,3686.28,0.09001334,0
1507230604,22826236,3686.28,0.12806972,0
1507230591,22826226,3680.13,0.09900027,0
1507230590,22826225,3680.10,1.01980692,1
1507230587,22826223,3686.31,0.02541715,0
1507230583,22826222,3680.10,0.10012459,1
1507230583,22826221,3680.10,0.38318930,1
1507230564,22826204,3686.35,0.05116464,0
1507230521,22826194,3686.51,0.02946926,0
1507230504,22826192,3686.57,0.01426254,0
1507230485,22826176,3686.67,0.00949637,0
1507230484,22826172,3686.66,0.01539281,0
1507230461,22826151,3686.67,0.14080160,0
1507230444,22826141,3686.67,0.07898425,0
1507230416,22826135,3678.10,0.52173606,1
1507230400,22826129,3686.67,0.13332860,0
1507230384,22826128,3686.67,0.04906438,0
1507230384,22826127,3686.64,0.03078562,0
1507230380,22826126,3686.65,0.16279599,0
1507230361,22826101,3686.95,0.02263148,0
1507230327,22826083,3676.23,0.18831944,1
1507230326,22826080,3676.20,0.33560834,1
1507230323,22826076,3687.66,0.24708630,0
1507230323,22826075,3687.63,0.06157123,0
1507230322,22826073,3687.63,0.02650994,0
1507230322,22826072,3687.57,0.66483253,0
1507230303,22826061,3676.10,0.02877139,1
1507230302,22826058,3676.10,0.06904529,1
1507230301,22826057,3676.10,0.10913185,1
1507230300,22826056,3676.10,0.01118099,1
1507230300,22826055,3676.10,0.85332417,1
1507230299,22826054,3676.12,0.67349006,1
1507230292,22826051,3676.12,0.02650994,1
1507230292,22826050,3676.15,0.06964539,1
1507230285,22826038,3686.81,0.37875450,0
1507230284,22826036,3688.00,0.09609672,0
1507230284,22826035,3688.00,0.00272000,0
1507230284,22826034,3687.00,0.19010444,0
1507230284,22826033,3686.90,0.10266910,0
1507230283,22826032,3686.87,0.26580813,0
1507230283,22826031,3684.97,0.54168746,0
1507230282,22826027,3683.93,0.01000000,1
1507230277,22826022,3684.97,0.09725783,0
1507230277,22826021,3684.93,0.12314246,0
1507230270,22826020,3681.60,1.28925216,1
1507230265,22826010,3684.96,0.00792818,0
1507230264,22826009,3678.00,0.03946681,1
1507230207,22825980,3676.10,0.60687707,1
1507230201,22825977,3676.10,0.13618254,1
1507230163,22825947,3676.10,0.00900000,1
1507230157,22825931,3684.90,0.00135146,0
1507230157,22825925,3684.90,0.00470000,0
1507230155,22825920,3676.00,0.13622602,1
1507230149,22825907,3676.10,0.26430655,1
1507230148,22825903,3676.10,0.15933618,1
1507230148,22825902,3676.10,0.54443388,1
1507230148,22825901,3676.10,1.49485058,1
1507230147,22825900,3676.10,0.34318478,1
1507230146,22825897,3684.90,0.01497194,0
1507230144,22825895,3684.82,0.02605836,0
1507230141,22825891,3676.10,0.08107931,1
1507230141,22825890,3676.10,0.01425000,1
1507230135,22825876,3676.00,0.00509004,1
1507230135,22825874,3683.31,0.01000000,1
1507230103,22825857,3684.49,0.14873355,0
1507230095,22825855,3676.10,0.60757180,1
1507230084,22825854,3676.11,0.00887120,0
1507230084,22825853,3676.11,0.24191521,1
1507230082,22825852,3676.20,0.17008448,0
1507230082,22825851,3676.40,4.20220000,1
1507230070,22825835,3684.97,0.01000000,1
1507230064,22825822,3684.76,0.12452440,0
1507230016,22825804,3675.20,0.00326195,1
1507230010,22825800,3675.20,0.10189000,1
1507230004,22825797,3685.61,0.02880060,0
1507229986,22825786,3675.11,0.02872457,1
1507229977,22825784,3675.10,0.17743908,1
1507229970,22825775,3675.10,0.52342544,1
1507229968,22825774,3686.33,0.27029950,0
1507229964,22825771,3675.10,0.02553913,0
1507229961,22825768,3686.46,0.00759482,0
1507229958,22825767,3675.00,0.20000000,1
1507229956,22825765,3675.51,0.04882190,1
1507229954,22825763,3686.60,0.05345989,1
1507229953,22825762,3676.70,0.29308594,1
1507229953,22825761,3676.70,0.18435254,1
1507229951,22825760,3675.10,0.17406437,1
1507229951,22825759,3676.57,0.01000000,1
1507229950,22825758,3686.64,0.04005549,0
1507229947,22825757,3675.50,0.06911903,1
1507229946,22825756,3675.41,0.94038736,1
1507229946,22825755,3675.41,0.07676264,1
1507229946,22825754,3675.42,0.29729456,1
1507229945,22825747,3675.42,0.40270544,1
1507229944,22825743,3686.77,0.00759479,0
1507229943,22825742,3675.47,0.08855039,1
1507229941,22825738,3676.20,0.41569705,1
1507229940,22825737,3676.10,0.11284135,1
1507229939,22825736,3676.16,0.18274612,1
1507229938,22825733,3676.10,0.00128951,1
1507229938,22825732,3676.11,0.89240696,1
1507229926,22825698,3686.46,0.04180227,0
1507229926,22825697,3686.44,0.06391166,0
1507229926,22825696,3686.37,0.03036293,0
1507229925,22825695,3686.38,0.10530987,0
1507229922,22825694,3686.45,0.05898634,0
1507229905,22825677,3686.73,0.01311760,0
1507229903,22825676,3674.71,0.00874912,1
1507229892,22825663,3686.87,0.26581447,0
1507229892,22825661,3686.87,0.05338481,0
1507229892,22825659,3674.51,0.07702926,1
1507229883,22825651,3686.78,0.12445719,0
1507229881,22825648,3674.30,0.12031137,1
1507229881,22825647,3674.30,1.88745034,1
1507229880,22825646,3677.77,0.11000000,1
1507229879,22825645,3682.30,0.02000000,1
1507229879,22825644,3683.00,1.40197053,1
1507229879,22825643,3683.00,0.23851576,1
1507229879,22825642,3683.39,0.01000000,1
1507229869,22825612,3682.40,0.02195650,1
1507229867,22825603,3682.40,0.02206130,1
1507229864,22825591,3686.90,0.00832200,0
1507229864,22825590,3682.40,0.01991334,1
1507229859,22825582,3686.90,0.12840214,0
1507229859,22825581,3686.78,0.03144639,0
1507229859,22825579,3686.68,0.02954694,0
1507229838,22825570,3686.59,0.05069803,0
1507229820,22825560,3679.00,0.01103163,0
1507229820,22825558,3679.70,0.01000000,1
1507229804,22825552,3686.90,0.23600563,0
1507229804,22825551,3685.00,0.25000000,0
1507229802,22825550,3684.99,0.42173120,0
1507229802,22825549,3684.00,0.08000000,0
1507229790,22825541,3677.90,0.30259230,1
1507229789,22825540,3683.99,0.07903896,1
1507229789,22825536,3683.99,0.05909388,0
1507229764,22825509,3677.91,0.05724100,1
1507229764,22825508,3681.00,0.01000000,1
1507229716,22825481,3678.20,0.52681273,1
1507229711,22825480,3684.00,0.01000000,0
1507229706,22825471,3686.90,0.03045713,0
1507229706,22825470,3686.56,0.52002171,0
1507229706,22825469,3686.50,0.43700548,0
1507229705,22825468,3685.99,0.11818775,1
1507229704,22825467,3685.99,0.17962332,0
1507229703,22825464,3679.50,0.58134484,1
1507229692,22825460,3685.99,0.14935712,0
1507229692,22825459,3685.27,0.29574977,0
1507229692,22825458,3685.12,0.22185073,0
1507229692,22825457,3685.00,0.11268458,0
1507229684,22825455,3685.00,0.01525000,0
1507229681,22825453,3685.00,0.07206542,0
1507229653,22825436,3678.00,0.14017834,1
1507229648,22825431,3685.15,0.01000000,1
1507229643,22825424,3685.27,0.13972653,1
1507229642,22825421,3685.00,0.08360643,0
1507229641,22825420,3685.00,0.01324417,0
1507229602,22825407,3677.91,1.35734322,1
1507229602,22825406,3677.91,0.50230686,1
1507229602,22825405,3677.91,0.10704556,1
1507229601,22825403,3677.91,0.42819845,1
1507229600,22825402,3685.98,0.01000000,0
1507229600,22825401,3678.00,2.21029290,1
1507229599,22825400,3680.00,0.09685060,1
1507229584,22825375,3685.93,0.01529678,0
1507229563,22825364,3685.94,0.00759090,0
1507229554,22825362,3683.50,0.14119724,1
1507229546,22825351,3685.97,0.01235346,0
1507229544,22825350,3685.97,0.01754700,0
1507229534,22825346,3680.80,0.30785911,1
1507229518,22825334,3685.98,0.04177179,0
1507229516,22825328,3685.00,0.00314940,0
1507229494,22825267,3680.00,0.00314940,1
1507229494,22825266,3684.56,0.01000000,1
1507229485,22825265,3685.98,0.07779810,0
1507229440,22825237,3685.99,0.01588718,0
1507229438,22825235,3685.98,0.01117464,0
1507229427,22825232,3685.99,0.01000000,0
1507229422,22825231,3685.99,0.02629958,0
1507229420,22825230,3685.00,0.00076363,0
1507229405,22825217,3685.00,0.02587792,0
1507229394,22825191,3683.00,0.10505447,0
1507229379,22825181,3683.00,0.03719652,0
1507229370,22825173,3680.90,3.56449263,1
1507229364,22825165,3683.00,0.10448508,0
1507229357,22825156,3680.00,0.20000000,1
1507229357,22825155,3680.10,0.79434684,1
1507229357,22825154,3680.32,0.97520658,1
1507229345,22825140,3683.00,8.00000000,0
1507229344,22825133,3683.00,0.00808660,0
1507229337,22825129,3683.00,0.13604924,0
1507229325,22825123,3683.00,0.53564792,0
1507229319,22825119,3683.00,0.00550000,0
1507229290,22825100,3676.50,0.42700000,1
1507229284,22825097,3683.00,0.02638465,0
1507229274,22825093,3683.00,0.00927424,0
1507229272,22825092,3682.99,0.01781039,0
1507229266,22825087,3683.00,0.02638465,0
1507229253,22825073,3675.29,0.02479342,1
1507229251,22825069,3683.00,0.21369585,0
1507229242,22825068,3683.00,0.13597598,0
1507229231,22825066,3683.00,0.00625000,0
1507229199,22825062,3683.00,0.06701480,0
1507229190,22825055,3685.00,0.03276295,0
1507229190,22825054,3684.98,0.03562077,0
1507229185,22825052,3684.99,0.02675223,0
1507229177,22825050,3685.00,0.06479288,0
1507229177,22825048,3684.99,0.07124155,0
1507229167,22825046,3684.80,0.09334782,0
1507229159,22825037,3685.00,0.40774934,0
1507229159,22825036,3684.93,0.06502159,0
1507229159,22825035,3684.84,0.34702069,0
1507229157,22825025,3677.10,0.00270155,1
1507229144,22825000,3684.93,0.06502319,0
1507229136,22824998,3684.92,0.53808105,0
1507229123,22824989,3684.99,0.02553913,0
1507229118,22824984,3675.81,0.50486404,1
1507229112,22824982,3684.87,0.02707015,0
1507229102,22824975,3684.88,0.50000000,0
1507229084,22824960,3684.84,0.00805000,0
1507229073,22824957,3674.37,0.11596178,1
1507229054,22824939,3686.00,0.02171839,0
1507229053,22824938,3685.94,0.00253161,0
1507229051,22824932,3685.87,0.05362198,0
1507229041,22824929,3673.71,0.00253161,1
1507229041,22824928,3673.71,0.13390573,1
1507229033,22824926,3685.97,0.13596378,0
1507229004,22824912,3685.97,0.00759789,0
1507228995,22824910,3680.10,0.04491990,1
1507228986,22824906,3686.00,0.02489690,0
1507228984,22824904,3685.88,0.06224294,1
1507228983,22824901,3685.88,0.00759434,0
1507228965,22824891,3686.00,0.00754433,0
1507228963,22824887,3686.00,1.10866645,0
1507228963,22824885,3685.00,0.24145475,0
1507228962,22824883,3684.00,0.06364793,0
1507228962,22824882,3682.51,0.52914388,0
1507228960,22824879,3677.60,0.03562700,1
1507228958,22824876,3682.51,0.13610220,0
1507228933,22824856,3682.51,0.05347612,0
1507228933,22824855,3682.51,0.20103800,0
1507228926,22824852,3682.51,0.01914143,0
1507228924,22824850,3674.61,0.09047536,1
1507228880,22824828,3682.50,0.00200000,0
1507228866,22824806,3682.51,0.02631100,0
1507228864,22824805,3682.50,0.03394000,0
1507228848,22824793,3682.50,0.02031500,0
1507228825,22824775,3682.50,0.01529262,0
1507228824,22824774,3673.12,0.09495880,1
1507228824,22824773,3673.13,0.02377555,1
1507228817,22824772,3673.12,0.04197651,1
1507228815,22824771,3682.51,0.00430937,0
1507228814,22824770,3682.50,0.02356042,0
1507228813,22824769,3678.28,0.01404063,0
1507228812,22824768,3676.00,0.01000000,0
1507228809,22824762,3673.11,0.16185090,1
1507228787,22824648,3683.62,0.00753588,0
1507228746,22824641,3684.14,0.15413122,0
1507228746,22824640,3684.15,0.02289609,0
1507228723,22824629,3673.60,1.53571329,1
1507228723,22824628,3673.60,0.34650301,1
1507228723,22824627,3675.99,0.01000000,1
1507228723,22824626,3677.37,0.13596674,1
1507228711,22824596,3675.00,0.27192245,1
1507228711,22824594,3677.19,0.37872907,1
1507228710,22824588,3675.00,1.53670020,1
1507228710,22824586,3675.00,0.20000000,1
1507228710,22824583,3677.16,0.05356975,1
1507228706,22824579,3685.00,0.00914732,0
1507228705,22824576,3684.99,0.00821747,0
1507228692,22824558,3684.99,0.04481396,0
1507228692,22824557,3684.00,0.09116572,0
1507228671,22824547,3677.20,1.92276971,1
1507228663,22824542,3684.00,0.00883428,0
1507228663,22824541,3683.99,0.01725055,0
1507228658,22824538,3677.23,0.06789496,1
1507228646,22824525,3677.10,0.08213669,1
1507228645,22824524,3677.10,1.51044391,1
1507228645,22824522,3677.10,0.30269582,1
1507228638,22824511,3677.10,0.10472358,1
1507228634,22824493,3683.69,0.00272150,0
1507228634,22824491,3683.64,0.01561084,0
1507228632,22824487,3677.10,0.02462550,1
1507228628,22824485,3677.02,0.04408202,1
1507228623,22824478,3683.00,0.09500000,0
1507228619,22824472,3677.33,0.01156015,1
1507228610,22824457,3683.00,0.10000000,0
1507228594,22824437,3677.01,0.08354227,1
1507228594,22824436,3677.51,0.01000000,1
1507228592,22824435,3683.00,0.00500000,0
1507228592,22824434,3682.00,0.02500000,0
1507228582,22824429,3677.04,0.39671996,1
1507228581,22824428,3677.01,1.58255757,1
1507228580,22824426,3677.02,0.73122388,1
1507228575,22824420,3676.66,0.06999542,1
1507228574,22824414,3670.88,0.03360907,1
1507228574,22824412,3670.88,0.11956447,1
1507228573,22824410,3670.87,0.03548258,1
1507228573,22824409,3682.00,0.00517962,1
1507228573,22824408,3682.00,0.00320357,1
1507228572,22824405,3682.00,0.03032873,0
1507228570,22824404,3670.90,0.20000000,1
1507228567,22824402,3676.26,0.13600779,1
1507228566,22824401,3676.74,0.06809103,1
1507228566,22824398,3682.00,0.02528219,0
1507228564,22824390,3682.00,0.01325809,0
1507228563,22824389,3682.00,0.02492395,0
1507228561,22824386,3682.00,0.01000000,0
1507228531,22824355,3682.00,0.09620704,0
1507228531,22824354,3682.00,0.58134718,0
1507228501,22824328,3670.40,0.46609654,1
1507228501,22824327,3670.40,0.42844366,1
1507228454,22824244,3682.00,0.08021687,0
1507228449,22824243,3682.00,0.01000000,0
1507228431,22824232,3682.00,0.03925982,0
1507228431,22824230,3679.00,0.00084957,0
1507228422,22824226,3679.00,0.04022250,0
1507228413,22824214,3679.00,0.04066866,0
1507228403,22824208,3679.00,0.01274227,0
1507228402,22824207,3679.00,0.10551700,0
1507228402,22824206,3679.00,0.02800229,0
1507228360,22824194,3670.26,0.01950000,1
1507228358,22824193,3679.00,0.17199771,0
1507228358,22824192,3679.00,0.07215953,0
1507228358,22824191,3678.97,0.04356515,0
1507228358,22824190,3678.00,0.13435316,0
1507228358,22824189,3677.99,0.01855567,0
1507228345,22824188,3678.00,0.56288867,0
1507228345,22824187,3677.99,0.03711133,0
1507228324,22824181,3677.99,0.02301917,0
1507228323,22824180,3677.96,0.25222678,0
1507228307,22824174,3677.77,0.04343393,0
1507228290,22824169,3678.00,0.30275817,0
1507228290,22824168,3677.88,0.09724183,0
1507228265,22824156,3678.89,0.00771506,0
1507228264,22824155,3678.89,0.01000000,0
1507228263,22824152,3678.86,0.06236171,0
1507228263,22824151,3678.86,0.02610610,0
1507228244,22824130,3678.97,0.02643485,0
1507228224,22824117,3678.94,0.04705343,0
1507228204,22824111,3678.97,0.02494448,0
1507228186,22824101,3679.00,0.03423533,0
1507228181,22824100,3678.97,0.03222800,0
1507228162,22824079,3665.01,0.00535939,1
1507228162,22824078,3668.09,0.01916968,1
1507228162,22824077,3670.00,0.06000000,1
1507228162,22824076,3670.01,0.04737861,1
1507228161,22824075,3670.02,0.13623904,1
1507228160,22824073,3678.97,0.02302628,0
1507228124,22824046,3679.00,0.03557200,0
1507228124,22824043,3670.01,0.04434725,1
1507228123,22824042,3678.97,0.06883100,0
1507228123,22824040,3678.97,0.07399600,0
1507228109,22824033,3678.97,0.14278100,0
1507228104,22824029,3679.00,0.02711334,0
1507228102,22824028,3678.97,0.24100114,0
1507228091,22824023,3679.00,0.00173664,0
1507228088,22823971,3678.99,0.00347329,0
1507228086,22823965,3678.99,0.00694658,0
1507228084,22823964,3679.00,0.01504000,0
1507228080,22823961,3679.00,0.01389316,0
1507228079,22823960,3678.97,0.02778632,0
1507228064,22823951,3663.30,0.15603676,1
1507228064,22823949,3665.00,0.13651430,1
1507228063,22823948,3665.20,0.15813740,1
1507228063,22823947,3666.13,0.23077870,1
1507228063,22823946,3666.25,0.31847945,1
1507228056,22823944,3678.96,0.01149450,0
1507228043,22823941,3678.84,0.00560003,1
1507228043,22823940,3679.00,0.00025000,0
1507228043,22823939,3679.00,0.20000000,0
1507228042,22823938,3678.84,0.09239597,0
1507228024,22823932,3678.95,0.01279084,0
1507228022,22823926,3665.20,0.01905411,1
1507228022,22823925,3665.30,4.26220000,1
1507228022,22823924,3665.45,0.34000000,1
1507228022,22823923,3665.50,0.53194672,1
1507228022,22823922,3665.68,1.85634616,1
1507228022,22823921,3665.76,0.79912190,1
1507228021,22823920,3665.80,2.00000000,1
1507228004,22823918,3678.88,0.01044293,0
1507227980,22823904,3680.43,0.13551406,0
1507227964,22823899,3665.20,0.02244886,1
1507227963,22823897,3681.20,0.11063647,0
1507227963,22823896,3681.18,0.88936353,0
1507227959,22823892,3665.11,0.01236810,1
1507227959,22823891,3665.11,0.22163190,1
1507227952,22823890,3665.10,0.38465527,1
1507227952,22823889,3665.11,0.74339921,1
1507227946,22823888,3670.01,0.14601291,0
1507227946,22823886,3670.00,0.50000000,1
1507227946,22823885,3670.01,0.55000000,1
1507227946,22823884,3679.48,0.01000000,1
1507227936,22823867,3681.90,0.59699426,0
1507227935,22823866,3681.90,0.03720920,1
1507227935,22823865,3681.65,0.08275634,0
1507227935,22823864,3681.64,1.02990060,0
1507227934,22823863,3680.20,0.17210000,0
1507227934,22823862,3680.20,0.01155044,1
1507227934,22823861,3680.00,0.13634907,0
1507227934,22823859,3679.21,0.00272480,0
1507227933,22823857,3679.00,0.85053468,1
1507227932,22823856,3679.20,0.01305251,0
1507227930,22823855,3678.76,0.06863199,0
1507227929,22823854,3679.16,0.01910314,0
1507227920,22823851,3675.00,0.05449591,0
1507227920,22823849,3675.00,0.07285714,0
1507227912,22823845,3675.00,0.02714286,0
1507227910,22823843,3665.00,1.31169552,0
1507227907,22823840,3665.00,0.03858820,0
1507227905,22823836,3665.00,0.04776727,0
1507227903,22823835,3662.80,0.97361189,1
1507227897,22823832,3665.00,2.00000000,0
1507227891,22823824,3665.00,0.50219142,0
1507227867,22823798,3665.00,0.13652213,0
1507227860,22823797,3665.00,0.13655181,0
1507227846,22823794,3665.00,0.03428705,0
1507227837,22823792,3665.00,0.05362733,0
1507227822,22823785,3662.60,0.01039236,1
1507227811,22823782,3665.00,1.01345405,0
1507227796,22823772,3665.00,0.02309140,0
1507227793,22823766,3665.00,0.08028397,0
1507227770,22823713,3662.20,0.80380201,1
1507227763,22823705,3665.00,0.06162060,0
1507227763,22823704,3665.00,0.13641299,0
1507227763,22823703,3663.30,0.42696422,1
1507227763,22823702,3663.30,0.29814762,1
1507227761,22823700,3665.00,0.10886767,0
1507227751,22823679,3665.00,2.77123602,0
1507227750,22823678,3665.00,0.25525905,0
1507227749,22823677,3665.00,0.10000000,1
1507227749,22823676,3665.33,0.40420781,1
1507227749,22823675,3675.00,0.78433571,1
1507227749,22823674,3675.00,0.01566429,0
1507227746,22823673,3675.00,0.08223956,0
1507227723,22823659,3675.00,0.49126758,0
1507227723,22823658,3675.00,0.07092759,0
1507227704,22823645,3675.00,0.01793067,0
1507227696,22823643,3675.00,0.02898204,0
1507227674,22823636,3675.00,0.08215970,0
1507227674,22823635,3675.00,0.18678684,0
1507227671,22823633,3674.92,0.00905648,0
1507227655,22823626,3674.88,0.38917112,0
1507227645,22823625,3675.00,0.01321316,0
1507227641,22823623,3662.20,0.05862955,1
1507227627,22823616,3674.99,0.00149505,0
1507227625,22823615,3674.91,0.00299010,0
1507227624,22823614,3674.92,0.00598021,0
1507227621,22823611,3662.04,0.75411834,1
1507227614,22823608,3662.05,0.70898281,1
1507227602,22823602,3662.06,0.10000000,1
1507227601,22823601,3663.00,0.96952225,1
1507227596,22823597,3662.02,0.10457017,1
1507227567,22823566,3665.00,1.95573929,0
1507227565,22823564,3665.00,0.02574989,0
1507227564,22823563,3665.00,0.01851082,0
1507227563,22823562,3665.00,2.00000000,0
1507227555,22823560,3662.00,0.12907249,1
1507227555,22823559,3662.10,0.11112797,1
1507227555,22823558,3662.10,2.60535622,1
1507227554,22823557,3662.10,1.06025189,1
1507227554,22823556,3662.10,0.07106392,0
1507227554,22823555,3669.30,0.00520808,1
1507227552,22823553,3669.95,0.01000000,1
1507227544,22823537,3676.00,2.23571188,0
1507227543,22823534,3674.00,0.10000000,0
1507227543,22823533,3674.00,0.99000000,0
1507227543,22823532,3670.99,0.00200000,0
1507227543,22823530,3669.50,0.00272520,0
1507227543,22823529,3669.50,0.55711038,0
1507227541,22823524,3669.00,0.18472013,0
1507227537,22823519,3669.00,0.01527987,0
1507227507,22823491,3661.31,0.13400000,1
1507227504,22823489,3661.31,0.04416708,1
1507227504,22823488,3669.49,0.00000165,1
1507227495,22823482,3669.49,0.00560000,1
1507227486,22823476,3669.50,0.01000000,0
1507227465,22823455,3669.50,0.20387519,0
1507227460,22823454,3669.50,0.12901443,0
1507227460,22823453,3669.49,0.87098557,0
1507227444,22823447,3669.49,0.01541059,0
1507227442,22823444,3658.35,0.48575232,1
1507227441,22823443,3658.36,0.45741142,1
1507227427,22823439,3669.50,0.10000000,0
1507227427,22823438,3669.49,0.90000000,0
1507227426,22823433,3660.90,0.12395381,0
1507227426,22823432,3660.50,0.14905986,0
1507227426,22823430,3660.00,0.05466301,0
1507227426,22823429,3660.00,0.66919660,0
1507227423,22823425,3660.00,0.13100000,0
1507227422,22823424,3660.00,0.06268306,0
1507227421,22823421,3660.00,0.01928677,0
1507227418,22823417,3656.00,0.03706075,0
1507227413,22823411,3656.00,0.14332300,0
1507227408,22823407,3656.00,2.00000000,0
1507227394,22823395,3656.00,1.00949792,0
1507227387,22823390,3656.00,3.24746547,0
1507227387,22823389,3656.00,0.00765296,0
1507227387,22823388,3656.00,0.05456783,0
1507227386,22823387,3656.00,0.13678356,0
1507227385,22823384,3656.00,0.01385170,0
1507227380,22823371,3656.00,0.14331500,0
1507227379,22823359,3656.00,0.90762643,0
1507227374,22823332,3656.00,0.07972779,0
1507227364,22823315,3655.80,2.51204893,0
1507227364,22823309,3655.80,0.01670209,0
1507227361,22823301,3655.80,1.04615100,0
1507227353,22823298,3655.80,0.01000000,0
1507227353,22823297,3655.80,0.01000000,0
1507227352,22823296,3655.70,0.00218626,1
1507227344,22823292,3655.80,0.01952000,0
1507227331,22823290,3655.80,5.00000000,0
1507227329,22823289,3655.80,1.00000000,0
1507227288,22823273,3655.10,0.15479138,1
1507227288,22823272,3655.22,0.02320862,1
1507227285,22823270,3655.80,0.03086180,0
1507227277,22823269,3655.80,0.02728541,0
1507227269,22823267,3655.80,0.13679853,0
1507227220,22823253,3655.80,0.05386739,0
1507227210,22823246,3655.91,0.13676485,1
1507227181,22823238,3656.00,0.01000000,0
1507227165,22823236,3656.00,1.00000000,0
1507227157,22823233,3656.00,0.13677982,0
1507227143,22823228,3656.00,0.01283637,0
1507227113,22823221,3656.00,0.01865000,0
1507227109,22823218,3656.00,0.03856140,0
1507227091,22823214,3656.00,1.00230000,0
1507227081,22823213,3655.00,0.01701397,1
1507227078,22823211,3660.00,0.10783357,0
1507227061,22823203,3660.00,0.01000000,0
1507227059,22823201,3660.00,1.00000000,0
1507227052,22823198,3655.00,6.96779220,0
1507227032,22823187,3655.00,0.03824990,0
1507227026,22823184,3655.00,0.04764657,0
1507227015,22823173,3654.00,3.96617546,0
1507226996,22823170,3654.00,0.03722820,0
1507226995,22823169,3654.00,0.03722820,0
1507226993,22823167,3654.00,0.00868734,0
1507226992,22823164,3654.00,0.14341800,0
1507226990,22823162,3654.00,0.03723690,0
1507226985,22823160,3654.00,1.85600621,0
1507226982,22823159,3654.00,0.05472480,0
1507226977,22823157,3654.00,0.03658540,0
1507226975,22823155,3654.00,0.00791469,0
1507226974,22823154,3654.00,0.03658080,0
1507226964,22823152,3654.00,0.03539960,0
1507226962,22823149,3654.00,0.03541440,0
1507226962,22823148,3654.50,3.69740000,1
1507226962,22823147,3654.64,0.01000000,1
1507226959,22823144,3655.00,0.00888645,0
1507226958,22823143,3655.00,0.03541150,0
1507226956,22823141,3655.00,0.03541150,0
1507226953,22823137,3655.00,1.10354103,0
1507226947,22823134,3655.00,0.14341200,0
1507226929,22823115,3655.00,0.01865000,0
1507226928,22823114,3655.00,0.05477636,0
1507226927,22823113,3655.00,0.39085000,0
1507226923,22823112,3655.00,0.24311628,0
1507226921,22823108,3655.00,0.16158705,0
1507226921,22823105,3655.00,0.09601624,0
1507226911,22823098,3655.00,0.14340900,0
1507226903,22823085,3655.00,0.01336704,0
1507226903,22823084,3654.00,0.00273670,0
1507226903,22823083,3654.00,4.92132479,0
1507226875,22823077,3654.00,0.14341000,0
1507226859,22823072,3654.00,0.03486020,0
1507226855,22823070,3654.00,0.05478536,0
1507226843,22823069,3654.00,0.00765977,0
1507226815,22823063,3650.00,5.24395781,1
1507226814,22823062,3650.00,0.05466301,1
1507226814,22823061,3650.00,0.06969382,1
1507226814,22823060,3650.00,0.50560000,1
1507226814,22823059,3650.61,0.05478536,1
1507226814,22823058,3650.70,4.07130000,1
1507226802,22823057,3654.00,0.03460710,0
1507226792,22823053,3654.00,0.08091246,0
1507226792,22823052,3654.00,0.16275950,0
1507226791,22823050,3654.00,0.08007450,0
1507226790,22823049,3654.00,0.08007450,0
1507226789,22823047,3654.00,0.08007450,0
1507226788,22823046,3654.00,0.08007450,0
1507226781,22823040,3654.00,0.05477786,0
1507226777,22823033,3654.00,0.16556810,0
1507226759,22823013,3652.00,6.88754817,0
1507226759,22823012,3651.99,1.65851157,0
1507226739,22822998,3651.20,0.00361708,1
1507226725,22822993,3651.99,0.11244632,0
1507226725,22822992,3651.99,0.09515000,0
1507226691,22822975,3650.31,5.83800000,1
1507226691,22822974,3650.40,4.16200000,1
1507226660,22822927,3651.00,5.61085326,0
1507226652,22822922,3651.00,0.02710270,0
1507226650,22822919,3650.00,2.22730000,1
1507226650,22822918,3650.00,0.10000000,1
1507226650,22822917,3650.01,4.00000000,1
1507226650,22822916,3650.10,3.63070000,1
1507226650,22822915,3650.11,0.04200000,1
1507226624,22822909,3651.00,0.05279287,0
1507226623,22822907,3651.00,0.01069296,0
1507226606,22822893,3651.00,0.05464256,0
1507226604,22822891,3651.00,0.10025000,0
1507226588,22822882,3651.00,0.00200000,0
1507226586,22822880,3651.00,0.02555938,0
1507226568,22822870,3651.00,0.04294655,0
1507226558,22822867,3651.00,0.25791563,0
1507226541,22822862,3651.00,0.03200000,0
1507226525,22822854,3651.00,0.01245000,0
1507226487,22822844,3651.00,0.13000000,1
1507226487,22822843,3651.05,0.00219216,1
1507226487,22822842,3651.31,0.07860193,1
1507226487,22822841,3651.40,3.56000000,1
1507226464,22822833,3652.00,0.00783213,0
1507226459,22822832,3651.40,0.46689100,1
1507226456,22822829,3652.00,0.05855837,0
1507226362,22822805,3652.00,0.01300493,0
1507226325,22822777,3652.00,0.01541822,0
1507226323,22822776,3652.00,3.00000000,0
1507226312,22822768,3652.00,0.01366992,0
1507226295,22822758,3652.75,0.00396826,1
1507226286,22822753,3654.00,0.08808091,0
1507226283,22822752,3654.00,0.02511494,0
1507226264,22822711,3654.00,0.02698987,0
1507226245,22822698,3654.00,0.02557816,0
1507226234,22822696,3654.00,0.20350589,0
1507226232,22822694,3653.99,0.05723291,0
1507226203,22822691,3653.99,0.02945000,0
1507226183,22822684,3652.75,0.53982174,0
1507226183,22822683,3652.75,0.12047617,0
1507226173,22822681,3652.75,0.01365249,0
1507226172,22822680,3652.75,0.02713371,0
1507226164,22822678,3652.75,0.11397617,0
1507226045,22822612,3653.99,0.13582849,0
1507226027,22822609,3653.99,0.02078008,0
1507225976,22822604,3654.00,0.05472540,0
1507225973,22822602,3651.20,0.00182616,1
1507225969,22822601,3651.20,0.00365232,1
1507225966,22822600,3651.20,0.00730464,1
1507225964,22822599,3651.20,0.01460928,1
1507225963,22822598,3654.00,0.02623804,0
1507225960,22822563,3654.00,0.27413245,0
1507225959,22822562,3651.20,0.02921855,1
1507225958,22822561,3651.20,0.05843710,1
1507225948,22822558,3654.00,0.05472540,0
1507225942,22822546,3654.00,0.00362290,0
1507225941,22822545,3654.00,0.91000000,0
1507225941,22822544,3654.60,0.00362290,1
1507225941,22822543,3654.60,2.32270000,1
1507225937,22822536,3655.00,0.21131600,0
1507225922,22822532,3655.00,0.28656088,0
1507225913,22822531,3657.50,0.03942289,0
1507225905,22822530,3657.50,0.05997922,0
1507225872,22822518,3654.10,0.17938813,1
1507225864,22822511,3654.10,1.00000000,1
1507225864,22822510,3657.50,0.01380399,0
1507225862,22822505,3657.50,0.12589589,0
1507225846,22822500,3654.00,0.00218731,1
1507225840,22822498,3657.50,0.02693605,0
1507225829,22822492,3653.81,0.10000000,1
1507225781,22822474,3657.50,0.04189433,0
1507225751,22822454,3657.50,0.07164200,0
1507225725,22822439,3657.50,0.12326559,0
1507225723,22822432,3657.50,0.20000000,0
1507225708,22822428,3657.50,0.02076737,0
1507225704,22822427,3657.50,0.02666163,0
1507225698,22822425,3657.50,0.20000000,0
1507225672,22822415,3657.50,0.20000000,0
1507225658,22822413,3657.50,0.04038973,0
1507225641,22822405,3657.50,0.01334690,0
1507225604,22822370,3657.50,0.04519754,0
1507225604,22822369,3656.97,0.22168005,0
1507225603,22822368,3656.97,0.28094843,0
1507225590,22822367,3656.97,0.03238961,0
1507225525,22822358,3657.50,0.01088544,0
1507225524,22822356,3652.20,0.06356151,1
1507225504,22822346,3657.50,0.10316749,0
1507225469,22822338,3657.50,0.15762942,0
1507225446,22822322,3657.50,0.01322223,0
1507225426,22822305,3660.50,0.13625187,0
1507225404,22822285,3660.50,0.01668155,0
1507225392,22822283,3660.50,0.02167641,0
1507225384,22822273,3660.50,0.02507035,0
1507225344,22822263,3652.00,0.00014463,1
1507225344,22822262,3652.61,0.05475537,1
1507225344,22822261,3659.00,0.06010000,1
1507225292,22822246,3652.60,0.74422171,1
1507225292,22822245,3652.60,2.32140000,1
1507225284,22822243,3660.50,0.10025000,0
1507225267,22822238,3660.50,0.01100000,0
1507225244,22822209,3660.50,0.00781713,0
1507225191,22822193,3660.50,0.05464466,0
1507225152,22822175,3660.49,0.02702935,0
1507225144,22822167,3660.49,0.25343055,0
1507225118,22822158,3660.49,0.05475837,0
1507225093,22822151,3660.89,0.01296437,0
1507225086,22822149,3660.90,0.02604619,0
1507225085,22822148,3661.00,0.38073900,0
1507225085,22822147,3661.00,0.25682177,0
1507225085,22822146,3661.00,0.02571332,0
1507225083,22822145,3660.99,0.00273150,0
1507225029,22822139,3660.99,0.05471792,0
1507225014,22822138,3660.99,0.05435745,0
1507225004,22822131,3655.40,1.99034965,1
1507225004,22822129,3655.41,1.01000000,1
1507224943,22822117,3651.73,1.16943272,0
1507224943,22822115,3651.81,9.18000000,0
1507224943,22822114,3652.29,0.00271750,1
1507224943,22822113,3652.29,3.00384506,0
1507224943,22822112,3653.15,0.00219217,1
1507224942,22822111,3654.00,0.20000000,1
1507224942,22822110,3654.00,0.09000000,1
1507224942,22822109,3654.12,0.34134770,1
1507224942,22822108,3655.00,0.20000000,1
1507224941,22822107,3655.91,0.13676485,1
1507224941,22822106,3656.00,2.00000000,0
1507224941,22822105,3660.00,0.02000000,1
1507224939,22822104,3660.10,3.18370000,1
1507224927,22822100,3661.00,0.15025000,0
1507224926,22822099,3661.00,0.00813364,0
1507224888,22822094,3661.00,0.05467304,0
1507224861,22822088,3658.20,0.37684888,1
1507224846,22822086,3661.00,0.01295884,0
1507224793,22822064,3661.00,0.02699451,0
1507224725,22822049,3661.00,0.01000000,0
1507224724,22822046,3661.00,0.08244807,0
1507224700,22822030,3661.00,0.16532900,0
1507224673,22822015,3661.00,0.06711127,0
1507224662,22822011,3661.00,0.01609371,0
1507224612,22821986,3661.00,0.29443959,0
1507224606,22821983,3661.36,0.01000000,1
1507224577,22821962,3665.77,0.00304438,0
1507224575,22821960,3662.00,0.00103810,0
1507224564,22821948,3662.00,0.05146054,0
1507224543,22821907,3657.50,0.01482999,1
1507224525,22821893,3662.00,0.12614145,0
1507224524,22821890,3662.00,0.00135991,0
1507224504,22821881,3665.77,0.04722325,0
1507224495,22821876,3665.77,0.02721120,0
1507224494,22821875,3656.60,0.34000000,1
1507224492,22821873,3665.77,0.01000000,0
1507224468,22821851,3665.77,0.01794673,0
1507224466,22821849,3665.77,0.01509461,0
1507224465,22821847,3665.77,0.02254874,0
1507224422,22821834,3665.77,0.02687366,0
1507224417,22821833,3665.77,0.01816892,0
1507224400,22821827,3665.77,0.06485660,0
1507224399,22821825,3660.68,0.28925220,0
1507224398,22821824,3660.68,0.55149315,1
1507224398,22821823,3660.72,0.20973348,1
1507224362,22821809,3665.77,0.23620609,0
1507224325,22821803,3665.77,0.02592701,0
1507224324,22821802,3657.30,0.01233112,1
1507224319,22821801,3665.77,0.01295337,0
1507224307,22821798,3665.77,0.02565725,0
1507224305,22821796,3665.77,0.02565655,0
1507224303,22821794,3656.17,0.00911086,1
1507224303,22821793,3665.75,0.02503444,0
1507224216,22821736,3669.27,0.08446335,0
1507224205,22821725,3660.84,0.00218335,1
1507224183,22821712,3668.87,0.00762397,0
1507224166,22821703,3669.50,0.02637554,0
1507224155,22821698,3668.77,0.00481369,0
1507224153,22821697,3658.80,0.00077919,0
1507224125,22821690,3658.80,0.17500000,0
1507224090,22821665,3669.07,0.02590225,0
1507224013,22821636,3668.90,0.24468053,0
1507224007,22821634,3656.81,0.15957388,1
1507224007,22821633,3657.57,0.07777000,1
1507224005,22821632,3660.00,0.06265612,1
1507223965,22821627,3669.90,0.02642659,0
1507223960,22821626,3669.57,0.02680837,0
1507223925,22821611,3669.17,0.06849462,0
1507223905,22821599,3669.90,0.10193653,0
1507223905,22821598,3669.15,0.00273220,0
1507223893,22821593,3668.50,0.04049097,0
1507223892,22821591,3668.67,0.00292144,0
1507223884,22821590,3660.00,0.02834388,1
1507223864,22821581,3660.00,0.00900000,1
1507223852,22821578,3669.90,0.92698909,0
1507223852,22821577,3669.00,0.07331091,0
1507223845,22821576,3669.00,0.02668909,0
1507223844,22821575,3660.54,0.20127529,1
1507223844,22821574,3660.57,0.98998886,1
1507223844,22821573,3669.00,0.09065692,1
1507223840,22821572,3669.90,0.01000000,0
1507223831,22821537,3669.80,0.02105436,0
1507223831,22821536,3669.79,0.01994988,0
1507223831,22821535,3669.00,0.05122082,0
1507223828,22821533,3669.00,0.08158354,0
1507223804,22821523,3669.00,0.01019887,0
1507223790,22821519,3669.00,0.02370100,0
1507223746,22821503,3669.00,0.02668553,0
1507223721,22821499,3669.00,0.01000000,0
1507223705,22821491,3669.00,0.02650668,0
1507223704,22821490,3669.00,0.00762481,0
1507223684,22821486,3669.00,0.01873927,0
1507223658,22821475,3669.89,0.00565620,0
1507223656,22821473,3669.00,0.12819862,0
1507223654,22821469,3669.00,0.02695648,0
1507223652,22821465,3669.00,0.00903227,0
1507223645,22821457,3660.71,0.02500567,1
1507223644,22821456,3669.00,0.05437449,0
1507223637,22821453,3669.00,0.02718724,0
1507223604,22821443,3669.00,0.01000000,0
1507223603,22821442,3669.00,0.01019887,0
1507223583,22821440,3670.00,0.02500545,0
1507223580,22821435,3669.70,0.24406844,0
1507223580,22821434,3669.50,1.00000000,0
1507223557,22821431,3669.49,0.08155084,0
1507223546,22821425,3669.40,0.06860802,0
1507223484,22821409,3669.90,0.01000000,0
1507223483,22821408,3669.90,0.02650668,0
1507223463,22821389,3669.90,0.12503065,0
1507223448,22821385,3669.00,1.84740238,0
1507223448,22821384,3669.00,0.32760436,0
1507223406,22821376,3669.00,0.01261862,0
1507223387,22821365,3669.00,0.01000000,0
1507223385,22821364,3669.00,0.59812210,0
1507223384,22821363,3669.00,0.02525000,0
1507223304,22821340,3669.00,0.02640492,0
1507223266,22821299,3668.90,0.02609448,0
1507223224,22821296,3669.90,0.13116533,0
1507223181,22821287,3669.90,0.02277988,0
1507223164,22821274,3669.90,0.05474546,0
1507223162,22821271,3669.90,0.03333300,0
1507223106,22821219,3669.49,0.00244111,0
1507223088,22821203,3669.90,0.07396464,0
1507223086,22821202,3669.49,0.36853000,0
1507223073,22821196,3669.50,1.13135032,0
1507223071,22821194,3669.49,0.49967198,0
1507223066,22821192,3669.39,0.02257533,0
1507223064,22821191,3659.30,0.33033109,1
1507223064,22821190,3660.10,0.01000000,1
1507223043,22821185,3669.68,0.02500763,0
1507223034,22821174,3669.58,0.02705276,0
1507223027,22821171,3657.81,0.01001223,1
1507223027,22821170,3657.81,0.03000000,0
1507223025,22821169,3666.44,0.01000000,1
1507223022,22821167,3657.74,0.57492047,1
1507223021,22821166,3657.73,0.01001114,1
1507222992,22821155,3669.90,0.13381841,0
1507222992,22821154,3669.90,0.00825000,0
1507222986,22821148,3670.00,0.00784328,0
1507222944,22821134,3670.00,0.10124337,0
1507222943,22821133,3669.51,0.05616140,0
1507222937,22821128,3669.51,0.01000000,0
1507222912,22821120,3669.51,0.04025347,0
1507222907,22821117,3669.51,0.09211514,0
1507222907,22821116,3669.00,0.01415494,0
1507222890,22821078,3669.00,0.83530419,0
1507222890,22821077,3668.97,0.50308175,0
1507222869,22821060,3669.00,0.27187244,0
1507222843,22821023,3658.03,0.49808175,1
1507222841,22821022,3669.00,0.13100000,0
1507222826,22820996,3669.00,0.20821245,0
1507222821,22820990,3669.00,0.01359225,0
1507222820,22820989,3669.00,0.01000000,0
1507222817,22820988,3669.00,0.27187244,0
1507222804,22820983,3670.00,0.01612114,0
1507222755,22820964,3670.00,0.10368062,0
1507222753,22820963,3669.99,0.01007253,0
1507222734,22820953,3660.78,0.00500000,1
1507222734,22820952,3660.78,0.00500000,1
1507222734,22820951,3660.77,0.00500000,1
1507222707,22820939,3669.96,0.00089140,1
1507222703,22820938,3670.00,0.13506675,1
1507222700,22820937,3670.03,0.01000000,0
1507222686,22820934,3670.03,0.01276997,0
1507222684,22820933,3670.03,0.01064110,0
1507222684,22820932,3670.02,0.06802377,0
1507222684,22820929,3670.00,0.00218416,1
1507222673,22820926,3670.00,0.36274909,1
1507222670,22820923,3669.96,0.02500000,1
1507222648,22820917,3670.03,0.01920268,0
1507222646,22820916,3670.02,0.32130270,0
1507222645,22820913,3669.99,0.00794968,0
1507222623,22820903,3669.90,0.08275000,0
1507222608,22820898,3669.97,0.00400000,0
1507222573,22820890,3669.99,0.05366325,0
1507222566,22820888,3669.97,0.01382195,0
1507222549,22820881,3665.57,0.00600000,1
1507222544,22820878,3670.97,0.02562582,0
1507222487,22820861,3670.96,0.02275000,0
1507222485,22820860,3660.47,0.22970235,1
1507222485,22820859,3667.29,0.10000000,1
1507222485,22820858,3667.66,0.01000000,1
1507222460,22820845,3670.97,0.06565088,0
1507222439,22820833,3670.99,0.00200000,0
1507222324,22820720,3672.17,0.03778167,0
1507222305,22820703,3672.46,0.01000000,0
1507222305,22820702,3671.67,0.45404618,0
1507222207,22820674,3673.57,0.02605073,0
1507222188,22820658,3665.60,0.01000000,1
1507222184,22820656,3672.77,0.00941831,0
1507222144,22820650,3659.91,0.22638725,1
