date,tid,price,amount,type
1507248050,22838270,4309.15,0.05925322,0
1507248017,22838268,4309.20,0.68279905,0
1507248016,22838267,4309.20,0.03002320,0
1507248013,22838265,4301.00,0.11298000,1
1507248006,22838264,4301.01,0.10666700,1
1507248006,22838263,4301.03,0.87150000,1
1507248006,22838262,4301.04,0.02183300,1
1507248003,22838253,4301.09,0.87150000,0
1507247998,22838252,4301.09,0.12850000,0
1507247998,22838251,4301.15,0.87150000,1
1507247986,22838250,4310.00,0.06674169,1
1507247985,22838249,4312.99,0.00310000,0
1507247976,22838248,4310.01,0.00182181,0
1507247976,22838247,4310.01,0.05606235,1
1507247945,22838246,4312.99,0.02127758,1
1507247943,22838244,4312.99,0.10638791,0
1507247940,22838242,4313.00,0.01180756,0
1507247936,22838211,4313.00,0.03100000,0
1507247883,22838202,4313.50,0.02127507,0
1507247883,22838200,4313.50,0.01649935,0
1507247860,22838199,4313.49,0.05537004,0
1507247833,22838195,4313.50,0.02046075,0
1507247728,22838183,4313.28,1.69000000,1
1507247725,22838182,4312.90,0.80150000,0
1507247725,22838181,4312.90,0.07000000,0
1507247719,22838180,4312.99,0.05339857,0
1507247713,22838179,4306.00,0.09502798,1
1507247703,22838176,4300.11,0.16200877,1
1507247703,22838175,4300.11,0.30588021,1
1507247703,22838174,4303.30,0.28771775,1
1507247703,22838173,4307.16,0.01156375,1
1507247697,22838172,4302.38,1.68692930,1
1507247697,22838171,4305.03,0.03379070,1
1507247690,22838158,4300.11,0.44908454,1
1507247690,22838157,4304.90,1.00000000,1
1507247690,22838156,4309.16,0.00340000,1
1507247676,22838120,4313.39,0.00393620,0
1507247669,22838119,4313.50,0.00590000,0
1507247665,22838118,4305.01,0.06000000,1
1507247657,22838117,4313.37,0.00260000,0
1507247655,22838116,4313.89,0.14328990,0
1507247655,22838115,4313.46,1.17961010,0
1507247654,22838114,4313.31,0.87150000,0
1507247644,22838109,4313.50,0.07929254,1
1507247644,22838108,4310.00,0.01800000,0
1507247644,22838107,4305.44,0.15770746,0
1507247628,22838103,4305.00,1.00000000,1
1507247625,22838102,4305.00,1.00000000,1
1507247624,22838101,4305.00,1.00000000,1
1507247610,22838098,4305.53,1.00000000,1
1507247609,22838097,4305.49,0.10300000,0
1507247608,22838096,4313.00,0.89700000,1
1507247605,22838094,4305.50,0.12850000,0
1507247605,22838093,4305.51,0.87150000,1
1507247595,22838092,4315.52,2.50000000,0
1507247581,22838088,4315.35,0.29188432,1
1507247581,22838087,4315.35,0.32266841,0
1507247562,22838079,4308.80,0.12850000,0
1507247561,22838078,4308.83,0.87150000,1
1507247491,22838063,4315.53,0.07939693,0
1507247489,22838062,4315.16,0.02056095,0
1507247488,22838061,4312.75,0.03284765,0
1507247482,22838060,4312.75,0.05340860,0
1507247457,22838054,4312.75,0.00893841,0
1507247443,22838053,4311.67,0.02289633,1
1507247407,22838047,4311.83,0.02587000,1
1507247359,22838029,4311.64,0.03433660,1
1507247358,22838027,4311.89,0.15242040,1
1507247358,22838024,4312.05,0.18725400,1
1507247358,22838022,4312.05,0.18858400,1
1507247358,22838020,4312.05,0.20942399,1
1507247358,22838018,4312.05,0.18232570,1
1507247358,22838016,4312.05,0.10374774,1
1507247357,22838010,4312.05,0.37245700,1
1507247357,22838008,4312.05,0.29038400,1
1507247357,22838006,4312.06,0.23864000,1
1507247357,22838004,4312.06,0.56136000,1
1507247293,22837983,4312.75,0.02350157,0
1507247284,22837981,4312.75,0.10639383,0
1507247256,22837978,4312.75,0.03451425,0
1507247242,22837976,4312.63,0.16573897,1
1507247239,22837974,4312.62,2.11271176,1
1507247238,22837973,4312.62,2.50000000,1
1507247230,22837966,4312.75,0.15768922,1
1507247225,22837963,4318.00,0.16182468,0
1507247225,22837962,4317.98,0.14250132,0
1507247225,22837961,4312.68,0.25901210,0
1507247224,22837959,4317.98,0.01474813,0
1507247210,22837953,4312.63,0.43364771,1
1507247210,22837952,4313.65,0.06635229,1
1507247205,22837951,4313.65,0.08080339,1
1507247192,22837948,4313.64,0.45229559,1
1507247183,22837944,4310.84,0.11621286,1
1507247181,22837943,4310.80,2.50000000,1
1507247174,22837941,4310.71,0.01000000,0
1507247174,22837940,4317.99,1.00000000,0
1507247169,22837936,4314.17,0.00305198,1
1507247166,22837934,4317.99,0.02000000,0
1507247166,22837933,4310.59,0.98000000,0
1507247164,22837932,4315.85,0.46000000,0
1507247164,22837931,4314.17,0.54000000,0
1507247157,22837926,4310.49,0.89455495,1
1507247157,22837925,4310.49,0.11500000,1
1507247155,22837923,4317.98,0.74779022,0
1507247155,22837922,4310.49,0.11498000,0
1507247152,22837921,4309.98,0.15758192,1
1507247151,22837920,4309.98,0.55990000,1
1507247145,22837918,4308.88,0.88401838,0
1507247144,22837917,4308.88,0.04652667,0
1507247135,22837916,4318.43,0.00650000,0
1507247133,22837915,4310.00,0.06537670,0
1507247132,22837914,4310.00,1.00000000,0
1507247132,22837913,4310.00,2.31600000,0
1507247131,22837912,4315.00,0.00227671,1
1507247131,22837911,4315.00,0.19327462,1
1507247125,22837908,4315.00,0.02393770,1
1507247073,22837892,4318.35,1.00000000,1
1507247070,22837891,4318.32,0.06158766,0
1507247070,22837890,4318.26,0.93841234,0
1507247067,22837889,4318.35,0.12850000,0
1507247067,22837888,4318.33,0.87150000,0
1507247065,22837887,4318.60,0.60850000,1
1507247064,22837886,4318.46,0.39150000,0
1507247063,22837885,4318.46,0.12850000,0
1507247062,22837884,4318.44,0.87150000,0
1507247047,22837880,4317.71,0.12850000,0
1507247047,22837879,4317.63,0.87150000,0
1507247043,22837877,4314.95,0.50000000,0
1507247037,22837876,4314.61,0.48000000,0
1507247030,22837875,4314.29,0.87150000,0
1507247028,22837874,4310.01,0.03461805,1
1507247027,22837873,4314.31,1.00000000,0
1507247016,22837871,4310.00,0.31445555,0
1507246997,22837864,4310.00,0.08473993,0
1507246997,22837863,4310.00,0.30000000,0
1507246989,22837858,4306.83,0.34009442,0
1507246989,22837857,4306.79,0.15765802,0
1507246981,22837855,4302.14,0.19050000,0
1507246979,22837854,4302.16,0.87150000,1
1507246932,22837852,4302.12,0.72145913,1
1507246932,22837851,4302.13,0.21650918,1
1507246927,22837850,4302.12,0.01950000,1
1507246923,22837849,4306.83,0.01326200,0
1507246906,22837846,4306.83,0.10664358,0
1507246904,22837845,4305.02,0.09335642,0
1507246898,22837844,4305.02,0.01582838,0
1507246869,22837837,4304.97,0.00906080,0
1507246869,22837836,4302.25,0.00530000,0
1507246867,22837835,4299.84,0.01303700,1
1507246853,22837834,4299.76,0.04413800,1
1507246831,22837831,4299.63,0.02083857,0
1507246818,22837827,4299.49,0.10926907,0
1507246816,22837826,4299.49,0.37151374,0
1507246816,22837825,4299.59,0.01075519,1
1507246793,22837800,4304.99,0.01100000,0
1507246777,22837796,4305.00,0.00330000,0
1507246767,22837789,4299.37,0.32543599,1
1507246753,22837787,4303.36,0.35154799,1
1507246752,22837783,4305.00,0.05345910,1
1507246744,22837769,4305.00,0.11453000,1
1507246743,22837767,4305.00,0.58565249,1
1507246743,22837766,4305.02,0.00988062,0
1507246743,22837765,4305.02,0.01143403,0
1507246742,22837763,4305.00,0.11452700,1
1507246738,22837757,4305.00,0.00938157,1
1507246737,22837749,4305.00,0.10435494,1
1507246735,22837739,4305.00,0.01809490,1
1507246735,22837738,4305.00,0.03447820,1
1507246734,22837732,4305.02,0.00285388,0
1507246734,22837730,4305.02,0.03824837,1
1507246731,22837724,4305.02,0.10461428,1
1507246689,22837699,4308.16,0.01400000,1
1507246675,22837696,4308.00,0.55405717,1
1507246674,22837694,4308.00,2.30232762,1
1507246672,22837692,4307.96,0.14361521,0
1507246670,22837689,4307.96,0.01400000,0
1507246624,22837674,4308.02,0.01854300,0
1507246613,22837672,4308.10,0.06137260,1
1507246542,22837664,4308.07,0.06315198,1
1507246538,22837663,4308.07,0.24360000,1
1507246509,22837658,4305.09,0.30000000,1
1507246506,22837655,4312.02,0.01860638,0
1507246477,22837647,4312.19,0.01200000,0
1507246457,22837644,4305.00,0.01552180,1
1507246443,22837613,4303.02,0.00500000,1
1507246428,22837594,4308.21,0.01504801,0
1507246420,22837554,4306.76,0.62820774,0
1507246419,22837552,4305.31,0.44000000,0
1507246417,22837551,4305.30,1.00000000,0
1507246415,22837550,4305.30,1.00000000,0
1507246412,22837549,4305.30,1.00000000,0
1507246395,22837548,4305.30,1.00000000,0
1507246392,22837547,4305.30,1.00000000,0
1507246383,22837544,4305.30,0.00369639,0
1507246382,22837541,4303.77,0.15776865,0
1507246376,22837540,4303.77,1.07111904,0
1507246363,22837536,4303.76,0.00847199,0
1507246349,22837520,4303.80,0.02701046,0
1507246343,22837517,4297.01,1.00000000,0
1507246341,22837515,4297.01,1.00000000,0
1507246337,22837513,4297.01,0.00350000,0
1507246337,22837512,4297.01,0.18042362,1
1507246332,22837511,4297.02,1.00000000,0
1507246332,22837510,4297.01,0.18000000,1
1507246329,22837508,4297.01,0.94320440,1
1507246329,22837507,4297.05,0.05679560,1
1507246328,22837503,4297.04,0.81470440,0
1507246327,22837497,4297.04,0.18529560,0
1507246324,22837490,4297.01,0.29837198,1
1507246324,22837489,4297.01,0.00403536,1
1507246318,22837481,4298.82,0.04696534,0
1507246312,22837479,4303.81,0.00239101,0
1507246310,22837477,4298.01,0.96676700,0
1507246310,22837476,4298.01,0.00181300,0
1507246309,22837475,4298.82,0.03142000,1
1507246306,22837474,4298.01,1.00000000,1
1507246305,22837473,4298.01,0.29100000,1
1507246305,22837472,4298.00,0.93222867,0
1507246303,22837470,4298.00,0.06777133,1
1507246302,22837469,4298.01,1.00000000,0
1507246296,22837447,4307.30,0.07374418,0
1507246291,22837426,4298.00,0.06000000,1
1507246291,22837424,4298.00,0.07167699,1
1507246291,22837423,4298.00,0.30399289,1
1507246291,22837421,4298.82,0.01160086,1
1507246289,22837416,4300.00,0.69500000,0
1507246289,22837415,4300.00,0.56940625,1
1507246289,22837414,4300.01,0.42000000,1
1507246288,22837412,4308.93,0.06254612,1
1507246287,22837411,4307.31,0.01585558,0
1507246287,22837409,4300.00,0.15160152,1
1507246286,22837408,4300.00,0.00184653,1
1507246286,22837407,4300.00,0.00270020,1
1507246286,22837406,4300.00,0.37385175,1
1507246286,22837405,4300.00,0.12614825,1
1507246286,22837404,4300.00,0.00600753,1
1507246286,22837403,4301.11,0.00187024,1
1507246285,22837402,4301.15,0.50000000,1
1507246285,22837401,4304.97,0.00340000,1
1507246285,22837400,4305.00,0.10000000,1
1507246284,22837399,4306.86,0.00186025,1
1507246284,22837398,4307.00,0.10508938,1
1507246284,22837397,4307.05,0.15252435,1
1507246284,22837396,4307.31,1.58414442,1
1507246281,22837395,4307.31,0.15199600,1
1507246281,22837394,4310.14,0.01439998,0
1507246280,22837393,4307.31,2.50000000,1
1507246277,22837392,4310.00,0.00184225,1
1507246275,22837385,4312.79,0.03457267,0
1507246274,22837380,4312.82,0.31306419,0
1507246274,22837379,4311.00,0.08253581,0
1507246273,22837378,4311.00,0.50000000,1
1507246273,22837377,4311.25,0.50000000,1
1507246273,22837376,4312.61,0.00186026,1
1507246273,22837375,4312.82,0.04670415,1
1507246273,22837374,4312.82,5.36889978,1
1507246269,22837373,4312.82,14.35540000,1
1507246268,22837372,4312.82,0.53746700,1
1507246268,22837371,4312.82,0.67400000,1
1507246268,22837370,4312.82,0.04000000,1
1507246267,22837369,4312.82,0.10871200,1
1507246267,22837368,4312.82,0.74921685,1
1507246267,22837367,4312.82,0.01200000,1
1507246266,22837366,4312.82,0.66000000,1
1507246266,22837365,4312.82,0.41782100,1
1507246265,22837364,4312.82,0.05000000,1
1507246265,22837363,4312.82,7.00000000,1
1507246264,22837361,4312.82,13.26430900,1
1507246258,22837359,4312.82,2.50000000,1
1507246249,22837357,4313.11,2.50000000,1
1507246247,22837356,4312.82,2.38151082,1
1507246246,22837355,4312.82,1.93066355,1
1507246246,22837354,4312.82,5.00000000,0
1507246244,22837353,4315.00,0.34643986,0
1507246244,22837352,4316.12,0.00356014,1
1507246242,22837351,4312.82,0.66294234,0
1507246241,22837350,4312.83,0.36000000,1
1507246241,22837349,4312.83,0.00875295,1
1507246241,22837348,4312.83,0.00656645,1
1507246241,22837347,4313.22,0.07376120,1
1507246241,22837346,4313.22,1.00000000,0
1507246240,22837345,4313.31,0.87150000,1
1507246240,22837344,4316.12,0.30000000,1
1507246238,22837343,4318.37,0.00186027,1
1507246238,22837342,4318.37,0.01153482,1
1507246236,22837341,4319.00,1.97500000,1
1507246236,22837340,4320.00,0.99128606,1
1507246236,22837339,4320.20,7.42374338,1
1507246235,22837338,4320.22,0.02931580,1
1507246200,22837333,4324.00,0.04239250,0
1507246168,22837327,4324.02,0.02200000,0
1507246157,22837324,4324.03,0.01142780,0
1507246153,22837323,4320.00,0.16149374,1
1507246153,22837322,4320.00,0.02175047,0
1507246151,22837321,4324.04,0.00415579,1
1507246132,22837320,4324.05,0.01300000,0
1507246124,22837319,4325.88,0.05324501,0
1507246113,22837318,4325.88,0.05321807,0
1507246084,22837308,4323.93,0.12049440,0
1507246079,22837304,4325.00,5.00000000,1
1507246000,22837290,4332.52,0.00331864,0
1507245985,22837289,4332.49,0.06403755,0
1507245950,22837285,4325.03,0.33956608,1
1507245946,22837284,4332.92,0.00488284,0
1507245936,22837282,4329.79,2.55788799,0
1507245935,22837281,4323.70,3.84664752,1
1507245935,22837280,4325.00,0.29854160,1
1507245935,22837279,4325.01,0.03570859,1
1507245922,22837268,4329.78,2.90069993,0
1507245903,22837245,4328.39,0.00606800,0
1507245902,22837243,4328.40,2.16053839,0
1507245896,22837242,4331.18,1.77668588,0
1507245895,22837241,4331.16,2.31130000,0
1507245890,22837235,4331.23,0.69348933,0
1507245890,22837234,4331.20,0.87150000,0
1507245890,22837233,4331.17,0.10000000,0
1507245854,22837225,4325.03,0.06353905,1
1507245849,22837217,4330.56,1.21087802,1
1507245844,22837210,4330.56,1.00000000,1
1507245844,22837209,4330.56,5.00000000,1
1507245843,22837208,4330.56,2.30550000,1
1507245843,22837207,4329.83,0.46958223,0
1507245843,22837206,4329.82,5.00000000,0
1507245811,22837189,4329.83,0.01041777,0
1507245811,22837188,4325.20,0.18906726,0
1507245809,22837187,4325.01,3.45473118,1
1507245807,22837186,4325.20,0.01093274,0
1507245751,22837176,4328.58,0.36456476,0
1507245720,22837135,4327.52,0.05000000,0
1507245687,22837125,4324.53,0.17909294,0
1507245660,22837120,4324.67,2.50000000,0
1507245640,22837117,4318.38,0.29526978,0
1507245640,22837116,4318.38,0.17473022,0
1507245637,22837115,4329.76,0.10493172,1
1507245635,22837114,4320.00,2.79927365,0
1507245635,22837113,4320.00,0.09394664,0
1507245633,22837111,4320.00,0.00183798,1
1507245633,22837110,4320.00,0.05000000,1
1507245633,22837109,4320.00,0.50010336,1
1507245633,22837108,4320.02,0.87150000,1
1507245633,22837107,4321.00,0.05364659,1
1507245630,22837106,4321.12,0.15000000,1
1507245627,22837105,4321.00,0.27885763,1
1507245627,22837104,4326.79,0.34940000,1
1507245627,22837103,4326.79,0.37174237,1
1507245622,22837097,4322.00,0.04633875,0
1507245620,22837093,4322.00,0.75300000,0
1507245620,22837091,4326.02,0.01136000,1
1507245619,22837090,4322.01,0.01837752,0
1507245615,22837088,4322.00,0.93078670,0
1507245615,22837087,4322.00,0.06921330,1
1507245614,22837085,4322.00,0.24100000,1
1507245613,22837084,4322.00,0.00443645,1
1507245613,22837083,4322.00,0.18535025,1
1507245613,22837082,4322.00,0.81464975,1
1507245612,22837080,4330.34,0.32437025,1
1507245612,22837079,4330.34,0.06601740,1
1507245612,22837078,4331.69,0.52456743,0
1507245611,22837077,4322.00,0.01072200,1
1507245610,22837076,4322.00,0.38015600,1
1507245610,22837075,4322.01,0.57400000,1
1507245610,22837074,4330.34,0.04584400,1
1507245609,22837073,4330.34,0.01124000,1
1507245608,22837072,4327.50,0.19880000,0
1507245608,22837071,4324.40,0.15411600,0
1507245607,22837070,4324.40,0.00290000,0
1507245607,22837069,4322.01,1.00000000,1
1507245604,22837068,4322.01,1.00000000,1
1507245603,22837067,4322.01,0.85196570,0
1507245603,22837066,4322.01,0.14803430,0
1507245592,22837039,4324.41,0.29500000,0
1507245591,22837038,4327.71,0.70500000,1
1507245586,22837035,4330.00,0.00587713,0
1507245585,22837034,4330.00,0.05000000,1
1507245575,22837029,4330.37,0.01502998,0
1507245570,22837024,4330.37,0.00148909,1
1507245560,22837021,4332.00,0.35488314,1
1507245556,22837020,4334.38,5.82035026,1
1507245555,22837019,4334.38,1.00000000,1
1507245555,22837018,4334.38,7.00000000,1
1507245553,22837017,4334.38,1.00000000,1
1507245549,22837016,4334.38,4.22964974,1
1507245549,22837015,4334.38,5.00000000,1
1507245549,22837014,4334.38,7.00000000,1
1507245548,22837013,4334.38,0.04623395,1
1507245548,22837012,4334.38,2.00000000,1
1507245547,22837011,4334.38,5.00000000,1
1507245546,22837010,4334.38,5.00000000,1
1507245546,22837009,4334.38,6.95376605,1
1507245546,22837008,4335.32,0.04623395,1
1507245543,22837007,4335.46,0.03491684,1
1507245538,22837006,4336.09,0.01100000,0
1507245534,22837005,4336.00,1.64016053,1
1507245534,22837004,4336.09,0.09493848,1
1507245504,22836998,4341.41,0.02800000,0
1507245492,22836980,4341.47,0.15022500,0
1507245470,22836975,4341.41,1.00288183,0
1507245448,22836957,4341.47,0.05000000,0
1507245437,22836956,4341.40,0.12932413,0
1507245437,22836955,4341.21,0.23584865,0
1507245423,22836949,4341.39,0.01699200,0
1507245409,22836947,4341.40,0.00117308,0
1507245393,22836932,4347.31,0.02294522,0
1507245363,22836931,4335.32,0.25996695,1
1507245355,22836930,4347.91,0.10048506,1
1507245352,22836929,4339.32,0.13696766,1
1507245345,22836928,4347.78,3.00000000,1
1507245338,22836926,4347.95,0.13300000,0
1507245330,22836924,4347.79,0.00117308,1
1507245319,22836919,4347.99,4.45330831,0
1507245317,22836918,4347.89,0.15616770,0
1507245277,22836912,4347.92,0.01170080,0
1507245252,22836911,4339.34,0.15179107,1
1507245252,22836910,4339.83,0.87150000,1
1507245247,22836908,4346.10,0.05400000,0
1507245243,22836907,4346.00,2.50000000,0
1507245240,22836906,4347.80,0.12910000,1
1507245240,22836905,4349.88,1.29360893,1
1507245228,22836904,4349.88,0.00737460,1
1507245216,22836901,4349.88,0.46787158,1
1507245213,22836900,4349.88,0.03873000,1
1507245212,22836899,4349.88,0.68907000,1
1507245209,22836897,4349.88,0.68907000,1
1507245209,22836896,4349.88,0.03212575,1
1507245206,22836895,4349.88,0.96304685,1
1507245206,22836894,4351.03,0.08695315,1
1507245206,22836893,4351.03,0.02013267,1
1507245206,22836892,4352.78,0.01540000,1
1507245193,22836888,4351.03,1.90868014,1
1507245176,22836885,4353.05,0.02841725,0
1507245173,22836883,4353.04,0.12850000,0
1507245173,22836882,4352.99,0.87150000,0
1507245172,22836881,4353.07,0.09309310,0
1507245171,22836880,4353.01,0.90690690,0
1507245162,22836878,4351.34,0.87150000,0
1507245160,22836877,4351.36,2.50000000,0
1507245156,22836876,4351.33,0.02947779,0
1507245152,22836875,4351.00,1.34497965,0
1507245147,22836872,4349.88,0.52000000,0
1507245144,22836871,4349.24,1.00000000,0
1507245140,22836870,4347.50,1.00000000,1
1507245140,22836869,4348.00,0.29817217,1
1507245139,22836868,4348.00,0.58862422,0
1507245139,22836867,4347.96,0.63320361,0
1507245138,22836866,4347.96,0.14181212,0
1507245137,22836865,4347.96,0.12015992,0
1507245135,22836864,4347.28,0.30721000,1
1507245134,22836863,4340.00,2.76256929,0
1507245134,22836862,4340.00,5.00000000,0
1507245134,22836861,4339.28,0.02435300,1
1507245133,22836860,4340.00,3.99517124,0
1507245133,22836859,4340.00,0.60000000,1
1507245133,22836858,4341.70,6.60000000,1
1507245133,22836857,4344.41,6.61000000,1
1507245133,22836856,4344.42,2.30020000,1
1507245132,22836855,4346.66,2.13205947,1
1507245132,22836854,4346.66,0.00870134,1
1507245131,22836852,4346.66,5.11233919,1
1507245131,22836851,4347.28,1.00000000,1
1507245131,22836850,4347.28,0.88766081,1
1507245131,22836849,4347.28,0.02393144,1
1507245129,22836848,4347.28,0.01569600,1
1507245129,22836847,4347.28,4.07271175,0
1507245127,22836846,4344.44,0.13142730,1
1507245120,22836843,4347.19,1.02510229,0
1507245117,22836842,4347.20,0.14183830,0
1507245105,22836831,4347.35,0.22932073,0
1507245095,22836827,4347.46,0.00242308,0
1507245066,22836796,4340.01,1.08687657,1
1507245065,22836793,4347.82,0.05276667,1
1507245048,22836787,4340.02,2.40517027,1
1507245030,22836772,4340.07,0.01108960,0
1507245030,22836769,4340.07,0.25714036,1
1507245021,22836741,4347.98,0.00335774,1
1507245020,22836740,4347.96,0.33982246,1
1507245018,22836737,4341.46,0.04589495,1
1507245018,22836736,4341.48,0.03772803,1
1507245003,22836732,4341.47,0.18714884,1
1507244974,22836726,4341.00,0.10000000,0
1507244913,22836716,4341.88,0.05933033,0
1507244848,22836693,4341.92,0.02918127,0
1507244761,22836665,4341.98,0.00587590,0
1507244734,22836658,4340.09,0.12850000,1
1507244734,22836657,4340.11,0.87150000,1
1507244724,22836654,4342.00,0.13330038,1
1507244724,22836653,4342.01,0.69314832,1
1507244723,22836652,4342.00,0.01147276,1
1507244722,22836651,4341.99,0.12850000,0
1507244721,22836650,4342.06,0.87150000,1
1507244699,22836638,4343.28,0.12850000,0
1507244696,22836637,4343.38,0.87150000,1
1507244694,22836636,4343.36,1.00000000,1
1507244692,22836635,4343.18,0.12850000,0
1507244692,22836634,4343.18,0.87150000,0
1507244658,22836613,4342.38,1.00000000,0
1507244629,22836607,4351.00,0.00230000,0
1507244624,22836605,4350.99,0.02329503,0
1507244621,22836603,4341.51,0.01441798,1
1507244621,22836602,4346.52,0.01158202,1
1507244606,22836595,4351.00,0.00881311,0
1507244600,22836590,4350.99,0.05871239,0
1507244592,22836585,4350.99,0.10413649,0
1507244592,22836584,4349.02,0.05000000,0
1507244591,22836583,4346.43,0.13091980,1
1507244587,22836581,4351.00,2.50000000,0
1507244583,22836580,4350.97,0.02109180,0
1507244547,22836572,4345.87,0.00149168,1
1507244547,22836571,4346.71,0.00560000,1
1507244547,22836570,4349.12,0.05201169,1
1507244542,22836568,4349.11,0.02225647,1
1507244541,22836563,4351.00,0.00524151,0
1507244537,22836558,4349.11,0.03704840,1
1507244537,22836553,4349.11,0.02217579,1
1507244523,22836533,4351.00,0.03474757,0
1507244522,22836530,4350.99,0.50000000,0
1507244517,22836525,4351.00,0.11023007,0
1507244509,22836519,4351.00,0.51857709,0
1507244509,22836517,4351.00,0.10771955,0
1507244501,22836515,4350.98,0.01124362,0
1507244490,22836513,4351.00,0.24888383,0
1507244490,22836511,4350.99,0.15605644,0
1507244483,22836504,4348.71,0.44862664,1
1507244466,22836497,4351.00,0.07320897,0
1507244462,22836496,4351.00,12.36500000,0
1507244458,22836495,4351.00,0.02734435,0
1507244456,22836493,4351.00,0.08110011,0
1507244456,22836492,4351.00,0.10110336,0
1507244455,22836491,4351.00,0.19876449,0
1507244455,22836490,4351.00,0.09868337,0
1507244450,22836488,4351.00,0.05872365,0
1507244445,22836487,4351.00,0.01709630,0
1507244417,22836461,4354.99,0.04600000,0
1507244408,22836456,4351.67,0.12092276,1
1507244403,22836455,4355.00,0.05281285,0
1507244401,22836452,4351.62,0.04549556,1
1507244399,22836450,4355.00,0.00862753,0
1507244377,22836446,4355.00,0.02646161,0
1507244341,22836441,4355.16,0.02620693,0
1507244336,22836440,4352.50,0.06761530,0
1507244334,22836439,4352.54,0.13238470,1
1507244319,22836411,4355.16,0.03144823,0
1507244301,22836410,4355.16,0.00366918,0
1507244297,22836408,4355.15,0.00522266,0
1507244286,22836405,4355.16,0.00262049,0
1507244277,22836400,4355.16,0.03082212,0
1507244277,22836399,4355.15,0.00417788,0
1507244272,22836398,4355.15,0.03861543,0
1507244272,22836397,4354.53,0.04000000,0
1507244248,22836395,4355.15,0.11311406,0
1507244245,22836393,4353.23,0.08000000,1
1507244209,22836384,4354.53,0.00934871,0
1507244200,22836379,4356.06,0.02660100,0
1507244192,22836368,4355.26,0.16540000,0
1507244190,22836352,4355.13,0.38381161,0
1507244190,22836351,4355.25,0.03818839,1
1507244163,22836333,4358.97,0.13069480,0
1507244155,22836328,4358.97,12.02371236,0
1507244154,22836327,4358.90,2.38529664,0
1507244146,22836325,4358.89,0.04000000,0
1507244106,22836320,4352.90,0.10000000,1
1507244066,22836314,4358.90,0.50000000,0
1507244046,22836312,4358.81,0.09245872,0
1507244043,22836309,4358.81,0.21282434,0
1507244029,22836307,4358.90,0.11470336,0
1507244025,22836306,4358.89,0.05161651,0
1507243966,22836299,4352.73,0.10000000,1
1507243962,22836297,4358.87,0.11447395,0
1507243908,22836243,4355.21,0.04074062,1
1507243908,22836241,4355.28,0.04715325,1
1507243907,22836232,4358.89,0.00170550,0
1507243877,22836197,4355.27,0.02832754,1
1507243872,22836195,4355.25,0.07852725,1
1507243872,22836194,4358.96,0.02288346,0
1507243864,22836191,4358.96,0.01200000,0
1507243864,22836190,4358.21,0.01688100,0
1507243862,22836188,4358.21,0.01311900,0
1507243845,22836179,4353.37,1.38870377,0
1507243843,22836178,4353.37,0.11129623,0
1507243821,22836166,4353.37,0.10387375,1
1507243810,22836150,4358.97,15.49000000,0
1507243792,22836147,4358.97,0.01300000,0
1507243775,22836143,4358.97,1.00000000,0
1507243774,22836142,4358.96,0.02382022,0
1507243758,22836139,4358.97,0.14163314,0
1507243753,22836138,4358.97,0.09171700,0
1507243745,22836137,4358.97,0.01000000,0
1507243744,22836136,4358.97,0.00394200,0
1507243736,22836134,4356.03,0.21720999,0
1507243736,22836132,4358.96,2.50000000,0
1507243728,22836130,4358.96,0.05457032,1
1507243722,22836128,4358.97,0.00200000,0
1507243718,22836126,4358.97,0.14514517,0
1507243718,22836125,4358.94,1.00000000,0
1507243718,22836124,4358.88,0.00183306,0
1507243718,22836123,4358.42,0.00922449,0
1507243718,22836122,4358.39,0.03330000,0
1507243717,22836121,4358.12,0.07934000,0
1507243717,22836120,4358.00,0.04301867,0
1507243717,22836119,4358.00,0.03037911,0
1507243717,22836118,4358.00,0.05000000,0
1507243717,22836117,4358.00,0.04600000,0
1507243717,22836116,4357.03,0.09331000,0
1507243717,22836115,4356.79,0.04645796,0
1507243717,22836114,4356.30,0.00186027,0
1507243709,22836112,4356.05,11.48357478,0
1507243707,22836111,4356.05,0.20000000,0
1507243700,22836110,4356.05,12.60000000,0
1507243697,22836109,4356.05,1.72446018,0
1507243695,22836108,4356.05,7.00000000,0
1507243693,22836106,4356.05,0.65000000,0
1507243691,22836104,4356.05,1.00000000,0
1507243684,22836090,4356.02,0.01163290,0
1507243680,22836083,4356.03,0.12850000,1
1507243680,22836082,4356.03,0.87150000,0
1507243674,22836080,4355.30,0.02436506,0
1507243667,22836073,4354.35,0.54000000,0
1507243667,22836072,4353.68,0.00167316,0
1507243662,22836069,4352.00,1.02244960,0
1507243662,22836068,4350.73,0.15606576,0
1507243648,22836065,4352.00,2.50000000,0
1507243646,22836063,4352.00,0.01093184,0
1507243646,22836062,4352.00,0.32393460,0
1507243646,22836061,4351.76,0.52000000,0
1507243646,22836060,4350.74,0.15606540,0
1507243622,22836054,4343.65,0.00999915,0
1507243618,22836052,4343.67,0.06899611,0
1507243612,22836031,4351.80,2.36771783,1
1507243612,22835994,4350.00,0.12000000,0
1507243611,22835992,4349.59,0.00228302,0
1507243611,22835990,4349.56,0.00999915,0
1507243602,22835975,4343.44,0.01999915,1
1507243596,22835965,4343.45,0.24990000,1
1507243584,22835944,4345.82,0.30351374,1
1507243583,22835943,4345.82,0.07382072,1
1507243583,22835942,4345.82,0.07382072,1
1507243583,22835941,4345.82,0.07382072,1
1507243583,22835940,4345.82,0.86604454,1
1507243583,22835939,4345.81,0.09917766,0
1507243582,22835937,4345.73,0.09004986,1
1507243582,22835935,4345.73,0.29840231,1
1507243582,22835934,4345.73,2.58536294,1
1507243582,22835933,4345.73,0.34871785,1
1507243581,22835932,4345.81,0.95486786,1
1507243581,22835931,4345.81,0.11297716,1
1507243581,22835930,4345.81,0.15976794,1
1507243581,22835929,4345.81,1.06728704,1
1507243580,22835928,4345.81,0.28857177,1
1507243580,22835927,4345.82,0.07382208,1
1507243580,22835926,4345.82,0.05463664,1
1507243578,22835923,4345.81,0.48830893,1
1507243575,22835908,4345.81,0.03820725,1
1507243574,22835891,4345.75,0.18199820,1
1507243573,22835889,4345.75,1.06983071,1
1507243571,22835868,4345.79,0.02706289,1
1507243570,22835860,4345.79,0.04510398,1
1507243569,22835856,4345.79,0.12655728,1
1507243568,22835846,4345.78,0.08381463,1
1507243567,22835845,4345.78,4.10106005,1
1507243566,22835835,4345.78,0.26509074,1
1507243565,22835817,4345.77,0.01402240,1
1507243563,22835812,4345.77,0.02238342,1
1507243557,22835765,4345.75,0.08727398,1
1507243557,22835760,4345.75,0.01742000,1
1507243554,22835742,4349.54,0.00670695,1
1507243552,22835731,4343.44,0.03696674,1
1507243547,22835707,4343.66,0.00892731,1
1507243547,22835702,4343.65,0.87150000,1
1507243545,22835690,4349.58,0.14501279,0
1507243543,22835681,4343.61,0.00751528,1
1507243539,22835662,4343.58,0.08991179,1
1507243539,22835660,4344.14,0.04580000,1
1507243539,22835659,4344.17,0.61052523,1
1507243539,22835658,4349.56,0.12526298,1
1507243536,22835641,4349.56,0.01044337,1
1507243535,22835637,4349.56,0.14622686,1
1507243505,22835596,4349.56,0.12287000,1
1507243496,22835595,4349.59,0.27000000,1
1507243483,22835590,4352.00,0.00285846,0
1507243463,22835587,4352.00,0.11602306,0
1507243460,22835584,4351.99,0.01100000,0
1507243442,22835574,4352.00,0.02100000,0
1507243435,22835571,4351.97,0.60052523,0
1507243427,22835570,4352.00,0.01021071,0
1507243414,22835563,4352.00,0.01002706,0
1507243382,22835557,4351.99,0.01021070,0
1507243350,22835550,4349.63,0.57355917,0
1507243350,22835549,4349.63,0.00144083,1
1507243335,22835535,4353.55,0.01741155,0
1507243298,22835522,4354.36,0.01515277,0
1507243274,22835518,4353.00,3.25781061,1
1507243272,22835517,4353.00,13.07181171,1
1507243267,22835515,4353.00,2.29980000,1
1507243266,22835513,4352.99,1.02494000,0
1507243266,22835512,4352.71,0.07290000,0
1507243266,22835511,4352.44,0.04627814,0
1507243266,22835510,4352.42,0.18629488,0
1507243266,22835509,4350.00,0.27904125,0
1507243266,22835508,4350.00,0.01530687,0
1507243266,22835507,4350.00,0.00882200,0
1507243266,22835506,4350.00,0.05000000,0
1507243265,22835505,4350.00,0.71795724,0
1507243262,22835504,4350.00,2.13711757,0
1507243261,22835503,4350.00,0.19198268,0
1507243256,22835501,4350.00,2.50000000,0
1507243255,22835500,4350.00,2.50000000,0
1507243251,22835499,4350.00,1.57297392,0
1507243249,22835498,4350.00,0.70607634,0
1507243246,22835497,4350.00,2.21811323,0
1507243241,22835496,4350.00,0.52265785,0
1507243241,22835495,4350.00,1.23098532,0
1507243237,22835494,4350.00,1.13870382,0
1507243235,22835492,4350.00,2.24789004,0
1507243234,22835489,4349.63,0.10045135,1
1507243229,22835488,4350.00,1.16931938,0
1507243225,22835487,4350.00,2.28425366,0
1507243224,22835486,4350.00,0.01568225,0
1507243216,22835485,4350.00,1.27258900,0
1507243215,22835484,4350.00,1.22741100,0
1507243206,22835480,4349.99,0.02196185,1
1507243205,22835479,4349.99,0.01230308,1
1507243203,22835478,4349.88,0.01000000,0
1507243203,22835477,4350.00,0.08950100,0
1507243196,22835471,4349.61,0.01000000,1
1507243183,22835462,4349.60,0.02451228,1
1507243117,22835430,4349.56,0.11757967,1
1507243088,22835423,4345.55,0.01230308,1
1507243084,22835419,4349.33,0.34935496,0
1507243081,22835415,4343.41,0.00877960,1
1507243081,22835414,4343.41,0.01245044,1
1507243081,22835413,4343.41,0.01773188,1
1507243080,22835412,4343.41,0.02526477,1
1507243080,22835411,4343.41,0.20715507,1
1507243080,22835410,4343.77,0.17290000,1
1507243079,22835409,4345.73,6.72638900,0
1507243079,22835408,4345.95,0.17290000,1
1507243077,22835403,4349.44,0.59398783,1
1507243077,22835401,4349.44,0.03619866,1
1507243077,22835399,4349.44,0.05174224,1
1507243077,22835398,4349.44,0.07319227,1
1507243076,22835396,4349.44,0.06853111,1
1507243076,22835395,4349.44,0.07269724,1
1507243075,22835394,4349.44,0.10365065,1
1507243069,22835386,4349.45,1.00000000,0
1507243066,22835379,4349.56,0.12850000,0
1507243066,22835378,4349.54,0.87150000,0
1507243064,22835374,4348.37,0.87150000,0
1507243057,22835366,4345.17,3.27220038,0
1507243055,22835365,4345.57,0.92519455,1
1507243055,22835364,4345.57,0.07583879,1
1507243055,22835363,4345.57,0.54000000,0
1507243055,22835362,4345.00,1.00000000,0
1507243055,22835361,4345.00,2.93896666,0
1507243054,22835360,4345.00,1.00000000,0
1507243039,22835347,4343.02,2.44723400,1
1507243034,22835344,4345.00,1.00000000,0
1507243033,22835343,4345.00,0.01867982,0
1507243025,22835336,4343.80,1.00000000,0
1507243020,22835333,4343.75,0.00921453,0
1507243014,22835332,4340.82,4.28640268,1
1507243013,22835331,4341.70,0.07031476,1
1507243004,22835323,4343.69,0.00700000,0
1507243000,22835322,4340.78,2.29760000,1
1507242995,22835319,4340.78,0.05226698,1
1507242982,22835311,4338.88,0.19360065,1
1507242971,22835305,4336.99,0.10000000,1
1507242965,22835296,4343.75,0.19311424,0
1507242965,22835295,4338.66,0.02049705,1
1507242963,22835293,4338.66,0.50000000,0
1507242942,22835289,4336.00,0.25436185,0
1507242939,22835287,4336.00,0.03021548,0
1507242939,22835286,4335.52,0.02477849,0
1507242931,22835281,4334.45,0.20729658,0
1507242910,22835269,4334.45,0.02634640,0
1507242891,22835260,4334.45,0.06217052,0
1507242881,22835257,4334.45,0.02952504,0
1507242866,22835251,4334.45,0.06706131,0
1507242848,22835242,4334.45,0.07260015,0
1507242848,22835240,4334.00,1.73458515,0
1507242848,22835238,4333.00,0.19281470,0
1507242846,22835237,4333.00,0.17050000,0
1507242840,22835233,4333.00,0.13668530,0
1507242802,22835216,4334.00,1.15136364,0
1507242770,22835212,4334.45,0.03500000,0
1507242746,22835203,4334.38,0.28765340,0
1507242746,22835202,4333.69,2.00000000,0
1507242735,22835199,4333.59,1.00000000,0
1507242733,22835195,4333.60,1.00000000,0
1507242730,22835193,4333.60,1.00000000,0
1507242715,22835188,4333.00,0.02235164,1
1507242713,22835187,4333.00,0.08816071,0
1507242711,22835186,4328.92,0.01863121,1
1507242664,22835163,4333.00,0.03439929,0
1507242603,22835155,4332.99,0.00750000,0
1507242531,22835136,4333.00,0.02100000,0
1507242494,22835127,4333.00,0.00200000,0
1507242464,22835115,4331.87,2.41054544,1
1507242458,22835113,4330.00,0.08945456,0
1507242458,22835112,4330.00,0.26621324,0
1507242453,22835110,4329.55,0.03926683,0
1507242448,22835109,4327.05,0.57680000,0
1507242448,22835108,4327.05,0.51900000,1
1507242445,22835107,4329.66,0.42390143,0
1507242445,22835106,4329.56,2.00000000,0
1507242436,22835104,4329.78,0.30421423,0
1507242436,22835103,4329.67,1.72536347,0
1507242435,22835101,4329.67,0.27463653,0
1507242423,22835097,4329.90,0.00395900,0
1507242379,22835082,4326.55,0.48100000,0
1507242364,22835060,4330.00,0.54136720,0
1507242363,22835058,4330.00,0.00396500,0
1507242331,22835043,4326.45,0.02268000,1
1507242315,22835035,4332.99,0.00675046,0
1507242254,22834993,4332.89,0.02300000,0
1507242213,22834923,4332.76,0.05957718,0
1507242181,22834904,4330.62,0.00300000,1
1507242175,22834900,4331.19,0.29238713,0
1507242175,22834899,4331.16,0.79691287,0
1507242174,22834898,4331.19,0.03954298,0
1507242171,22834897,4331.23,2.50000000,1
1507242161,22834894,4330.61,0.87150000,1
1507242149,22834891,4325.25,0.53270000,0
1507242148,22834890,4325.26,0.01000000,1
1507242146,22834888,4330.97,0.07765444,0
1507242146,22834887,4325.26,0.33136021,0
1507242135,22834883,4322.41,0.03000000,1
1507242128,22834880,4325.26,0.01152994,0
1507242123,22834879,4325.26,0.01055700,0
1507242122,22834878,4325.26,0.01012572,0
1507242105,22834875,4325.26,0.01992713,0
1507242094,22834874,4325.25,0.02459400,0
1507242093,22834873,4322.50,0.20000000,0
1507242079,22834871,4325.26,0.00650000,0
1507242070,22834869,4324.69,0.05986305,1
1507242070,22834868,4325.00,0.05000000,1
1507242065,22834866,4325.26,0.61000000,0
1507242059,22834863,4325.26,0.04165067,1
1507242057,22834862,4325.26,1.00000000,1
1507242055,22834861,4325.26,0.54692710,0
1507242055,22834860,4325.26,0.45307290,1
1507242034,22834846,4329.27,0.05903340,0
1507242016,22834842,4325.23,1.00000000,1
1507242014,22834841,4325.23,1.00000000,1
1507242011,22834840,4329.28,1.29802000,0
1507242006,22834839,4325.22,0.58525398,1
1507242005,22834838,4328.92,0.19179569,1
1507242003,22834836,4328.92,0.02250256,0
1507241893,22834824,4332.71,0.03172302,0
1507241873,22834820,4332.47,0.00200000,0
1507241852,22834816,4325.11,0.26000000,1
1507241828,22834813,4326.50,0.00722991,1
1507241827,22834812,4333.21,0.03506663,0
1507241823,22834809,4326.50,0.00521673,1
1507241737,22834792,4333.81,0.11512700,0
1507241721,22834786,4334.00,0.17194446,0
1507241712,22834782,4334.30,0.17194486,1
1507241693,22834777,4334.38,0.03438834,0
1507241683,22834774,4334.36,0.05158227,0
1507241675,22834770,4334.38,0.06253685,0
1507241670,22834769,4334.37,0.00275534,1
1507241668,22834767,4334.37,0.25314135,0
1507241666,22834763,4334.37,0.07737340,0
1507241656,22834756,4334.38,0.11508808,0
1507241655,22834755,4334.38,0.00427818,0
1507241643,22834750,4334.39,0.06595800,0
1507241643,22834749,4334.40,0.10587163,0
1507241642,22834747,4326.82,0.00500000,1
1507241631,22834741,4334.40,0.03438818,0
1507241623,22834738,4334.37,0.17191908,0
1507241614,22834734,4334.39,0.03438382,0
1507241607,22834730,4326.34,0.20476315,0
1507241607,22834729,4326.51,0.08863872,1
1507241599,22834727,4334.96,3.36768058,1
1507241598,22834726,4334.96,0.08565002,0
1507241591,22834724,4334.00,0.66034387,1
1507241589,22834722,4333.46,0.33965613,0
1507241562,22834697,4333.46,0.03438374,0
1507241546,22834693,4333.46,0.08596013,0
1507241533,22834682,4334.92,0.08596013,1
1507241531,22834681,4334.96,0.00367329,1
1507241529,22834680,4334.94,0.33752131,0
1507241524,22834676,4334.95,0.06704844,0
1507241524,22834675,4334.95,0.02116979,0
1507241507,22834671,4334.96,0.03434998,0
1507241496,22834648,4331.06,2.49940000,1
1507241493,22834643,4325.69,0.11964796,1
1507241493,22834642,4325.72,0.58655031,1
1507241492,22834641,4330.05,0.02848605,1
1507241492,22834640,4330.12,0.00921453,1
1507241492,22834639,4331.95,0.21217235,1
1507241492,22834638,4331.96,0.04392880,1
1507241489,22834635,4334.90,0.51236318,1
1507241487,22834634,4334.90,0.00340000,0
1507241482,22834631,4334.89,0.02011953,0
1507241476,22834620,4331.96,0.10040300,1
1507241472,22834611,4331.96,0.00460000,1
1507241468,22834589,4334.89,0.05157525,0
1507241413,22834555,4334.96,0.02257610,0
1507241331,22834527,4330.12,0.12000000,1
1507241327,22834525,4335.99,0.47991615,0
1507241306,22834523,4332.10,0.06254280,0
1507241306,22834522,4332.10,1.35134340,0
1507241285,22834517,4332.10,0.01951900,0
1507241283,22834516,4332.01,0.02373900,0
1507241226,22834509,4332.10,0.05913760,1
1507241224,22834508,4335.28,0.07064800,0
1507241173,22834491,4335.93,0.47627331,0
1507241123,22834481,4332.05,0.10609248,1
1507241106,22834479,4335.87,0.03962900,0
1507241076,22834460,4336.00,0.05482382,0
1507241076,22834459,4334.10,0.19239652,0
1507241075,22834458,4332.00,0.10000000,0
1507241065,22834451,4331.99,0.52080430,0
1507241047,22834438,4331.99,2.33934641,0
1507241047,22834437,4331.99,0.15000000,0
1507241041,22834432,4331.99,0.01065359,0
1507241028,22834380,4330.21,0.19645500,1
1507241027,22834379,4330.21,0.97067883,1
1507241027,22834378,4330.21,0.14123649,1
1507241022,22834370,4330.09,5.18222984,1
1507241022,22834369,4330.16,6.26950520,1
1507241022,22834368,4330.17,2.30760000,1
1507241022,22834367,4330.20,1.00000000,1
1507241021,22834366,4331.98,0.26098664,1
1507241015,22834351,4331.98,0.11649336,1
1507240998,22834330,4330.05,0.97151395,0
1507240997,22834329,4330.00,0.32252000,1
1507240996,22834321,4330.05,0.01001871,0
1507240995,22834320,4330.05,0.01846734,0
1507240995,22834316,4330.00,1.00000000,0
1507240993,22834312,4330.00,1.00000000,0
1507240992,22834309,4330.00,7.00000000,0
1507240992,22834306,4329.89,0.05582092,1
1507240988,22834294,4329.88,0.41784520,0
1507240987,22834291,4329.88,0.06215480,0
1507240982,22834277,4328.51,0.90712267,0
1507240979,22834276,4328.51,1.00000000,0
1507240978,22834274,4328.51,0.08487422,0
1507240977,22834273,4328.51,1.00000000,0
1507240968,22834265,4328.51,0.01640000,0
1507240967,22834259,4328.51,1.00000000,0
1507240959,22834249,4326.78,0.03487029,0
1507240956,22834246,4326.78,0.11512971,0
1507240952,22834244,4325.05,1.53335043,0
1507240952,22834243,4325.05,0.73551352,0
1507240951,22834242,4325.05,1.00000000,0
1507240951,22834241,4325.05,0.48469506,0
1507240950,22834240,4325.05,7.00000000,0
1507240950,22834239,4325.05,5.00000000,0
1507240949,22834237,4325.05,1.00000000,0
1507240947,22834236,4325.05,1.00000000,0
1507240945,22834234,4325.05,13.00017600,0
1507240944,22834232,4325.05,1.00000000,0
1507240936,22834225,4325.05,0.00290000,0
1507240935,22834224,4325.05,0.03436431,0
1507240932,22834223,4325.05,1.14862291,0
1507240930,22834220,4325.05,0.00534244,0
1507240929,22834215,4325.00,0.01130752,0
1507240927,22834214,4325.00,0.10609248,0
1507240924,22834207,4324.99,0.10609273,0
1507240909,22834195,4324.99,0.05912744,0
1507240906,22834192,4322.00,0.04112606,1
1507240906,22834191,4322.08,0.08485394,1
1507240897,22834179,4324.99,0.01472927,0
1507240897,22834177,4324.99,0.03944287,0
1507240896,22834171,4324.99,0.27298554,0
1507240887,22834159,4324.99,0.11500000,0
1507240878,22834146,4324.99,0.00800000,1
1507240856,22834138,4325.00,0.12260000,0
1507240850,22834137,4324.99,0.00462324,0
1507240839,22834135,4322.04,0.00243000,1
1507240826,22834115,4324.97,0.11560070,0
1507240826,22834114,4322.03,0.00776943,1
1507240825,22834113,4324.97,0.27980695,0
1507240812,22834108,4322.03,0.06335675,1
1507240807,22834103,4325.04,0.00400000,1
1507240806,22834102,4325.05,0.21448769,0
1507240804,22834101,4325.05,0.01000000,0
1507240795,22834093,4325.04,0.00230000,0
1507240789,22834092,4325.04,0.00600000,1
1507240787,22834091,4325.05,0.06434835,0
1507240786,22834089,4325.05,0.10009364,0
1507240741,22834038,4325.04,2.32300723,1
1507240740,22834036,4325.04,0.15699277,1
1507240734,22834035,4325.05,0.02500000,0
1507240733,22834034,4322.00,0.00965813,1
1507240733,22834033,4323.53,0.00230000,1
1507240722,22834028,4325.05,0.00286505,0
1507240717,22834026,4325.04,0.02000000,0
1507240715,22834025,4325.04,0.03814540,0
1507240715,22834024,4325.04,0.00464014,0
1507240714,22834023,4325.05,0.03348399,0
1507240699,22834021,4325.00,0.16117700,1
1507240699,22834018,4325.00,0.21352300,0
1507240687,22834012,4325.00,0.01320300,1
1507240687,22834011,4325.05,0.34539712,0
1507240685,22834009,4325.05,2.44020000,0
1507240683,22834008,4325.00,0.01293700,0
1507240680,22834006,4325.00,0.68377300,0
1507240651,22833976,4322.03,0.07769356,1
1507240650,22833973,4322.07,0.11596464,1
1507240646,22833948,4325.04,0.84060000,0
1507240636,22833934,4325.05,0.01600000,0
1507240635,22833933,4325.05,0.47903941,0
1507240633,22833932,4325.04,0.01712917,0
1507240624,22833931,4322.05,0.01500000,1
1507240624,22833930,4325.05,0.02121825,0
1507240623,22833928,4325.05,0.00354127,0
1507240617,22833927,4325.05,0.42060500,0
1507240616,22833926,4325.05,0.09118000,0
1507240595,22833924,4325.05,0.94163800,0
1507240582,22833920,4325.05,0.08411720,0
1507240578,22833919,4325.02,0.00400000,0
1507240576,22833918,4325.05,1.54300687,0
1507240575,22833917,4325.03,0.15699313,0
1507240565,22833912,4325.04,0.01083317,0
1507240564,22833910,4325.05,0.01083317,0
1507240558,22833905,4325.05,0.01083317,0
1507240557,22833902,4325.05,0.02909415,0
1507240555,22833901,4325.05,0.00340000,0
1507240554,22833900,4325.05,0.16465300,0
1507240550,22833899,4325.00,6.31288305,1
1507240549,22833898,4325.08,0.14444500,1
1507240549,22833897,4329.42,0.85555500,1
1507240548,22833896,4325.07,0.85495647,0
1507240546,22833895,4325.07,0.14504353,1
1507240518,22833889,4330.01,0.01200000,0
1507240486,22833884,4330.00,0.11513309,0
1507240465,22833879,4330.01,0.02630000,0
1507240459,22833875,4330.00,1.54318707,1
1507240455,22833873,4330.00,0.15681293,0
1507240429,22833860,4327.67,1.61412235,0
1507240429,22833859,4330.00,0.07903366,1
1507240427,22833858,4331.97,0.00345399,1
1507240427,22833857,4331.97,0.00400000,1
1507240425,22833856,4331.98,0.00448574,0
1507240425,22833855,4330.05,0.00768143,0
1507240420,22833846,4330.05,0.05156857,1
1507240384,22833817,4331.98,0.20628300,0
1507240379,22833814,4331.98,0.68268600,0
1507240378,22833812,4330.04,0.10592154,1
1507240375,22833811,4331.98,0.37517660,0
1507240367,22833808,4331.97,0.02955550,0
1507240365,22833807,4331.97,0.05684000,0
1507240362,22833806,4331.97,0.01623700,0
1507240359,22833804,4331.97,0.00400000,0
1507240353,22833802,4331.97,0.00310000,1
1507240349,22833800,4331.98,0.06173723,0
1507240335,22833793,4331.97,1.70000000,0
1507240331,22833791,4331.98,0.02371221,0
1507240324,22833787,4331.97,0.21414737,0
1507240323,22833786,4331.97,0.09218100,0
1507240320,22833784,4331.98,0.98042233,0
1507240320,22833783,4331.97,0.49213569,0
1507240320,22833782,4331.96,0.15674198,0
1507240316,22833779,4331.97,0.01146033,0
1507240311,22833769,4330.01,0.04956390,1
1507240298,22833749,4331.97,0.02877428,0
1507240288,22833747,4331.92,0.43839058,0
1507240285,22833744,4331.94,0.12670000,0
1507240275,22833734,4331.97,1.70000000,0
1507240270,22833733,4331.97,0.00640000,0
1507240265,22833732,4331.97,0.04835997,0
1507240264,22833731,4331.97,0.03683747,0
1507240264,22833729,4331.97,0.10592154,0
1507240179,22833700,4331.99,0.03516832,0
1507240156,22833697,4331.98,0.76285927,0
1507240155,22833695,4331.95,0.93714073,0
1507240145,22833680,4331.98,0.00500000,0
1507240135,22833676,4331.98,0.06214094,0
1507240132,22833675,4331.97,0.02302648,0
1507240128,22833673,4331.95,0.05497524,0
1507240110,22833667,4331.98,0.00400000,1
1507240109,22833665,4331.99,0.25580563,0
1507240095,22833659,4331.98,1.70000000,0
1507240093,22833658,4331.99,0.01198318,0
1507240076,22833647,4330.00,0.92096634,0
1507240073,22833646,4330.00,1.00000000,0
1507240069,22833637,4330.00,0.05903366,0
1507240056,22833632,4329.99,0.50000000,0
1507240055,22833631,4329.99,0.05409177,0
1507240036,22833603,4331.98,0.63904958,0
1507240034,22833600,4327.40,0.04000000,1
1507240001,22833572,4330.99,0.00331742,0
1507239975,22833565,4331.99,1.25904408,0
1507239975,22833564,4331.99,0.44095592,0
1507239972,22833562,4327.35,0.01488000,1
1507239943,22833532,4327.32,0.05000136,1
1507239943,22833531,4327.34,0.01999932,1
1507239943,22833530,4327.36,0.02999932,1
1507239938,22833529,4331.98,0.00437444,0
1507239937,22833527,4331.98,0.06150677,0
1507239928,22833526,4327.30,0.03575777,0
1507239924,22833524,4327.30,0.00573663,1
1507239920,22833521,4331.98,0.01152856,0
1507239920,22833520,4331.98,0.51681721,0
1507239919,22833519,4331.99,0.03860763,0
1507239903,22833515,4331.89,0.05742759,0
1507239903,22833513,4331.89,0.15674452,0
1507239896,22833508,4331.89,0.02635264,0
1507239890,22833504,4327.31,0.64249678,1
1507239889,22833502,4331.90,0.02658557,0
1507239884,22833499,4331.90,0.00472168,0
1507239882,22833498,4330.00,0.03020440,1
1507239870,22833476,4331.92,0.00263559,0
1507239850,22833454,4330.00,0.01479560,1
1507239816,22833444,4331.99,0.00237254,0
1507239806,22833442,4331.98,0.05903128,0
1507239795,22833439,4331.99,0.01806391,1
1507239784,22833435,4327.30,0.04072133,1
1507239784,22833434,4327.30,0.04627814,1
1507239783,22833433,4327.30,0.04650867,1
1507239783,22833432,4327.36,0.00509486,1
1507239775,22833431,4332.53,0.00042585,0
1507239775,22833430,4332.00,0.02907415,0
1507239774,22833429,4332.00,0.01169744,0
1507239758,22833424,4331.99,0.10000000,0
1507239755,22833423,4331.99,0.00800000,0
1507239730,22833418,4331.99,1.70000000,0
1507239725,22833415,4327.31,0.10674502,1
1507239720,22833412,4332.00,0.02713451,1
1507239718,22833407,4332.00,0.07965463,1
1507239708,22833400,4332.12,0.23602353,0
1507239697,22833393,4332.12,0.01298528,0
1507239675,22833384,4327.30,0.66914341,1
1507239674,22833383,4332.12,1.22208437,0
1507239674,22833382,4332.00,0.10865582,0
1507239663,22833372,4332.00,0.01320000,0
1507239648,22833370,4332.00,0.02000000,0
1507239644,22833368,4332.00,0.01475801,0
1507239639,22833367,4332.00,0.18642800,0
1507239639,22833366,4332.00,0.14371668,0
1507239637,22833365,4332.00,0.02000000,0
1507239636,22833364,4332.00,0.02000000,0
1507239635,22833361,4332.00,0.01072600,0
1507239632,22833360,4332.11,0.01000000,1
1507239630,22833359,4327.26,0.50000000,1
1507239618,22833357,4332.11,0.39111381,0
1507239608,22833352,4329.16,0.50000000,1
1507239589,22833345,4332.11,0.01310000,0
1507239575,22833341,4331.99,1.39858867,0
1507239574,22833340,4332.00,1.53200634,1
1507239573,22833339,4332.00,0.07984500,0
1507239569,22833338,4329.14,1.55438268,1
1507239551,22833334,4331.99,1.70000000,0
1507239536,22833332,4332.04,0.50075000,0
1507239531,22833330,4332.04,1.24320000,0
1507239526,22833324,4329.12,2.35617853,1
1507239516,22833318,4327.23,0.59277171,1
1507239515,22833317,4328.82,3.40722829,1
1507239508,22833315,4328.83,0.13139554,0
1507239506,22833313,4328.83,0.04541999,1
1507239499,22833303,4332.08,0.04541999,0
1507239490,22833301,4328.83,0.86276371,0
1507239489,22833298,4328.83,0.00400000,0
1507239488,22833294,4328.83,0.13323629,1
1507239484,22833291,4332.10,0.10591861,0
1507239482,22833289,4328.83,0.02230890,1
1507239481,22833287,4332.11,0.00400000,0
1507239475,22833282,4332.11,0.45161115,0
1507239475,22833281,4332.11,0.15673656,0
1507239458,22833271,4328.82,1.48168079,1
1507239458,22833270,4328.83,0.01801921,1
1507239435,22833266,4332.12,1.70000000,0
1507239434,22833265,4332.12,0.01500000,0
1507239426,22833262,4332.12,0.07260820,0
1507239426,22833261,4328.82,0.26796695,1
1507239426,22833260,4328.89,0.11144196,1
1507239426,22833259,4328.90,1.21556009,1
1507239420,22833256,4332.12,0.11840084,0
1507239397,22833246,4332.12,0.01000000,0
1507239396,22833245,4328.87,0.01000000,1
1507239369,22833240,4332.12,0.02075534,0
1507239363,22833237,4332.12,0.02118362,0
1507239355,22833228,4332.12,0.00192107,0
1507239345,22833205,4332.12,0.02000000,0
1507239345,22833204,4332.10,0.00505500,0
1507239342,22833202,4328.82,0.95312397,1
1507239337,22833180,4332.10,0.13981407,0
1507239313,22833176,4332.12,0.34522367,0
1507239305,22833171,4332.98,0.00600000,0
1507239275,22833163,4333.94,0.04800000,0
1507239267,22833162,4325.02,3.44784861,1
1507239267,22833161,4325.30,0.20000000,1
1507239267,22833160,4327.73,0.14900000,1
1507239267,22833159,4329.46,0.20315139,1
1507239243,22833142,4333.94,0.02117472,0
1507239236,22833140,4330.00,3.51147192,0
1507239236,22833139,4330.00,11.51690000,0
1507239234,22833138,4329.55,0.93612508,1
1507239233,22833137,4329.55,0.35540000,1
1507239220,22833122,4333.94,0.00700000,0
1507239219,22833121,4333.94,0.02503058,0
1507239217,22833119,4333.94,0.00792351,0
1507239216,22833118,4333.94,0.30673219,0
1507239214,22833117,4333.94,0.00265865,0
1507239184,22833088,4333.94,0.05293566,0
1507239184,22833087,4333.94,0.02770900,0
1507239183,22833086,4333.94,0.11834675,0
1507239155,22833076,4333.94,0.00001130,0
1507239154,22833074,4331.79,0.01619200,0
1507239151,22833071,4331.79,0.01380800,0
1507239151,22833070,4331.79,0.00530000,0
1507239107,22833058,4334.10,0.02400000,0
1507239104,22833053,4333.93,0.08056429,0
1507239095,22833047,4333.93,2.42052088,0
1507239094,22833046,4329.42,0.35000000,1
1507239089,22833044,4329.42,1.44642833,1
1507239087,22833043,4333.88,0.05357167,1
1507239080,22833039,4333.94,0.03508160,0
1507239080,22833038,4333.88,0.15667363,1
1507239042,22833027,4325.13,0.50000000,1
1507239033,22833022,4325.13,0.62200702,1
1507239033,22833021,4325.13,0.08305415,1
1507239033,22833020,4325.30,0.87150000,1
1507238991,22833003,4333.95,0.07884261,0
1507238984,22833000,4325.05,0.00666346,0
1507238982,22832998,4325.75,0.09447654,1
1507238960,22832996,4325.00,1.82340938,1
1507238960,22832995,4325.01,1.17659062,1
1507238959,22832994,4325.00,1.31370757,1
1507238959,22832993,4325.76,0.87150000,1
1507238958,22832992,4334.10,0.11521423,0
1507238954,22832991,4333.99,0.00788403,0
1507238946,22832988,4328.00,1.14200000,0
1507238933,22832975,4328.01,0.00466841,1
1507238922,22832945,4329.99,0.03459062,0
1507238916,22832941,4330.00,0.10004200,0
1507238909,22832937,4329.99,0.06098243,0
1507238907,22832933,4329.99,0.01012529,0
1507238906,22832930,4329.99,0.06098252,0
1507238904,22832927,4328.01,0.01200000,1
1507238898,22832920,4330.00,0.06521678,0
1507238897,22832918,4330.00,0.10000000,0
1507238892,22832913,4330.00,0.01150128,0
1507238892,22832912,4330.00,0.19993300,0
1507238891,22832911,4330.00,5.00000000,0
1507238890,22832910,4330.00,3.27528451,0
1507238889,22832909,4330.00,5.00000000,0
1507238888,22832908,4330.00,5.00000000,0
1507238887,22832907,4330.08,0.25401291,1
1507238882,22832904,4334.11,0.16810824,0
1507238877,22832903,4334.11,0.01042197,0
1507238861,22832893,4334.10,0.03797980,0
1507238845,22832881,4334.10,0.40378451,0
1507238841,22832876,4334.11,0.42781543,0
1507238839,22832873,4334.11,0.05860000,1
1507238839,22832872,4334.11,0.07720000,1
1507238839,22832871,4334.11,0.06229509,1
1507238839,22832870,4334.46,0.19555927,1
1507238838,22832869,4341.96,0.22891291,0
1507238837,22832868,4334.12,1.00000000,1
1507238835,22832866,4334.46,0.27600000,0
1507238835,22832864,4334.46,0.59400000,1
1507238827,22832859,4334.44,0.05735090,0
1507238827,22832858,4334.46,0.32800000,1
1507238819,22832851,4334.49,1.00000000,1
1507238817,22832850,4334.43,0.12850000,1
1507238817,22832849,4334.48,0.87150000,1
1507238815,22832848,4343.91,0.07876731,0
1507238754,22832819,4345.00,0.00505352,0
1507238740,22832812,4344.97,0.00120000,0
1507238680,22832789,4338.75,0.91490000,1
1507238678,22832787,4342.37,1.74300000,1
1507238678,22832786,4342.37,0.87150000,1
1507238671,22832775,4345.00,0.03730000,0
1507238650,22832758,4342.22,0.02087579,1
1507238645,22832756,4350.00,0.03435551,0
1507238644,22832755,4349.99,0.17890340,0
1507238643,22832754,4349.99,0.02109660,0
1507238635,22832723,4349.92,0.02510000,0
1507238623,22832721,4349.95,0.01864123,0
1507238594,22832708,4340.81,0.04454973,1
1507238594,22832707,4341.70,0.94425635,0
1507238592,22832706,4349.99,0.01168392,1
1507238583,22832702,4350.00,0.00920300,0
1507238536,22832673,4350.00,44.77017675,0
1507238515,22832661,4349.98,0.01274709,0
1507238514,22832660,4349.98,0.77325329,0
1507238506,22832657,4350.00,0.10875493,0
1507238505,22832653,4350.00,0.07050544,0
1507238505,22832651,4349.99,0.81943214,0
1507238504,22832649,4350.00,0.10850900,0
1507238441,22832626,4350.00,31.15528107,0
1507238441,22832625,4349.97,0.87150000,0
1507238441,22832624,4349.45,0.14734000,0
1507238440,22832623,4349.29,0.55456923,0
1507238440,22832622,4343.64,0.02396835,0
1507238440,22832621,4343.64,0.03567550,0
1507238405,22832597,4349.29,0.00543077,0
1507238405,22832596,4348.96,0.10789899,0
1507238404,22832590,4348.00,0.10000000,0
1507238310,22832539,4347.98,1.00000000,0
1507238307,22832530,4347.98,1.00000000,0
1507238298,22832527,4343.00,0.89248604,0
1507238298,22832526,4342.70,1.29165565,0
1507238294,22832523,4341.90,1.02447760,0
1507238293,22832522,4340.00,0.81943214,0
1507238292,22832520,4340.00,0.02000000,1
1507238292,22832519,4340.04,0.07214257,1
1507238292,22832518,4340.08,0.00138937,1
1507238284,22832513,4341.90,0.21365762,0
1507238283,22832510,4341.90,0.06180200,0
1507238225,22832481,4343.00,0.03525966,0
1507238221,22832479,4343.00,0.05253049,0
1507238212,22832475,4342.99,0.21161320,0
1507238199,22832471,4340.04,0.00865716,1
1507238186,22832467,4342.99,0.09469316,0
1507238185,22832465,4342.99,0.25809414,0
1507238173,22832464,4343.00,0.04214234,0
1507238170,22832463,4343.00,0.28108014,0
1507238165,22832462,4343.00,0.27705733,0
1507238164,22832458,4343.00,0.02629800,0
1507238161,22832457,4343.00,0.10000000,0
1507238137,22832451,4342.99,0.03370315,0
1507238137,22832450,4342.99,0.02000000,0
1507238132,22832449,4342.99,0.10000000,0
1507238123,22832446,4344.99,0.31951705,0
1507238117,22832444,4344.99,0.09659989,0
1507238115,22832440,4345.00,0.00875165,0
1507238112,22832439,4340.34,0.01556976,0
1507238112,22832438,4340.34,0.10222888,1
1507238098,22832425,4340.34,0.21075131,1
1507238073,22832406,4344.99,2.16419702,0
1507238064,22832395,4345.00,0.04648348,0
1507238052,22832391,4344.99,0.05000000,1
1507238038,22832388,4345.00,0.00993785,0
1507238034,22832384,4340.21,0.02109660,1
1507238027,22832372,4344.99,0.39510218,0
1507237994,22832340,4345.00,0.62071756,0
1507237994,22832339,4345.00,0.01417224,0
1507237988,22832328,4346.99,0.16517847,0
1507237983,22832323,4347.00,0.01314600,0
1507237981,22832320,4346.99,0.15620004,1
1507237947,22832277,4349.59,0.02863786,0
1507237942,22832275,4349.59,0.05000000,0
1507237922,22832210,4349.71,0.06691238,0
1507237919,22832197,4349.73,0.04605507,0
1507237919,22832196,4349.73,0.02089375,0
1507237917,22832189,4349.74,0.02231500,0
1507237898,22832185,4342.47,0.05106136,1
1507237898,22832184,4342.66,0.01781364,1
1507237891,22832180,4349.85,0.22837641,0
1507237878,22832174,4349.94,0.00513637,0
1507237864,22832173,4348.91,0.24855849,0
1507237849,22832169,4349.00,0.17731085,0
1507237783,22832138,4349.92,0.01317199,0
1507237766,22832123,4349.74,0.01980777,0
1507237727,22832102,4349.76,0.08665654,0
1507237707,22832095,4349.78,0.23567559,0
1507237689,22832077,4341.65,0.22936318,1
1507237686,22832076,4349.99,0.02109660,0
1507237683,22832071,4349.98,0.01313400,0
1507237661,22832065,4344.26,0.37595792,0
1507237660,22832064,4344.26,0.07652898,1
1507237624,22832046,4350.48,0.00900000,0
1507237533,22832006,4343.96,0.06205606,1
1507237520,22832002,4350.49,0.07019701,0
1507237494,22831973,4343.66,0.54520818,1
1507237485,22831971,4349.10,1.09034749,1
1507237484,22831970,4349.10,0.90965251,0
1507237452,22831962,4343.32,0.01920733,1
1507237448,22831957,4349.10,0.02796758,0
1507237443,22831952,4343.14,0.00500000,1
1507237441,22831948,4343.09,0.09829000,1
1507237389,22831929,4349.10,0.01500000,0
1507237384,22831928,4349.10,0.02110091,0
1507237383,22831927,4349.10,0.02627900,0
1507237325,22831895,4349.80,0.06544500,1
1507237297,22831886,4347.79,0.01167801,0
1507237288,22831885,4341.33,0.40890000,1
1507237287,22831884,4341.33,1.74300000,1
1507237274,22831878,4347.80,2.50000000,0
1507237274,22831877,4347.80,2.08874103,0
1507237272,22831876,4350.13,0.41125897,1
1507237271,22831875,4350.14,0.01000000,1
1507237264,22831870,4350.99,0.00657000,0
1507237216,22831810,4350.15,0.95604000,1
1507237185,22831787,4351.65,4.68859299,0
1507237185,22831786,4351.08,0.00920657,0
1507237185,22831785,4350.15,0.30220044,0
1507237120,22831737,4350.15,0.09809900,0
1507237113,22831728,4350.14,0.45424642,0
1507237101,22831718,4350.15,0.13970056,0
1507237100,22831715,4351.20,0.05386877,0
1507237091,22831707,4351.20,0.01012827,0
1507237085,22831699,4349.29,0.52000000,0
1507237065,22831694,4351.18,0.01316769,0
1507237054,22831688,4351.19,0.02842945,0
1507237046,22831684,4347.95,1.02400946,1
1507237045,22831683,4349.00,0.78331571,1
1507237045,22831682,4349.01,0.15537433,1
1507237031,22831670,4349.00,0.00269217,1
1507237028,22831668,4351.23,0.05714936,0
1507237026,22831667,4351.22,0.15604819,0
1507237014,22831657,4349.00,0.68775957,1
1507237007,22831655,4349.00,0.52623255,1
1507237007,22831654,4349.00,0.31951067,1
1507237007,22831653,4349.01,0.00154339,1
1507236999,22831644,4351.23,1.19170000,0
1507236981,22831631,4349.00,0.34534956,1
1507236980,22831629,4349.01,0.15465044,1
1507236977,22831623,4349.00,0.11699171,1
1507236976,22831621,4351.24,0.01316478,0
1507236964,22831609,4349.00,0.15615406,1
1507236958,22831600,4349.00,0.47599400,1
1507236955,22831595,4348.28,0.58600000,0
1507236947,22831594,4349.00,1.91400000,1
1507236945,22831593,4349.00,0.04600000,1
1507236935,22831587,4349.01,1.96702967,1
1507236935,22831586,4349.02,0.13853562,1
1507236920,22831578,4349.24,0.01397276,0
1507236920,22831577,4352.20,0.05513933,0
1507236919,22831576,4352.16,0.15601448,0
1507236916,22831572,4349.00,0.02000000,1
1507236915,22831571,4349.00,0.02000000,1
1507236903,22831559,4350.88,0.00394400,0
1507236903,22831558,4350.88,0.00394400,0
1507236884,22831546,4348.39,0.09524153,1
1507236883,22831544,4350.00,0.90503242,1
1507236869,22831528,4350.00,0.09236263,1
1507236869,22831527,4350.00,0.25234230,1
1507236869,22831526,4350.00,0.40777347,1
1507236869,22831525,4350.01,0.00464502,1
1507236859,22831507,4352.17,0.00203779,0
1507236856,22831490,4350.00,0.01446781,1
1507236854,22831481,4350.00,0.03509829,1
1507236854,22831477,4350.00,0.01751000,1
1507236853,22831473,4350.00,0.11256942,1
1507236853,22831472,4350.00,0.00464167,1
1507236851,22831464,4350.00,1.91350033,1
1507236849,22831442,4350.00,0.10466531,1
1507236827,22831425,4350.00,0.09031455,1
1507236812,22831409,4348.29,0.04972180,0
1507236804,22831399,4352.01,0.16421178,1
1507236793,22831389,4352.00,1.40016457,1
1507236792,22831388,4352.00,2.29940000,1
1507236790,22831387,4350.00,10.88647433,0
1507236790,22831386,4349.83,2.29690000,0
1507236790,22831385,4348.79,2.13706110,0
1507236790,22831384,4348.30,0.98000000,0
1507236787,22831383,4348.17,1.72941110,0
1507236785,22831380,4348.28,0.27598890,1
1507236778,22831371,4350.00,14.87200000,0
1507236776,22831369,4348.30,0.40765000,1
1507236753,22831366,4350.00,0.02498153,0
1507236744,22831356,4350.00,27.39000000,0
1507236744,22831355,4349.99,0.11000000,0
1507236743,22831354,4349.03,0.50000000,0
1507236723,22831339,4350.00,1.94384630,0
1507236723,22831338,4348.28,0.05615370,0
1507236720,22831336,4348.28,0.10000000,0
1507236713,22831330,4350.23,1.99616014,0
1507236713,22831329,4348.28,0.00383986,0
1507236705,22831325,4348.29,2.00000000,0
1507236699,22831322,4348.10,0.00383986,0
1507236698,22831320,4348.10,0.45993360,1
1507236698,22831319,4348.12,0.16208154,1
1507236695,22831318,4350.23,2.00000000,0
1507236686,22831312,4350.23,1.33258756,0
1507236686,22831311,4350.22,0.66741244,0
1507236685,22831310,4350.22,0.17499316,0
1507236680,22831307,4350.23,0.00114477,0
1507236668,22831304,4351.23,0.01508829,1
1507236667,22831303,4351.23,0.00600000,1
1507236662,22831300,4351.23,0.00118000,1
1507236647,22831288,4348.10,0.08176640,1
1507236644,22831281,4352.00,0.00663941,0
1507236636,22831270,4352.00,0.38465428,1
1507236636,22831269,4352.00,0.10923187,1
1507236634,22831267,4349.39,0.15611385,0
1507236634,22831266,4348.20,1.35000000,0
1507236629,22831261,4348.13,0.37289494,0
1507236626,22831254,4348.12,1.45000000,1
1507236619,22831248,4348.26,0.09053497,1
1507236619,22831247,4349.40,0.12710506,0
1507236617,22831246,4349.40,2.00000000,0
1507236610,22831245,4349.98,0.29900000,0
1507236610,22831244,4352.00,2.00000000,1
1507236564,22831227,4354.71,0.01396461,0
1507236523,22831166,4354.59,0.46580148,0
1507236523,22831165,4354.40,0.15593423,0
1507236523,22831164,4354.12,0.09882000,0
1507236520,22831162,4354.12,0.00118000,1
1507236510,22831125,4354.24,0.09882000,0
1507236509,22831120,4354.24,0.00118000,1
1507236488,22831102,4350.00,0.46462997,0
1507236486,22831101,4350.00,1.93549474,1
1507236486,22831100,4350.04,0.09987529,1
1507236484,22831099,4354.59,0.16700708,0
1507236483,22831097,4354.59,0.10537157,0
1507236480,22831095,4354.71,0.20670262,0
1507236480,22831094,4354.70,2.29430000,1
1507236479,22831091,4353.89,1.41481528,1
1507236477,22831089,4353.89,0.20668544,0
1507236477,22831088,4353.79,1.97967562,0
1507236477,22831087,4353.79,0.02032438,0
1507236451,22831062,4354.23,0.29412694,0
1507236420,22831045,4350.00,0.00118000,1
1507236419,22831044,4354.61,1.58007490,1
1507236418,22831043,4353.89,0.10000000,0
1507236418,22831042,4353.00,0.15418297,0
1507236418,22831041,4353.00,2.41435000,0
1507236418,22831040,4353.00,0.10000000,0
1507236418,22831039,4352.56,2.29460000,0
1507236417,22831038,4351.79,0.00770000,0
1507236417,22831037,4350.16,1.39917949,0
1507236416,22831036,4349.01,0.00118000,0
1507236391,22831026,4350.16,0.01317273,0
1507236387,22831023,4350.15,0.07424089,0
1507236370,22830999,4346.03,0.96489018,0
1507236369,22830998,4346.04,0.03510982,1
1507236364,22830990,4350.16,0.05099300,0
1507236363,22830989,4350.16,0.02109578,0
1507236340,22830962,4350.16,0.04510097,0
1507236331,22830957,4350.15,0.03083341,0
1507236323,22830951,4346.04,0.03000000,0
1507236321,22830946,4346.04,2.00000000,0
1507236315,22830940,4350.16,0.07265408,0
1507236315,22830939,4350.16,0.23504491,0
1507236314,22830938,4350.00,0.07892647,0
1507236275,22830899,4350.00,0.08470343,0
1507236275,22830898,4349.99,5.43536719,0
1507236275,22830897,4349.97,0.87150000,0
1507236245,22830885,4349.60,0.10517000,1
1507236244,22830882,4349.62,0.02109839,0
1507236205,22830850,4349.62,0.01165003,0
1507236160,22830835,4349.59,0.02427201,0
1507236160,22830834,4349.58,0.03305424,0
1507236145,22830814,4346.03,0.03305424,0
1507236144,22830813,4346.03,0.02694576,1
1507236117,22830801,4349.71,0.06030992,0
1507236103,22830792,4349.46,0.05677228,0
1507236097,22830790,4349.46,0.01926555,0
1507236069,22830760,4345.00,0.09427887,1
1507236068,22830757,4345.04,0.14158579,1
1507236034,22830730,4345.02,0.00118000,0
1507236015,22830709,4345.83,0.03700000,0
1507236003,22830696,4345.83,0.01163900,0
1507236000,22830692,4347.00,0.32896235,1
1507235997,22830691,4347.00,0.02263765,0
1507235996,22830689,4343.57,0.47019462,0
1507235996,22830688,4343.55,0.15632374,0
1507235993,22830683,4343.57,0.00862538,0
1507235962,22830659,4343.57,0.00118000,0
1507235943,22830641,4347.00,0.62013572,0
1507235941,22830635,4342.80,0.46000000,0
1507235908,22830624,4335.01,0.15788322,1
1507235900,22830618,4347.00,1.35559599,1
1507235900,22830617,4347.01,0.00163064,1
1507235888,22830608,4347.00,0.05356695,1
1507235887,22830607,4347.00,0.01000000,1
1507235882,22830602,4347.00,0.10878307,1
1507235875,22830600,4347.00,0.34208674,1
1507235872,22830599,4347.00,0.33237901,1
1507235864,22830576,4346.67,0.10758824,0
1507235860,22830570,4350.15,0.33241176,1
1507235859,22830569,4350.15,2.16758824,1
1507235858,22830567,4340.88,0.18395100,1
1507235857,22830563,4350.16,0.01690288,0
1507235848,22830538,4346.56,2.02944461,0
1507235848,22830537,4346.34,0.28055539,0
1507235847,22830536,4346.34,0.13944461,0
1507235834,22830507,4347.00,0.90379960,1
1507235833,22830502,4347.00,1.00000000,1
1507235832,22830500,4347.00,0.15620040,1
1507235832,22830499,4347.00,0.25000000,1
1507235830,22830496,4337.58,1.00000000,1
1507235816,22830492,4340.51,0.25000000,1
1507235816,22830491,4344.61,0.25000000,1
1507235814,22830487,4349.47,0.11170032,1
1507235808,22830452,4347.00,0.31000000,1
1507235806,22830450,4347.00,1.00000000,1
1507235804,22830449,4347.00,1.00000000,1
1507235793,22830443,4349.81,0.45863018,0
1507235766,22830432,4348.00,0.11631138,1
1507235766,22830431,4348.01,0.15477025,1
1507235764,22830429,4350.16,0.02109577,0
1507235757,22830417,4350.00,3.97590381,1
1507235757,22830416,4350.00,2.29540000,1
1507235755,22830411,4350.00,0.20000000,0
1507235755,22830410,4350.00,0.05172580,0
1507235755,22830409,4350.00,0.20000000,0
1507235755,22830408,4350.00,1.00000000,0
1507235755,22830407,4350.00,17.73625384,0
1507235755,22830406,4349.98,0.08690593,0
1507235755,22830405,4349.94,2.29770000,0
1507235754,22830403,4349.50,1.00000000,0
1507235754,22830401,4349.48,0.15611062,0
1507235733,22830382,4349.47,0.68351385,1
1507235732,22830377,4349.39,0.98874776,0
1507235670,22830300,4348.00,0.18632685,1
1507235669,22830298,4348.00,0.69736177,1
1507235669,22830297,4348.01,0.01149153,1
1507235644,22830283,4349.97,1.08923050,0
1507235641,22830281,4348.00,1.00000000,1
1507235638,22830278,4349.83,0.00330786,0
1507235629,22830270,4349.98,0.04000000,0
1507235627,22830263,4346.90,0.20285860,1
1507235627,22830262,4348.01,0.00894140,1
1507235621,22830259,4348.00,1.92532207,0
1507235620,22830258,4348.00,1.99126970,1
1507235616,22830257,4348.00,0.00873030,1
1507235596,22830244,4346.88,2.50000000,1
1507235596,22830243,4346.88,2.24539613,1
1507235596,22830242,4346.90,0.25421744,1
1507235582,22830237,4346.89,0.10073017,1
1507235561,22830208,4350.00,2.26374616,0
1507235561,22830206,4350.00,5.00000000,0
1507235561,22830203,4350.00,1.00000000,0
1507235554,22830200,4350.00,14.00000000,0
1507235554,22830198,4349.99,20.00000000,0
1507235553,22830197,4349.98,1.00000000,0
1507235553,22830194,4346.84,0.14538524,1
1507235553,22830193,4346.84,0.05250502,1
1507235553,22830192,4346.84,0.07569526,1
1507235546,22830187,4349.51,3.72434951,1
1507235544,22830169,4349.00,0.71453895,1
1507235542,22830162,4349.00,0.27205199,0
1507235542,22830160,4349.00,5.55613600,0
1507235538,22830139,4345.01,0.04436490,0
1507235537,22830137,4349.00,1.00000000,0
1507235535,22830129,4349.00,1.00000000,0
1507235533,22830115,4349.00,1.00000000,0
1507235521,22830103,4348.94,0.00794438,0
1507235519,22830102,4345.00,0.25150000,1
1507235517,22830101,4345.00,0.38619659,1
1507235510,22830095,4345.00,0.15628021,1
1507235509,22830094,4345.00,1.55599685,1
1507235507,22830092,4344.77,0.15627985,0
1507235491,22830082,4348.72,0.01516558,0
1507235490,22830079,4340.42,0.34839893,1
1507235486,22830078,4340.39,0.94719641,1
1507235478,22830074,4340.40,0.10000000,1
1507235477,22830071,4344.78,0.05280359,0
1507235476,22830069,4339.64,0.03715593,0
1507235475,22830068,4340.40,0.96284407,1
1507235465,22830061,4347.36,0.26040151,1
1507235465,22830060,4348.00,0.18735090,1
1507235431,22830041,4349.00,0.44153828,0
1507235429,22830040,4349.00,1.00000000,0
1507235425,22830038,4349.00,0.00232572,0
1507235424,22830037,4347.98,0.01400244,0
1507235421,22830035,4345.29,0.02310415,0
1507235416,22830031,4345.00,0.94725000,0
1507235411,22830028,4344.00,0.08160645,0
1507235404,22830020,4343.43,0.41366400,0
1507235404,22830019,4343.43,0.02633600,0
1507235397,22830013,4342.93,2.52017359,0
1507235385,22830008,4342.93,0.15300783,0
1507235383,22830006,4342.93,0.01319288,0
1507235379,22830003,4342.93,0.02530000,0
1507235370,22829992,4342.93,0.95100000,0
1507235341,22829949,4335.79,0.01000000,0
1507235339,22829944,4342.93,0.42270000,0
1507235336,22829933,4342.92,1.81411027,0
1507235336,22829932,4341.11,0.42000000,0
1507235335,22829931,4341.10,0.00292750,0
1507235321,22829893,4336.10,0.00292750,1
1507235285,22829832,4335.04,0.12055262,0
1507235284,22829831,4342.80,0.03607800,1
1507235271,22829803,4334.11,0.01490491,1
1507235262,22829790,4340.00,0.24008280,1
1507235262,22829788,4340.00,0.09529064,1
1507235261,22829787,4340.00,0.09324544,1
1507235261,22829786,4341.00,0.46629521,1
1507235258,22829775,4341.00,0.01496610,1
1507235257,22829772,4341.00,0.01446426,1
1507235256,22829767,4342.89,0.15891644,0
1507235247,22829756,4341.00,0.33770000,1
1507235242,22829755,4341.00,0.47905763,1
1507235236,22829750,4341.00,0.43406884,1
1507235233,22829743,4340.01,2.25344796,0
1507235228,22829735,4340.01,0.01669082,0
1507235223,22829717,4340.01,0.22986122,0
1507235213,22829700,4340.00,0.69377363,1
1507235196,22829682,4340.00,0.75590558,1
1507235196,22829681,4340.01,0.14990482,1
1507235191,22829679,4344.00,1.00373959,1
1507235191,22829678,4344.00,0.27438729,1
1507235190,22829676,4344.00,4.15300291,1
1507235190,22829675,4344.00,0.41252595,1
1507235189,22829670,4342.98,0.15634426,0
1507235183,22829660,4340.00,0.02170191,1
1507235180,22829656,4342.98,0.11225373,0
1507235160,22829623,4344.00,0.10039486,1
1507235157,22829620,4343.00,6.89960514,0
1507235149,22829616,4342.75,0.06051958,0
1507235139,22829609,4342.77,0.09285668,1
1507235139,22829608,4344.00,2.22000000,1
1507235126,22829580,4342.77,0.00509000,1
1507235126,22829578,4342.77,0.00467795,1
1507235126,22829576,4342.77,0.01560952,1
1507235116,22829551,4342.84,0.33462895,1
1507235116,22829550,4344.00,2.22000000,1
1507235057,22829465,4345.00,4.67474635,1
1507235056,22829464,4345.00,0.45375365,0
1507235056,22829463,4344.97,0.87150000,0
1507235044,22829453,4344.45,0.02632200,0
1507235043,22829451,4344.45,0.00658100,0
1507234998,22829422,4342.76,5.84364746,0
1507234997,22829421,4342.75,0.15635254,0
1507234988,22829420,4342.78,5.84364818,0
1507234988,22829419,4342.77,0.15635182,0
1507234980,22829415,4342.76,0.50000000,1
1507234979,22829414,4342.76,6.00000000,0
1507234969,22829413,4340.07,2.50000000,1
1507234966,22829412,4340.08,2.38530000,0
1507234959,22829408,4340.08,0.22396832,0
1507234959,22829407,4340.08,0.16855544,0
1507234959,22829406,4340.08,0.01183892,0
1507234952,22829402,4334.12,0.10000000,0
1507234952,22829401,4334.12,0.90000000,1
1507234949,22829400,4334.12,0.12850000,1
1507234949,22829399,4334.15,0.87150000,1
1507234939,22829395,4340.25,0.43392283,0
1507234934,22829393,4340.25,0.01010483,0
1507234933,22829389,4340.26,0.34965820,0
1507234933,22829388,4340.26,0.07904266,0
1507234933,22829387,4340.26,0.13562381,0
1507234931,22829386,4340.25,1.00000000,1
1507234924,22829375,4343.00,0.13162531,1
1507234922,22829364,4340.26,0.86837469,0
1507234922,22829361,4340.26,0.13162531,0
1507234919,22829359,4340.27,1.00000000,1
1507234898,22829355,4340.26,1.00000000,1
1507234897,22829353,4345.00,0.34533115,0
1507234897,22829352,4344.99,0.15627194,0
1507234897,22829351,4340.26,1.00000000,0
1507234886,22829348,4343.00,1.00000000,1
1507234881,22829343,4343.01,0.15532648,0
1507234880,22829341,4344.99,0.02112088,1
1507234846,22829329,4340.28,1.00000000,1
1507234821,22829318,4344.00,0.00260461,1
1507234821,22829317,4344.00,0.02916676,1
1507234820,22829316,4344.00,0.20653808,0
1507234811,22829314,4340.26,0.00269736,1
1507234806,22829313,4344.00,0.07813075,0
1507234804,22829312,4340.66,0.02751846,0
1507234791,22829309,4340.01,0.06000000,1
1507234751,22829287,4340.66,0.05679830,0
1507234746,22829277,4339.88,0.09161675,1
1507234743,22829276,4340.66,0.07758932,0
1507234743,22829275,4340.66,0.00134868,0
1507234689,22829245,4344.99,0.01470539,0
1507234684,22829240,4345.00,0.07639757,0
1507234683,22829239,4344.99,0.00750000,0
1507234660,22829227,4345.00,0.08026100,0
1507234645,22829222,4345.00,0.06790000,0
1507234639,22829220,4345.00,0.84738555,0
1507234639,22829219,4344.99,0.67703747,0
1507234637,22829217,4344.99,0.24120000,0
1507234622,22829193,4344.99,0.05884195,0
1507234618,22829190,4344.99,0.02292058,0
1507234575,22829179,4344.99,2.35557606,0
1507234575,22829178,4344.99,0.14442394,0
1507234563,22829172,4344.99,0.01184800,0
1507234560,22829170,4345.00,0.00591577,0
1507234558,22829169,4338.26,0.09201800,1
1507234552,22829167,4344.99,0.01200000,0
1507234547,22829166,4338.11,0.00528657,1
1507234546,22829165,4344.99,1.64303558,0
1507234546,22829164,4344.99,0.85696442,0
1507234541,22829163,4344.99,0.00391048,0
1507234534,22829162,4345.00,0.00700000,0
1507234528,22829157,4345.00,1.51192536,0
1507234512,22829150,4345.00,0.00735467,0
1507234504,22829146,4345.00,0.09000000,0
1507234502,22829145,4345.00,0.04227900,0
1507234489,22829137,4345.00,2.50000000,0
1507234489,22829136,4343.98,0.19178029,1
1507234488,22829135,4343.98,0.00910000,1
1507234487,22829134,4344.00,0.05211786,1
1507234487,22829133,4344.00,0.00910000,1
1507234486,22829132,4344.00,4.99090000,1
1507234486,22829131,4344.99,0.00910000,1
1507234465,22829127,4345.00,2.50000000,0
1507234455,22829125,4345.00,1.45431670,0
1507234455,22829124,4344.01,0.21301896,0
1507234454,22829123,4344.01,0.83266434,0
1507234448,22829119,4344.01,0.02356453,0
1507234423,22829106,4344.00,0.05811810,0
1507234409,22829097,4344.01,0.81841000,0
1507234408,22829096,4344.01,0.02450168,0
1507234398,22829089,4344.01,1.77000500,0
1507234395,22829086,4344.01,2.43636205,0
1507234389,22829082,4344.01,0.24875400,0
1507234389,22829081,4344.01,1.88085200,0
1507234386,22829076,4343.98,0.00675379,0
1507234385,22829073,4343.98,0.04547360,0
1507234358,22829056,4344.00,0.20901056,1
1507234357,22829055,4344.00,2.29098944,0
1507234344,22829047,4344.00,0.01141056,0
1507234340,22829040,4344.01,0.06390178,1
1507234340,22829039,4344.02,0.13201300,1
1507234335,22829035,4344.99,0.01281500,1
1507234312,22829020,4344.99,0.11919800,1
1507234312,22829019,4345.00,0.00900000,0
1507234295,22829015,4345.24,0.00118000,1
1507234292,22829014,4347.95,0.00500000,0
1507234242,22829001,4346.95,0.90392430,1
1507234226,22828995,4341.92,0.44000000,0
1507234226,22828994,4336.87,0.46458399,1
1507234225,22828993,4336.88,0.03541601,1
1507234212,22828984,4340.85,0.27482590,0
1507234206,22828980,4340.85,0.01946900,0
1507234204,22828979,4340.85,0.10570510,0
1507234199,22828976,4340.00,0.00003086,0
1507234186,22828971,4336.84,0.08665679,0
1507234186,22828970,4336.83,2.43315402,0
1507234179,22828950,4336.83,0.08761436,0
1507234154,22828915,4334.41,0.22313187,1
1507234112,22828822,4339.85,0.02431541,0
1507234100,22828815,4339.96,0.05849736,0
1507234069,22828797,4339.99,0.02468975,0
1507234065,22828790,4340.00,0.07713686,0
1507234063,22828789,4339.99,0.01663713,0
1507234058,22828788,4340.00,0.03450000,1
1507234058,22828787,4340.00,0.05000000,1
1507234036,22828780,4346.72,0.00500000,0
1507234023,22828777,4346.92,0.00900000,0
1507233994,22828759,4347.51,0.01663710,1
1507233966,22828747,4347.98,0.02110635,1
1507233928,22828733,4348.00,0.20544000,0
1507233909,22828724,4347.99,0.03441122,0
1507233890,22828714,4347.99,0.03625016,0
1507233889,22828712,4348.00,0.06364363,0
1507233869,22828705,4349.16,0.01466908,0
1507233864,22828702,4349.16,0.05874797,0
1507233863,22828701,4349.16,0.17776766,0
1507233857,22828691,4349.13,0.02796726,0
1507233851,22828685,4349.17,0.05876020,0
1507233815,22828679,4350.16,0.26025479,0
1507233794,22828668,4350.16,0.01500000,0
1507233790,22828666,4350.16,0.03431400,0
1507233783,22828664,4350.16,0.22769685,0
1507233779,22828660,4350.17,0.00654765,0
1507233775,22828658,4343.22,0.00000042,0
1507233772,22828657,4343.22,0.61351300,0
1507233764,22828653,4343.22,0.00117334,0
1507233760,22828650,4343.22,0.00600000,0
1507233752,22828644,4343.22,0.02131324,0
1507233752,22828643,4343.22,0.00118000,0
1507233726,22828606,4345.44,1.00000000,1
1507233724,22828605,4345.42,1.00000000,1
1507233723,22828604,4346.30,0.27284403,1
1507233721,22828600,4345.40,1.00000000,1
1507233719,22828598,4346.30,0.32715597,0
1507233718,22828597,4346.30,0.40000000,1
1507233715,22828596,4346.31,0.00400000,0
1507233713,22828593,4343.02,0.10000000,1
1507233712,22828592,4346.30,0.69000000,1
1507233710,22828590,4346.30,1.00000000,1
1507233707,22828589,4346.31,1.00000000,1
1507233706,22828588,4346.31,0.91500000,1
1507233705,22828587,4346.31,0.99000000,0
1507233705,22828586,4346.31,0.01000000,1
1507233691,22828583,4346.47,0.19800000,1
1507233687,22828582,4347.00,0.21326400,0
1507233687,22828581,4347.00,0.47465200,0
1507233683,22828580,4347.00,0.02232242,1
1507233676,22828577,4347.14,0.04889651,1
1507233675,22828576,4347.17,0.50302600,1
1507233664,22828569,4353.83,0.01310000,0
1507233664,22828567,4347.19,0.73800000,1
1507233664,22828566,4347.21,0.26200000,1
1507233646,22828547,4355.19,0.03260000,0
1507233636,22828545,4355.20,0.29277500,0
1507233632,22828543,4347.02,1.00000000,0
1507233623,22828536,4355.28,0.05000000,0
1507233620,22828532,4347.49,1.00000000,1
1507233615,22828529,4347.48,1.00000000,1
1507233612,22828527,4347.47,0.97254343,1
1507233612,22828526,4353.42,0.02745657,1
1507233610,22828524,4347.47,1.00000000,1
1507233609,22828523,4355.30,0.01553500,0
1507233607,22828521,4355.30,0.02787812,0
1507233607,22828519,4353.41,1.00000000,0
1507233606,22828517,4355.27,0.00259377,0
1507233605,22828516,4355.30,0.23569400,0
1507233602,22828512,4355.30,0.08933200,1
1507233565,22828479,4355.35,0.02372200,0
1507233484,22828424,4355.34,0.21301896,0
1507233483,22828423,4355.34,0.01576400,0
1507233457,22828389,4355.35,0.05329489,0
1507233452,22828377,4355.35,0.09801653,0
1507233452,22828376,4355.35,0.22122344,0
1507233452,22828375,4355.00,2.35422797,0
1507233452,22828374,4355.00,0.55175760,0
1507233452,22828373,4355.00,0.18752951,0
1507233451,22828372,4355.00,0.73144909,0
1507233451,22828371,4355.00,0.30228309,0
1507233451,22828370,4355.00,0.15822674,0
1507233451,22828369,4355.00,0.07029772,0
1507233450,22828368,4355.00,0.12970228,0
1507233450,22828367,4355.00,0.08171570,0
1507233450,22828366,4354.80,0.00735638,0
1507233449,22828365,4354.80,0.09617761,0
1507233446,22828353,4354.65,0.40000000,0
1507233446,22828351,4354.00,0.42626612,0
1507233446,22828349,4354.00,0.09994270,0
1507233443,22828345,4353.99,1.10137088,0
1507233443,22828344,4353.99,0.23830750,0
1507233439,22828342,4354.00,0.00149807,0
1507233439,22828341,4353.99,0.22511044,0
1507233437,22828340,4353.99,0.17113799,0
1507233437,22828339,4353.99,0.11409931,0
1507233436,22828336,4353.99,0.16993032,0
1507233436,22828335,4353.99,0.61752257,0
1507233436,22828334,4353.99,0.22612153,0
1507233435,22828333,4353.99,0.07744151,0
1507233385,22828216,4352.99,0.01000000,0
1507233375,22828211,4352.99,0.02000000,0
1507233375,22828210,4352.99,0.01000456,0
1507233349,22828198,4347.49,0.04211771,0
1507233348,22828197,4348.20,0.01244729,1
1507233310,22828183,4347.99,0.00118000,0
1507233289,22828180,4347.63,0.00118000,0
1507233281,22828179,4352.99,0.01271977,0
1507233269,22828177,4348.05,0.10022609,0
1507233268,22828176,4348.05,0.11977391,0
1507233268,22828175,4348.21,0.01000000,1
1507233268,22828174,4348.22,0.01000000,1
1507233268,22828173,4348.23,0.01000000,1
1507233259,22828161,4348.26,0.17761548,1
1507233253,22828160,4348.44,0.00118000,0
1507233189,22828145,4353.99,2.49882000,1
1507233186,22828144,4354.00,0.08003044,0
1507233178,22828137,4353.47,1.00595907,0
1507233176,22828136,4349.24,0.00118000,0
1507233170,22828132,4348.03,0.47161536,0
1507233138,22828128,4354.00,0.01745667,0
1507233138,22828127,4354.00,0.10000000,0
1507233137,22828126,4353.99,0.15594891,0
1507233137,22828125,4353.96,0.90700000,0
1507233115,22828123,4354.13,0.04709013,0
1507233085,22828098,4354.41,1.00000000,0
1507233048,22828086,4354.58,0.00700000,0
1507233045,22828085,4354.58,0.00900000,0
1507233024,22828047,4354.79,0.15741573,0
1507233014,22828041,4354.80,0.00000001,1
1507233013,22828040,4354.80,0.08776699,1
1507233013,22828039,4354.80,0.01576700,1
1507233000,22828027,4354.76,0.00340354,0
1507232999,22828025,4354.77,0.01165442,0
1507232988,22828017,4350.97,0.04583153,0
1507232988,22828016,4347.98,0.15616447,0
1507232982,22828010,4348.00,0.62292538,0
1507232978,22828009,4347.99,0.02602400,0
1507232974,22828008,4348.00,2.35586543,0
1507232966,22828004,4350.00,0.02120919,1
1507232956,22827993,4350.01,1.38125902,1
1507232884,22827915,4352.34,0.02366300,0
1507232883,22827913,4352.34,0.02629200,0
1507232794,22827871,4350.00,0.26449787,1
1507232793,22827866,4352.42,0.15084898,1
1507232771,22827863,4354.23,0.43565800,0
1507232767,22827861,4355.00,1.00000000,0
1507232766,22827860,4355.00,2.49288263,1
1507232766,22827858,4355.00,7.00000000,1
1507232765,22827852,4355.00,0.03473081,1
1507232764,22827851,4356.05,4.84412412,0
1507232764,22827850,4356.04,5.00000000,0
1507232764,22827849,4356.03,0.15587588,0
1507232764,22827844,4355.00,7.00000000,1
1507232763,22827842,4355.00,7.00000000,1
1507232762,22827840,4355.00,1.00000000,1
1507232760,22827838,4355.00,1.00000000,1
1507232758,22827833,4355.00,1.00000000,1
1507232757,22827829,4355.00,0.02945961,1
1507232755,22827823,4355.00,1.00000000,1
1507232755,22827822,4356.05,0.49676868,0
1507232755,22827821,4356.04,0.68013132,0
1507232751,22827807,4355.00,6.47179816,1
1507232750,22827800,4355.13,0.18340165,1
1507232749,22827798,4355.13,0.02694093,1
1507232749,22827797,4355.12,0.03029475,0
1507232749,22827796,4355.12,1.00000000,0
1507232745,22827790,4355.12,0.03029476,1
1507232744,22827781,4356.04,0.78101065,0
1507232738,22827771,4356.04,0.97259872,1
1507232735,22827770,4355.00,0.03304224,1
1507232735,22827768,4355.10,1.42751562,1
1507232735,22827767,4355.10,0.57248438,1
1507232735,22827766,4355.11,0.42751562,1
1507232730,22827759,4356.04,1.00000000,1
1507232730,22827757,4355.11,0.98654619,0
1507232727,22827753,4355.10,1.45965871,0
1507232725,22827748,4356.05,10.00107224,0
1507232725,22827746,4356.00,0.04600000,0
1507232725,22827745,4355.83,0.01219600,0
1507232724,22827744,4355.82,3.94073176,0
1507232723,22827743,4355.82,0.05000000,0
1507232723,22827740,4355.10,0.47252837,1
1507232723,22827738,4355.11,0.98654620,1
1507232721,22827736,4355.11,1.00000000,1
1507232721,22827735,4355.11,0.01345380,0
1507232720,22827733,4355.10,0.09998093,1
1507232716,22827727,4355.00,0.18238871,1
1507232714,22827726,4355.00,20.00000000,0
1507232714,22827725,4354.98,0.87150000,0
1507232714,22827723,4354.22,0.00150000,0
1507232713,22827718,4354.21,0.05997605,1
1507232708,22827710,4354.00,0.05000000,1
1507232704,22827707,4354.00,1.30000000,0
1507232704,22827706,4354.00,12.36000000,0
1507232703,22827704,4354.00,0.12086885,0
1507232702,22827700,4354.00,0.05000000,0
1507232701,22827694,4354.00,0.05040192,0
1507232698,22827689,4354.00,10.56220000,0
1507232698,22827688,4354.00,0.21480000,0
1507232698,22827687,4354.00,0.04000000,0
1507232698,22827686,4354.00,0.50000000,0
1507232698,22827685,4354.00,0.03500000,0
1507232698,22827684,4354.00,0.05000000,0
1507232698,22827683,4354.00,0.02200000,0
1507232697,22827682,4354.00,0.05000000,0
1507232697,22827681,4354.00,0.04600000,0
1507232697,22827680,4353.94,0.48000000,0
1507232696,22827678,4353.10,0.01995230,0
1507232693,22827674,4352.00,0.01356610,1
1507232693,22827673,4352.00,0.03000000,0
1507232693,22827672,4352.00,0.03060779,0
1507232681,22827654,4351.00,0.03455850,1
1507232677,22827651,4350.00,0.00848442,1
1507232677,22827650,4350.01,0.20249488,1
1507232677,22827649,4350.01,0.03915105,1
1507232677,22827647,4350.90,0.43185772,1
1507232676,22827646,4350.90,0.26197519,1
1507232675,22827645,4350.90,0.30616709,1
1507232674,22827643,4350.55,0.02500000,1
1507232671,22827642,4352.00,0.01539221,0
1507232671,22827641,4351.00,0.06000000,0
1507232671,22827640,4351.00,0.39000000,0
1507232671,22827639,4350.98,0.01087651,0
1507232670,22827637,4350.97,0.00187102,0
1507232670,22827634,4350.90,0.02000000,0
1507232668,22827630,4350.54,0.00186026,0
1507232663,22827616,4350.32,0.02000000,0
1507232657,22827612,4350.22,0.43938800,0
1507232655,22827609,4350.22,1.00000000,0
1507232654,22827608,4350.22,0.50000000,0
1507232645,22827602,4350.20,0.05044595,0
1507232645,22827601,4350.20,0.04000000,0
1507232644,22827600,4350.00,2.30150000,1
1507232642,22827595,4350.00,0.43846686,0
1507232642,22827594,4350.00,0.01204819,0
1507232642,22827593,4350.00,2.00000000,0
1507232642,22827591,4350.00,0.48600000,0
1507232641,22827589,4350.00,0.99000009,0
1507232641,22827588,4350.00,0.71372946,0
1507232641,22827587,4350.00,1.11960010,0
1507232641,22827586,4350.00,0.03053253,0
1507232641,22827584,4350.00,0.01149195,0
1507232641,22827582,4350.00,0.01500000,0
1507232641,22827580,4350.00,0.10000000,0
1507232641,22827578,4350.00,0.06994147,0
1507232640,22827577,4349.99,1.00000000,0
1507232640,22827574,4349.99,0.50000000,0
1507232638,22827573,4350.00,0.23005853,0
1507232638,22827572,4350.00,0.05000000,0
1507232637,22827571,4350.00,0.06738173,0
1507232633,22827569,4350.00,0.03261827,0
1507232633,22827568,4350.00,2.27065707,0
1507232633,22827567,4350.00,0.09200000,0
1507232633,22827566,4350.00,1.00000000,0
1507232632,22827565,4350.00,0.00300000,0
1507232632,22827564,4350.00,0.01299800,0
1507232632,22827563,4350.00,0.04000000,0
1507232632,22827562,4350.00,0.04600000,0
1507232632,22827561,4350.00,0.05000000,0
1507232632,22827560,4350.00,8.00000000,0
1507232632,22827559,4349.95,0.00335862,0
1507232631,22827557,4349.13,0.04936804,0
1507232628,22827548,4349.13,0.38063196,0
1507232628,22827547,4349.05,0.00786804,0
1507232628,22827546,4348.99,0.18000000,0
1507232619,22827537,4349.05,0.00800000,0
1507232618,22827536,4349.00,11.72000000,0
1507232614,22827533,4349.00,5.90183791,0
1507232614,22827532,4348.99,0.20000000,0
1507232614,22827531,4348.97,0.20000000,0
1507232613,22827530,4348.79,0.00183731,0
1507232613,22827529,4348.75,1.99816209,0
1507232610,22827527,4348.75,0.31837600,0
1507232610,22827526,4348.66,2.00000000,0
1507232607,22827522,4348.75,0.10000000,0
1507232607,22827521,4348.75,2.58346191,0
1507232606,22827520,4348.46,0.00872930,0
1507232606,22827519,4348.18,0.12877000,0
1507232606,22827518,4348.00,5.00000000,0
1507232605,22827516,4348.00,0.04600000,0
1507232605,22827515,4347.98,0.46406717,0
1507232604,22827514,4347.98,0.40743283,0
1507232604,22827513,4347.70,0.00190091,0
1507232604,22827512,4347.01,0.00149629,0
1507232604,22827511,4346.42,0.01158420,0
1507232599,22827510,4346.29,0.40950867,0
1507232598,22827509,4346.29,0.05049133,0
1507232596,22827508,4346.00,0.04600000,0
1507232596,22827507,4345.74,0.01399214,0
1507232595,22827506,4345.60,0.30000000,0
1507232595,22827505,4345.59,0.00651471,0
1507232595,22827504,4345.52,0.00149913,0
1507232592,22827503,4345.01,0.27896829,0
1507232592,22827502,4345.00,1.00000000,0
1507232591,22827501,4345.00,0.01500000,0
1507232591,22827500,4344.98,0.01656731,0
1507232591,22827499,4344.79,0.00186025,0
1507232591,22827498,4344.73,0.00128054,0
1507232591,22827497,4344.73,0.00951520,0
1507232587,22827494,4344.62,5.00000000,0
1507232587,22827493,4344.40,0.01162192,0
1507232587,22827492,4344.11,0.00299946,0
1507232587,22827491,4344.00,0.02200000,0
1507232586,22827490,4344.00,0.04600000,0
1507232586,22827489,4343.48,0.54931421,0
1507232584,22827488,4343.48,0.00395900,0
1507232584,22827487,4342.71,0.70330000,1
1507232583,22827486,4343.48,11.20000000,0
1507232580,22827484,4343.48,12.61380000,0
1507232577,22827483,4343.48,9.83292679,0
1507232577,22827482,4343.46,1.00000000,0
1507232577,22827480,4343.21,0.00338286,0
1507232576,22827479,4343.21,0.00830297,0
1507232576,22827478,4343.00,0.59390000,0
1507232576,22827477,4343.00,0.06000000,0
1507232576,22827476,4343.00,0.06000000,0
1507232576,22827475,4343.00,0.05000000,0
1507232576,22827474,4343.00,0.39000000,0
1507232576,22827473,4342.98,0.00148738,0
1507232570,22827471,4342.68,0.01540011,0
1507232568,22827470,4342.00,0.90309451,0
1507232565,22827469,4342.00,1.00000000,0
1507232563,22827467,4342.00,1.00000000,0
1507232558,22827462,4342.00,2.09690549,0
1507232558,22827461,4342.00,0.04600000,0
1507232558,22827460,4342.00,0.23860533,0
1507232558,22827459,4342.00,1.10582100,0
1507232557,22827457,4340.01,0.01187630,1
1507232556,22827456,4342.00,0.00500000,0
1507232553,22827442,4342.00,2.26837367,0
1507232553,22827441,4341.98,0.86658399,0
1507232551,22827440,4341.98,0.00630700,0
1507232548,22827438,4341.98,0.00400000,0
1507232540,22827436,4341.98,0.12850000,1
1507232523,22827434,4341.99,0.10567735,0
1507232520,22827431,4341.99,0.03255567,0
1507232506,22827422,4341.96,0.87150000,0
1507232505,22827421,4339.99,0.60317134,1
1507232505,22827420,4341.67,0.91352866,1
1507232503,22827415,4341.67,0.08647134,1
1507232498,22827412,4340.80,0.03912740,0
1507232497,22827411,4340.80,0.01087260,0
1507232497,22827410,4340.01,0.00351200,1
1507232492,22827409,4340.00,0.00650491,0
1507232492,22827408,4340.00,0.20000000,0
1507232492,22827407,4340.00,0.04293040,0
1507232492,22827406,4340.00,0.13151843,0
1507232490,22827404,4340.00,0.36848157,0
1507232490,22827403,4340.00,0.01151843,0
1507232490,22827402,4340.00,0.04600000,0
1507232490,22827401,4340.00,0.57400000,0
1507232484,22827396,4339.99,0.26000000,0
1507232484,22827395,4339.47,0.00187100,0
1507232480,22827394,4339.08,0.09900000,0
1507232471,22827392,4339.04,0.00187024,0
1507232465,22827390,4339.00,0.50000000,0
1507232463,22827388,4339.00,0.50000000,0
1507232463,22827387,4339.00,1.00000000,0
1507232459,22827384,4339.00,1.00000000,0
1507232457,22827382,4339.00,1.00000000,0
1507232455,22827377,4339.00,1.00000000,0
1507232448,22827376,4338.70,0.00184159,0
1507232443,22827375,4338.45,0.39321080,0
1507232441,22827374,4338.45,1.00000000,0
1507232435,22827373,4338.00,0.50000000,0
1507232430,22827371,4337.98,0.87150000,0
1507232426,22827369,4337.06,0.44000000,0
1507232417,22827365,4334.00,1.00000000,0
1507232412,22827363,4333.00,6.32991826,0
1507232412,22827361,4332.97,0.15670545,0
1507232389,22827349,4330.02,0.00118000,0
1507232373,22827345,4330.00,0.00118000,0
1507232360,22827342,4333.01,0.17008174,1
1507232358,22827341,4334.00,1.00000000,0
1507232353,22827339,4333.33,0.47882229,0
1507232346,22827336,4333.00,0.43244842,0
1507232341,22827332,4333.00,0.05000000,0
1507232340,22827331,4333.00,4.47685955,0
1507232338,22827328,4333.00,0.75980872,0
1507232338,22827326,4332.34,0.09137423,0
1507232334,22827321,4332.01,0.27647827,0
1507232334,22827320,4332.00,2.74027921,0
1507232334,22827319,4331.91,0.15674379,0
1507232334,22827318,4331.89,4.28591453,0
1507232282,22827280,4328.05,0.13322555,0
1507232282,22827279,4328.06,0.05890449,1
1507232277,22827277,4331.95,0.00337234,0
1507232244,22827270,4328.26,0.00118000,0
1507232226,22827268,4328.24,0.00118000,0
1507232209,22827265,4328.07,0.01726406,1
1507232209,22827264,4328.07,0.06233834,1
1507232163,22827239,4332.01,0.01319900,0
1507232103,22827226,4332.34,0.21414986,0
1507232099,22827224,4332.33,0.10832648,0
1507232084,22827223,4328.01,0.15654220,0
1507232081,22827222,4328.81,0.00580000,1
1507232078,22827220,4327.35,0.01740978,1
1507232069,22827216,4332.34,0.01437952,0
1507232044,22827210,4332.33,0.05295533,0
1507232043,22827208,4332.33,0.10591298,0
1507232040,22827206,4332.33,0.00364365,0
1507231964,22827196,4332.34,0.00740396,0
1507231895,22827137,4327.15,0.02118490,1
1507231873,22827129,4332.33,0.02485832,0
1507231804,22827116,4332.33,0.54113375,0
1507231803,22827114,4332.33,0.05295534,0
1507231748,22827083,4327.06,0.36269875,1
1507231737,22827074,4327.07,0.04100800,1
1507231737,22827073,4327.07,0.05899200,1
1507231716,22827063,4332.33,0.02855321,0
1507231697,22827057,4325.69,0.12850000,1
1507231697,22827056,4325.74,0.87150000,1
1507231664,22827040,4332.34,0.09269243,0
1507231664,22827039,4331.97,0.02000000,0
1507231664,22827038,4331.86,0.18874995,0
1507231633,22827022,4331.86,0.06223500,0
1507231607,22826971,4325.57,0.02010900,1
1507231605,22826970,4327.81,0.00117000,1
1507231585,22826969,4325.55,0.08328434,1
1507231567,22826961,4325.74,0.00117000,0
1507231541,22826917,4331.86,0.05361793,0
1507231504,22826872,4331.85,0.02118490,0
1507231502,22826868,4331.85,0.02400000,0
1507231450,22826822,4331.87,0.01684054,0
1507231445,22826820,4331.91,0.00990398,0
1507231396,22826791,4325.22,0.02642560,1
1507231389,22826789,4325.18,0.00117000,0
1507231387,22826788,4331.93,0.22779305,0
1507231370,22826784,4331.94,0.11260000,0
1507231370,22826783,4331.91,0.87150000,0
1507231368,22826782,4331.93,0.00234852,1
1507231366,22826780,4327.00,3.23183838,0
1507231366,22826779,4327.00,5.00000000,0
1507231365,22826778,4327.00,0.07360758,0
1507231363,22826775,4326.99,0.15692202,0
1507231354,22826774,4327.00,0.00340000,0
1507231342,22826772,4327.00,0.11504312,0
1507231336,22826771,4327.24,0.00117000,1
1507231335,22826770,4327.25,0.57494092,1
1507231332,22826768,4331.93,0.20000000,0
1507231325,22826767,4327.25,0.11059216,1
1507231324,22826765,4331.93,0.02118455,1
1507231321,22826762,4327.25,0.00873083,1
1507231307,22826757,4331.93,0.25000000,0
1507231306,22826755,4331.93,0.14412070,0
1507231240,22826718,4331.25,0.04963477,0
1507231240,22826717,4327.66,0.01711323,0
1507231225,22826710,4327.66,0.01000000,0
1507231211,22826695,4331.96,0.00612589,0
1507231203,22826663,4331.96,0.01319800,0
1507231203,22826660,4331.96,0.01000000,0
1507231190,22826635,4331.97,0.00690678,1
1507231177,22826626,4331.97,0.00079205,1
1507231160,22826623,4326.24,0.00117000,0
1507231144,22826618,4331.86,0.02118490,0
1507231143,22826616,4331.86,0.10592447,0
1507231135,22826613,4331.97,0.01018066,1
1507231131,22826612,4331.98,0.11852865,1
1507231115,22826607,4332.14,0.02038053,0
1507231102,22826602,4329.89,0.14190706,0
1507231102,22826601,4327.67,0.01383296,0
1507231092,22826597,4327.67,0.01322614,0
1507231059,22826589,4323.35,0.29556381,0
1507231058,22826588,4325.33,0.02704900,1
1507231058,22826587,4325.36,0.50104991,0
1507231056,22826586,4329.88,0.01177744,1
1507231044,22826583,4331.96,0.49708891,0
1507231041,22826582,4325.33,5.97295100,1
1507231040,22826581,4328.67,0.28967727,1
1507231040,22826580,4328.68,0.00850605,1
1507231040,22826579,4329.86,0.50000000,1
1507231040,22826578,4329.87,0.83324038,1
1507231026,22826573,4331.99,0.02653914,0
1507231025,22826572,4332.00,0.05295937,1
1507230987,22826543,4332.00,0.01836313,0
1507230963,22826536,4331.30,0.01484612,0
1507230963,22826535,4328.67,0.05118988,0
1507230960,22826534,4328.67,0.10410460,0
1507230939,22826515,4328.67,0.19072291,0
1507230939,22826514,4325.28,0.15529709,0
1507230939,22826513,4325.28,0.10005563,1
1507230928,22826511,4328.67,0.38280000,0
1507230918,22826506,4325.26,0.50000000,0
1507230905,22826466,4328.67,0.00737409,0
1507230866,22826438,4328.67,0.07830000,0
1507230843,22826427,4328.67,0.10600254,0
1507230843,22826426,4328.67,0.02628800,0
1507230829,22826416,4328.62,0.77585648,1
1507230828,22826415,4330.17,0.10494610,0
1507230825,22826412,4330.17,0.01400000,1
1507230822,22826411,4330.18,0.15147521,0
1507230810,22826398,4330.18,0.00117713,0
1507230786,22826365,4332.76,0.02653000,1
1507230783,22826364,4332.83,0.00396100,0
1507230772,22826360,4332.00,2.46529778,0
1507230770,22826359,4332.00,0.03470222,1
1507230749,22826355,4332.19,0.02301333,0
1507230745,22826354,4332.18,1.08183170,0
1507230742,22826353,4332.46,0.09290000,1
1507230741,22826352,4332.46,0.87150000,1
1507230725,22826344,4332.49,0.02651366,0
1507230724,22826343,4332.49,0.10590858,1
1507230692,22826329,4333.31,0.01198111,0
1507230656,22826315,4332.47,0.00674585,0
1507230649,22826312,4332.53,0.78390000,1
1507230646,22826311,4325.13,0.57780266,1
1507230646,22826310,4325.15,0.87150000,1
1507230639,22826306,4332.10,0.11453790,1
1507230635,22826305,4332.11,0.04006362,0
1507230632,22826300,4332.11,0.05036586,0
1507230628,22826280,4332.10,0.19100000,1
1507230627,22826276,4330.00,0.02000000,0
1507230617,22826267,4331.35,0.01322996,0
1507230616,22826262,4331.35,0.64150000,0
1507230612,22826247,4330.00,3.79760468,0
1507230611,22826243,4327.59,0.09000000,1
1507230610,22826241,4330.00,5.00000000,0
1507230608,22826240,4330.27,0.01987691,1
1507230608,22826239,4330.65,0.16451341,1
1507230608,22826238,4332.00,0.01800500,1
1507230607,22826237,4332.00,0.00716874,1
1507230603,22826235,4333.33,0.02117771,0
1507230596,22826230,4333.32,0.05802449,0
1507230596,22826229,4333.32,1.00000000,0
1507230596,22826228,4333.32,0.23071244,0
1507230593,22826227,4332.00,0.00198000,1
1507230577,22826215,4330.64,2.50000000,1
1507230573,22826208,4330.27,0.01629309,1
1507230573,22826207,4330.61,0.00688500,1
1507230548,22826200,4332.79,0.02301795,0
1507230532,22826198,4332.89,0.67292500,0
1507230521,22826196,4332.13,0.13838030,0
1507230521,22826195,4330.75,0.11161970,0
1507230490,22826185,4330.27,0.19883000,1
1507230484,22826173,4330.73,0.05321778,1
1507230481,22826166,4330.62,0.15679048,0
1507230481,22826164,4330.62,4.13260696,0
1507230464,22826155,4330.24,0.09214270,0
1507230461,22826152,4330.64,0.01287471,0
1507230454,22826149,4325.05,0.12000000,1
1507230449,22826145,4330.26,0.50000000,0
1507230446,22826143,4330.65,0.18745493,0
1507230445,22826142,4330.65,0.13159927,0
1507230432,22826140,4325.10,0.01396146,0
1507230431,22826139,4325.11,0.03222854,1
1507230408,22826132,4330.68,0.27715499,0
1507230374,22826122,4330.78,0.09765600,0
1507230364,22826106,4329.97,0.50000000,0
1507230364,22826103,4330.81,0.10591567,0
1507230308,22826068,4330.03,0.00574229,0
1507230303,22826062,4330.97,0.05297196,0
1507230297,22826053,4327.53,0.01002000,0
1507230296,22826052,4325.73,0.01749398,0
1507230283,22826030,4330.05,0.00740506,0
1507230270,22826019,4330.13,0.15676300,0
1507230269,22826018,4330.80,0.45758003,1
1507230269,22826015,4330.06,0.01664153,0
1507230215,22826000,4330.06,0.02302364,0
1507230204,22825978,4330.01,0.66666666,0
1507230199,22825976,4325.55,0.40000000,1
1507230197,22825975,4330.02,0.12385598,0
1507230179,22825967,4330.05,0.15000000,1
1507230140,22825889,4330.06,0.13418983,0
1507230123,22825866,4325.36,0.02301800,1
1507230111,22825864,4325.32,0.02119580,1
1507230103,22825858,4325.30,0.25000000,1
1507230081,22825850,4327.83,0.01146000,0
1507230077,22825849,4325.25,0.00126000,1
1507230062,22825820,4323.04,0.05110000,1
1507230045,22825814,4327.82,0.06308300,1
1507230023,22825807,4326.26,0.02660000,0
1507230018,22825806,4326.26,0.00138581,0
1507230004,22825795,4326.26,0.10606158,0
1507230001,22825791,4327.83,0.00793000,0
1507230001,22825790,4322.24,0.00117000,0
1507229963,22825769,4329.60,0.30000000,0
1507229943,22825741,4329.63,0.02119580,0
1507229919,22825692,4323.17,0.12850000,1
1507229919,22825691,4323.19,0.87150000,1
1507229914,22825690,4325.00,0.32773329,1
1507229910,22825681,4325.00,0.26635544,0
1507229908,22825678,4325.00,0.06895164,1
1507229897,22825668,4325.00,0.30723152,1
1507229897,22825667,4325.01,0.69276848,1
1507229895,22825666,4325.00,1.00000000,1
1507229892,22825662,4325.39,0.43000000,0
1507229889,22825658,4325.43,0.87150000,1
1507229887,22825656,4328.52,0.02211010,0
1507229886,22825655,4325.41,0.35043567,1
1507229886,22825654,4325.42,0.64956433,1
1507229883,22825650,4325.01,0.22193567,0
1507229878,22825641,4329.34,2.23564593,0
1507229877,22825640,4330.00,0.12894284,1
1507229877,22825639,4330.05,0.13541123,1
1507229870,22825623,4330.06,0.02197000,1
1507229852,22825575,4334.42,0.01510721,0
1507229852,22825574,4330.04,0.00197179,0
1507229843,22825571,4330.04,0.00117000,0
1507229824,22825562,4334.24,0.00117000,1
1507229792,22825543,4330.00,1.74002766,1
1507229789,22825539,4329.55,0.01000000,0
1507229789,22825538,4329.08,0.03500000,0
1507229789,22825537,4329.08,1.09880150,0
1507229789,22825535,4329.00,0.04793950,0
1507229787,22825532,4329.00,0.04621620,0
1507229765,22825511,4329.00,0.40584430,0
1507229764,22825510,4328.98,0.13565089,0
1507229763,22825507,4328.98,0.02119899,0
1507229726,22825482,4329.03,0.02000000,0
1507229703,22825465,4329.04,0.00464809,0
1507229665,22825448,4329.07,0.01002000,1
1507229656,22825439,4326.53,0.99300000,1
1507229655,22825438,4326.53,0.24200000,1
1507229655,22825437,4326.57,0.87150000,1
1507229647,22825430,4326.42,0.04115215,1
1507229643,22825425,4329.08,0.02119850,0
1507229616,22825414,4329.08,0.57000000,1
1507229584,22825376,4336.74,0.02636500,0
1507229572,22825373,4337.98,0.12591776,0
1507229564,22825366,4337.97,0.69360000,1
1507229563,22825365,4337.97,2.30640000,1
1507229553,22825361,4327.57,0.01240357,0
1507229553,22825360,4329.92,0.00480000,1
1507229552,22825359,4331.83,0.00480000,1
1507229552,22825358,4335.00,0.16512029,1
1507229550,22825357,4335.01,0.02287614,1
