date,tid,price,amount,type
1507247525,22838070,0.06850998,0.29120020,0
1507247161,22837930,0.06851563,1.30000000,0
1507246982,22837856,0.06830000,18.17657500,0
1507246753,22837788,0.06822173,0.97090706,1
1507246753,22837786,0.06831267,0.16441173,1
1507246753,22837785,0.06831267,2.26333710,1
1507246753,22837784,0.06841997,0.39781461,1
1507246434,22837601,0.06842000,8.98000000,0
1507246428,22837593,0.06841997,1.18886143,0
1507246312,22837478,0.06841994,0.45883000,0
1507246162,22837325,0.06842997,1.46345307,1
1507245961,22837287,0.06843737,2.65000000,0
1507245838,22837200,0.06816062,7.75697300,1
1507245625,22837102,0.06830544,0.16617000,0
1507244832,22836687,0.06830000,0.18140249,1
1507244832,22836686,0.06830000,0.32100000,0
1507244825,22836685,0.06814000,0.32100000,1
1507244581,22836578,0.06833975,1.70815000,0
1507244528,22836539,0.06808185,13.00000000,0
1507244523,22836532,0.06834659,0.50000000,0
1507244522,22836529,0.06834000,0.50000000,0
1507244163,22836331,0.06834876,0.50000000,1
1507244161,22836329,0.06830000,0.50000000,0
1507243405,22835562,0.06825000,13.46434463,0
1507243404,22835561,0.06825127,47.94600000,1
1507243404,22835560,0.06825128,3.58965537,1
1507243043,22835353,0.06824000,0.22180500,0
1507243043,22835352,0.06824000,0.42596100,0
1507243041,22835351,0.06824000,0.42596100,0
1507242841,22835236,0.06829999,0.80000000,0
1507242681,22835179,0.06837000,0.14577200,0
1507242667,22835166,0.06836997,0.87245000,0
1507242621,22835158,0.06837000,0.63266300,0
1507242618,22835156,0.06836997,1.31066000,0
1507242582,22835152,0.06836997,0.54814600,0
1507242574,22835151,0.06819104,0.09854900,1
1507242529,22835135,0.06836997,2.22216100,0
1507242481,22835122,0.06836967,1.85300000,0
1507242212,22834922,0.06841401,0.14580435,1
1507242209,22834917,0.06811008,0.66177612,1
1507242181,22834903,0.06841443,0.79586300,0
1507241645,22834751,0.06831290,0.65256500,0
1507241563,22834700,0.06831397,0.30960168,0
1507241101,22834476,0.06832174,1.00000000,0
1507241046,22834436,0.06806007,3.72833000,1
1507240862,22834140,0.06837823,0.31891700,0
1507240571,22833916,0.06827860,1.25732000,0
1507240571,22833915,0.06826580,0.12664300,0
1507240563,22833909,0.06845129,0.58520300,1
1507240562,22833908,0.06835597,2.79420700,1
1507240562,22833907,0.06835597,0.43880000,1
1507240236,22833720,0.06813002,1.50926983,1
1507240236,22833719,0.06813002,1.05193017,1
1507240236,22833718,0.06813006,0.43880000,1
1507240202,22833704,0.06836197,3.00000000,0
1507239903,22833514,0.06836693,7.59684279,1
1507239903,22833512,0.06822390,0.00140000,0
1507239901,22833510,0.06821026,2.40175721,0
1507239900,22833509,0.06821026,0.64198475,0
1507239890,22833505,0.06800415,4.00000000,1
1507239533,22833331,0.06821026,0.08216000,0
1507239486,22833293,0.06800236,5.72862596,1
1507239486,22833292,0.06800236,11.27137404,1
1507239034,22833023,0.06821026,0.19407200,0
1507239021,22833018,0.06819198,2.88943442,0
1507239020,22833016,0.06819198,1.52591130,0
1507239019,22833015,0.06820000,20.80396932,1
1507239018,22833014,0.06820000,1.50000000,0
1507239018,22833013,0.06819221,3.11000746,0
1507239018,22833012,0.06819202,0.74950151,0
1507239018,22833011,0.06819201,48.53500000,0
1507239018,22833010,0.06809999,0.30152171,0
1507238928,22832951,0.06809999,6.24600000,0
1507238850,22832885,0.06809999,0.14777829,0
1507238575,22832696,0.06792665,0.20000000,1
1507238223,22832480,0.06806812,2.14273921,0
1507238221,22832478,0.06800000,1.03395079,0
1507238072,22832403,0.06800000,1.50000000,1
1507238072,22832401,0.06800000,0.50000000,1
1507238064,22832396,0.06800019,6.69530000,1
1507237624,22832047,0.06820933,0.58700000,0
1507237616,22832037,0.06820948,0.19964996,0
1507237326,22831896,0.06800003,0.70000000,1
1507237249,22831867,0.06800000,4.83523355,1
1507237246,22831865,0.06800010,0.55000000,1
1507237242,22831862,0.06800007,0.55000000,1
1507237241,22831860,0.06822271,0.08437690,0
1507237193,22831797,0.06800179,0.75736000,1
1507237035,22831675,0.06800046,0.11200275,1
1507237034,22831674,0.06810000,0.07500000,1
1507236872,22831531,0.06800000,2.86596401,1
1507236871,22831529,0.06800039,0.13403599,1
1507236868,22831524,0.06821469,2.19238000,0
1507236868,22831523,0.06810039,0.13000000,0
1507236640,22831273,0.06822265,0.07310666,0
1507236296,22830925,0.06800000,1.79880244,1
1507236296,22830923,0.06814000,0.41888501,1
1507236290,22830921,0.06814000,0.63993580,1
1507236110,22830797,0.06819944,0.13182838,0
1507235994,22830684,0.06820092,1.00000000,0
1507235943,22830643,0.06822389,0.47294282,1
1507235943,22830642,0.06820659,0.11372000,0
1507235941,22830636,0.06814641,0.41333718,0
1507235527,22830107,0.06814641,0.08666282,0
1507235512,22830096,0.06810000,1.00000000,1
1507235307,22829866,0.06802011,2.00849569,1
1507235297,22829856,0.06830905,2.00000000,1
1507235295,22829855,0.06836081,1.03286440,0
1507235291,22829848,0.06836078,3.00128308,0
1507235136,22829602,0.06837091,0.53782770,0
1507235135,22829601,0.06832714,0.20000000,0
1507235135,22829600,0.06825000,0.32100000,0
1507235135,22829599,0.06824216,0.34795788,0
1507235135,22829597,0.06814000,0.97183686,0
1507235085,22829486,0.06800201,0.19970238,0
1507235012,22829431,0.06800163,43.70612128,0
1507235010,22829430,0.06800163,13.29387872,1
1507234631,22829215,0.06801023,0.15010000,1
1507234174,22828936,0.06800429,0.34507646,1
1507234164,22828923,0.06815000,2.25423000,0
1507234141,22828884,0.06815000,0.19999200,0
1507234136,22828869,0.06815000,3.34577583,0
1507234135,22828868,0.06814999,6.10791417,0
1507234135,22828867,0.06814000,4.50000000,0
1507234016,22828770,0.06809695,1.36042000,0
1507233991,22828758,0.06809000,1.29539200,0
1507233901,22828721,0.06809000,0.20460800,0
1507233900,22828719,0.06800088,0.20000000,1
1507233888,22828711,0.06809999,0.21411000,0
1507233783,22828663,0.06811382,2.00000000,0
1507233782,22828662,0.06810000,1.00000000,0
1507233565,22828482,0.06813999,1.01009598,0
1507233363,22828205,0.06809899,0.63549600,0
1507233075,22828096,0.06809999,0.50000000,0
1507232894,22827936,0.06810000,0.79816314,0
1507232892,22827930,0.06809999,3.24499705,0
1507232714,22827722,0.06821058,1.62987171,0
1507232699,22827691,0.06800034,1.49456933,1
1507232682,22827662,0.06808000,0.32100000,1
1507232352,22827338,0.06815972,4.59499960,1
1507232343,22827335,0.06810090,0.32100040,0
1507232340,22827330,0.06810090,4.59565700,0
1507232339,22827329,0.06809000,0.32100000,0
1507232195,22827253,0.06800154,4.67900000,0
1507232194,22827252,0.06817000,0.32100000,1
1507231661,22827034,0.06815003,1.30000000,1
1507231648,22827027,0.06849419,0.99540633,0
1507231531,22826907,0.06830000,1.00000000,0
1507231531,22826906,0.06829000,0.26697554,0
1507231284,22826750,0.06828742,0.04512002,0
1507231283,22826749,0.06828739,1.92688878,0
1507230995,22826547,0.06801313,0.15794000,1
1507230826,22826413,0.06813000,0.26697554,1
1507230602,22826232,0.06830269,2.67800000,1
1507230601,22826231,0.06810000,0.32200000,0
1507230142,22825892,0.06800167,1.00675259,1
1507230140,22825888,0.06800166,1.19066931,1
1507230135,22825877,0.06813748,0.00000417,0
1507230135,22825875,0.06813748,0.20922583,1
1507230017,22825805,0.06802115,1.49816746,1
1507230011,22825801,0.06840984,8.00000000,0
1507230004,22825798,0.06840987,1.48965446,1
1507230003,22825793,0.06840987,0.32200000,0
1507230003,22825792,0.06840987,2.00159554,0
1507229899,22825670,0.06834659,1.24340125,0
1507229868,22825608,0.06813008,0.32200000,1
1507229865,22825593,0.06825000,0.02824085,1
1507229864,22825589,0.06825000,0.29375915,1
1507229816,22825557,0.06841950,2.73015500,0
1507229761,22825503,0.06841986,1.52373485,0
1507229524,22825341,0.06821986,6.24762085,0
1507229524,22825340,0.06821986,3.04808705,0
1507229431,22825233,0.06821986,0.19691000,0
1507229376,22825177,0.06821983,1.71511662,1
1507229375,22825176,0.06821000,0.20000000,0
1507229283,22825095,0.06821989,0.80000000,1
1507229282,22825094,0.06820993,0.20000000,0
1507229104,22824976,0.06800527,0.75500000,0
1507229102,22824974,0.06810000,0.10000000,1
1507228861,22824802,0.06822997,3.00000000,0
1507228468,22824259,0.06802331,1.00000000,1
1507228080,22823962,0.06800250,3.50000000,1
1507227960,22823893,0.06818838,1.27234139,1
1507227946,22823887,0.06819756,0.54677000,1
1507227843,22823793,0.06850293,0.30000000,0
1507227782,22823726,0.06851888,0.20000000,0
1507227616,22823610,0.06853802,1.09086052,0
1507227616,22823609,0.06853802,0.65913948,0
1507227609,22823607,0.06819238,0.38000000,1
1507227600,22823600,0.06853778,1.00000000,0
1507227364,22823317,0.06840000,0.20000000,1
1507227186,22823239,0.06844000,2.14183000,1
1507227099,22823215,0.06860237,0.85506086,0
1507226873,22823076,0.06860663,0.36348746,0
1507226578,22822876,0.06855353,3.31615713,0
1507226473,22822836,0.06839015,0.20000000,1
1507226357,22822803,0.06839000,0.15817000,1
1507226350,22822789,0.06843000,0.00000225,1
1507226350,22822787,0.06843000,0.47824775,0
1507225741,22822446,0.06827519,1.11826000,1
1507225635,22822394,0.06843000,0.59749400,0
1507225513,22822352,0.06843000,11.43200000,0
1507225501,22822344,0.06842997,0.75196100,0
1507225456,22822330,0.06842994,1.86425000,0
1507225432,22822310,0.06842997,2.03714600,0
1507225406,22822286,0.06843000,2.19225825,1
1507225298,22822248,0.06865763,0.79648893,0
1507225035,22822140,0.06843000,0.10774175,1
1507224731,22822054,0.06848000,3.34414800,1
1507224718,22822042,0.06848000,2.22985400,1
1507224612,22821985,0.06850000,0.10000000,0
1507224597,22821977,0.06848000,0.52827300,1
1507224596,22821976,0.06848000,1.34061500,1
1507224241,22821749,0.06849591,0.40000000,0
1507223896,22821595,0.06847932,0.24000000,0
1507223896,22821594,0.06840000,0.50000000,0
1507223829,22821534,0.06830000,1.82008300,1
1507223826,22821531,0.06840000,9.50000000,0
1507223824,22821530,0.06839016,0.50000000,0
1507223820,22821529,0.06839013,1.00000000,0
1507223642,22821455,0.06839013,0.94035900,0
1507223640,22821454,0.06834000,0.05964100,0
1507223247,22821298,0.06830000,0.33877800,1
1507223078,22821201,0.06830000,5.39685000,1
1507223038,22821178,0.06834000,3.54035900,0
1507223038,22821177,0.06833000,0.90000000,0
1507222743,22820958,0.06830746,0.72576932,1
1507222743,22820957,0.06820000,0.15169568,0
1507222741,22820956,0.06819972,0.12253500,0
1507222689,22820935,0.06818838,4.18168861,1
1507222681,22820928,0.06818862,0.12253500,1
1507222482,22820857,0.06818838,0.30597000,1
1507222357,22820753,0.06818838,8.24000000,1
1507222322,22820712,0.06820000,0.91005339,0
1507222320,22820709,0.06819983,0.08994661,0
1507221861,22820493,0.06800398,0.08994661,1
1507221800,22820453,0.06819245,0.30922148,0
1507221765,22820436,0.06800396,19.70950352,0
1507221765,22820435,0.06800396,6.89049648,1
1507221724,22820417,0.06819331,0.07500000,0
1507221345,22820210,0.06820000,0.93634610,0
1507221345,22820209,0.06817811,0.37048972,0
1507221223,22820129,0.06817987,5.89049648,0
1507221189,22820111,0.06785745,1.09817643,0
1507221189,22820110,0.06785745,1.71982357,0
1507221187,22820109,0.06796038,11.18200000,1
1507220806,22819864,0.06800000,16.00000000,0
1507220580,22819671,0.06819285,1.00000000,0
1507220136,22819328,0.06797000,0.14000000,0
1507219863,22819103,0.06831386,1.36992047,0
1507219863,22819102,0.06815000,0.32300000,0
1507219811,22819059,0.06792466,0.20000000,1
1507219811,22819057,0.06799660,0.42075000,1
1507219767,22819032,0.06799660,0.14725000,1
1507219689,22818937,0.06776523,62.57137626,0
1507219689,22818934,0.06778000,5.10000000,1
1507219688,22818933,0.06779983,0.12600000,1
1507219688,22818932,0.06779983,5.00000000,0
1507219688,22818931,0.06780000,0.10000000,1
1507219688,22818930,0.06780003,10.07034691,1
1507219687,22818929,0.06780006,1.11572952,1
1507219687,22818928,0.06785650,9.74721738,1
1507219687,22818927,0.06785650,3.60000000,0
1507219686,22818926,0.06790032,69.38600000,0
1507219686,22818925,0.06790032,5.20332993,1
1507219607,22818839,0.06786017,0.50811182,1
1507219607,22818838,0.06788002,1.23144446,1
1507219468,22818564,0.06822995,3.14907793,0
1507219242,22818354,0.06797065,0.24000000,1
1507219242,22818352,0.06797073,0.43890000,1
1507219241,22818350,0.06797073,9.43296456,0
1507219240,22818343,0.06798000,0.32300000,1
1507219240,22818342,0.06798003,4.59295544,1
1507218588,22817657,0.06832990,0.92735753,0
1507218588,22817656,0.06832000,0.32200000,0
1507218584,22817648,0.06783299,0.00000364,0
1507218583,22817646,0.06783299,1.83853000,0
1507218581,22817644,0.06783299,0.06539189,1
1507218581,22817643,0.06783299,0.13460811,1
1507218575,22817639,0.06783302,10.21572090,1
1507218565,22817619,0.06780003,1.02452309,1
1507218565,22817618,0.06780004,0.27325679,1
1507218565,22817617,0.06783199,0.20000000,1
1507218564,22817615,0.06785210,6.06644241,1
1507218564,22817614,0.06790858,2.06000000,1
1507218564,22817613,0.06790870,1.36465589,1
1507218564,22817612,0.06794000,0.32200000,1
1507218562,22817603,0.06828410,14.80867634,0
1507218550,22817566,0.06792005,1.50770147,1
1507218550,22817565,0.06792008,0.43890000,1
1507218547,22817561,0.06792004,1.27092366,1
1507218547,22817560,0.06792007,14.80867634,1
1507218536,22817530,0.06833000,0.32100000,0
1507218536,22817529,0.06832997,5.70127684,0
1507218529,22817525,0.06790869,5.70127684,1
1507218517,22817515,0.06835992,0.43850000,0
1507218517,22817514,0.06835989,14.80867634,0
1507218507,22817505,0.06785210,4.27145759,1
1507218504,22817503,0.06785211,1.62149547,1
1507218489,22817466,0.06785211,1.63964636,1
1507218484,22817446,0.06786000,0.32100000,1
1507218483,22817443,0.06785220,0.43850000,1
1507218483,22817442,0.06785220,1.79176724,1
1507218483,22817441,0.06785223,6.76819672,1
1507218473,22817412,0.06829996,0.68804649,0
1507218469,22817411,0.06829993,4.31824318,0
1507218463,22817400,0.06831000,0.31939345,0
1507218463,22817399,0.06829999,0.81748098,0
1507218458,22817396,0.06827129,3.60495912,0
1507218456,22817395,0.06827127,3.66163000,0
1507218451,22817389,0.06827125,0.59184929,0
1507218450,22817386,0.06827118,2.44995354,1
1507218449,22817385,0.06827117,0.43970000,0
1507218441,22817370,0.06787209,2.01689155,1
1507218438,22817365,0.06787216,14.80867634,1
1507218425,22817348,0.06826000,3.00000000,0
1507218411,22817313,0.06820741,14.80867634,0
1507218242,22817136,0.06822129,1.60776000,0
1507218217,22817109,0.06785216,2.31417550,1
1507218006,22816873,0.06785216,0.91512722,1
1507218004,22816871,0.06785217,0.43970000,1
1507217915,22816813,0.06800000,5.41441388,1
1507217905,22816806,0.06800000,2.29959700,1
1507217903,22816804,0.06800000,5.41441400,1
1507217822,22816741,0.06800000,11.65746435,1
1507217822,22816740,0.06800001,3.30488565,1
1507217811,22816728,0.06800004,8.36359334,1
1507217783,22816704,0.06800021,2.94774000,1
1507217751,22816671,0.06800000,0.21411077,1
1507217750,22816669,0.06800001,7.87799500,1
1507217744,22816663,0.06800007,3.49734300,1
1507217463,22816213,0.06833997,0.65153535,1
1507217462,22816211,0.06833997,2.34846465,0
1507217040,22815750,0.06796061,2.00000000,1
1507216927,22815716,0.06829814,0.29210342,0
1507216572,22815537,0.06829828,1.00775495,0
1507216551,22815530,0.06795175,0.34846465,1
1507216501,22815476,0.06829829,0.37428990,1
1507216501,22815474,0.06829829,3.62571010,0
1507216380,22815402,0.06832981,3.20243000,0
1507216320,22815354,0.06836977,0.32025400,0
1507216290,22815328,0.06829989,1.28992575,0
1507216277,22815323,0.06829436,3.82912617,0
1507215960,22815078,0.06829993,1.44675000,0
1507215863,22814927,0.06830994,0.33202905,0
1507215803,22814902,0.06792248,0.80000000,1
1507215660,22814799,0.06826452,1.00000000,0
1507215573,22814744,0.06823576,0.10000000,0
1507215572,22814743,0.06823577,0.10000000,0
1507215570,22814742,0.06823577,0.10000000,0
1507215568,22814741,0.06823578,0.10000000,0
1507215566,22814740,0.06823581,0.10000000,0
1507215564,22814739,0.06823581,0.10000000,0
1507215563,22814738,0.06823581,0.10000000,0
1507215561,22814737,0.06823581,0.10000000,0
1507215559,22814736,0.06823581,0.10000000,0
1507215557,22814735,0.06823581,0.10000000,0
1507215556,22814734,0.06823581,0.10000000,0
1507215554,22814733,0.06823582,0.10000000,0
1507215240,22814557,0.06817792,2.50000000,0
1507215160,22814479,0.06800000,1.44510000,0
1507215000,22814350,0.06819557,0.48171100,0
1507214989,22814344,0.06819580,11.70167170,0
1507214881,22814275,0.06819780,1.00000000,0
1507214829,22814243,0.06786062,0.35000000,0
1507214700,22814116,0.06823314,0.40000000,0
1507214640,22814091,0.06785732,0.06161408,0
1507214638,22814089,0.06800000,0.03081187,1
1507214537,22814014,0.06813918,0.20000000,0
1507214536,22814013,0.06813919,0.20000000,0
1507214533,22814012,0.06813921,0.20000000,0
1507214487,22813984,0.06803810,0.18000000,1
1507214430,22813921,0.06800001,5.20345700,1
1507214340,22813829,0.06823925,0.50000000,0
1507214282,22813811,0.06800012,10.37020100,1
1507214017,22813658,0.06800308,0.15276044,1
1507213833,22813567,0.06804840,0.01339345,0
1507213832,22813566,0.06814000,0.15300000,1
1507213830,22813564,0.06816000,0.16639345,1
1507213682,22813416,0.06843999,0.89772958,0
1507213680,22813415,0.06837000,0.10227042,0
1507213674,22813413,0.06807011,1.65084093,1
1507213646,22813396,0.06838000,1.39933603,0
1507213632,22813389,0.06839996,11.11937457,0
1507213631,22813388,0.06839995,0.67982700,0
1507213622,22813385,0.06839998,0.18774859,1
1507213620,22813384,0.06839998,0.81225141,0
1507213620,22813383,0.06839995,1.68675651,0
1507213615,22813382,0.06802003,0.68441000,1
1507213607,22813380,0.06801001,0.22002788,0
1507213604,22813377,0.06800000,0.52769220,1
1507213599,22813376,0.06800094,0.82146723,1
1507213599,22813375,0.06800094,1.35384090,1
1507213595,22813371,0.06800092,1.00234651,1
1507213595,22813370,0.06830000,0.00000365,1
1507213587,22813366,0.06849998,0.50590748,0
1507213587,22813365,0.06849996,0.89096632,0
1507213587,22813364,0.06837910,0.19227800,0
1507213586,22813363,0.06836700,0.39569400,0
1507213572,22813355,0.06849980,0.60107820,1
1507213571,22813354,0.06849980,0.43850000,0
1507213571,22813353,0.06849979,16.15832672,0
1507213518,22813297,0.06830000,1.82297000,1
1507212915,22812629,0.06824826,14.80867634,1
1507212914,22812628,0.06824826,340.18833972,1
1507212914,22812627,0.06824826,73.34900000,0
1507212914,22812626,0.06824827,1.79736050,1
1507212914,22812624,0.06824878,75.21400000,1
1507212913,22812623,0.06824881,9.45129978,1
1507212882,22812572,0.06824737,9.45129978,1
1507212882,22812570,0.06809159,411.62941764,0
1507212881,22812569,0.06812675,0.20000000,1
1507212881,22812567,0.06815300,1.71162462,1
1507212881,22812566,0.06815316,0.43850000,0
1507212880,22812565,0.06815319,9.49008118,0
1507212880,22812564,0.06815319,71.17300000,1
1507212880,22812563,0.06815322,5.35737656,1
1507212661,22812392,0.06820000,10.99181971,0
1507212645,22812383,0.06820000,3.00000000,1
1507212481,22812307,0.06835761,0.25000000,0
1507212122,22811986,0.06826720,0.59616700,1
1507212120,22811979,0.06817700,0.10383300,0
1507212062,22811938,0.06817700,0.20000000,0
1507212050,22811918,0.06801004,1.63440508,1
1507212002,22811865,0.06817700,0.19616700,0
1507211940,22811804,0.06831999,14.10360627,0
1507211938,22811802,0.06809500,0.50000000,0
1507211485,22811370,0.06786004,0.65283143,1
1507211483,22811363,0.06786003,1.88000000,0
1507211398,22811313,0.06804100,0.14660367,0
1507211242,22811179,0.06810993,2.22500000,0
1507211241,22811178,0.06810000,0.07500000,0
1507211229,22811160,0.06785267,0.34789000,1
1507211223,22811150,0.06812000,0.20086600,0
1507211221,22811147,0.06802583,0.11902600,0
1507210909,22810761,0.06802000,0.07500000,1
1507210801,22810626,0.06821487,0.31947400,0
1507210793,22810624,0.06797003,0.12020655,1
1507210741,22810575,0.06824700,0.25000000,0
1507210703,22810496,0.06816000,2.30000000,1
1507210682,22810482,0.06818500,0.32120800,0
1507210623,22810442,0.06799012,0.02042344,1
1507210623,22810441,0.06799016,0.43850000,1
1507210623,22810440,0.06799500,0.50000000,1
1507210623,22810439,0.06808900,0.50000000,1
1507210623,22810438,0.06808903,5.35737656,1
1507210612,22810427,0.06838997,6.79319847,1
1507210610,22810425,0.06824900,0.50000000,0
1507210610,22810424,0.06811400,0.50000000,0
1507210599,22810421,0.06804953,0.22243336,0
1507210546,22810372,0.06816800,0.09106880,0
1507210539,22810369,0.06816300,0.26471968,0
1507210453,22810306,0.06814500,0.50000000,0
1507210422,22810254,0.06804834,1.82621755,1
1507210329,22810120,0.06827149,0.15283143,1
1507210327,22810113,0.06821100,0.50000000,0
1507210211,22809984,0.06810710,4.41614000,1
1507209862,22809504,0.06823000,0.31900000,0
1507209213,22808605,0.06788307,0.20442946,1
1507209206,22808600,0.06805799,0.11725354,0
1507209202,22808593,0.06787800,0.50000000,1
1507209201,22808592,0.06788900,0.50000000,1
1507209201,22808591,0.06790000,0.31900000,1
1507209186,22808571,0.06792507,2.97472298,1
1507209034,22808473,0.06809465,7.70124071,1
1507209033,22808472,0.06808993,0.97975929,0
1507209033,22808471,0.06808000,0.31900000,0
1507209015,22808461,0.06808989,0.70000000,0
1507208997,22808455,0.06808996,23.52247806,0
1507208686,22808240,0.06788900,0.50000000,1
1507208549,22808130,0.06786100,0.50000000,1
1507208549,22808129,0.06791000,0.31900000,1
1507208549,22808128,0.06791600,0.50000000,1
1507208547,22808126,0.06806093,0.65545284,0
1507208344,22808018,0.06806451,0.11914662,0
1507208231,22807977,0.06806548,0.07327547,0
1507208103,22807888,0.06817687,0.59891057,1
1507208103,22807887,0.06806582,0.90108943,0
1507208102,22807886,0.06803800,0.50000000,0
1507208100,22807884,0.06799700,0.50000000,0
1507207710,22807546,0.06781200,0.09857870,1
1507207649,22807494,0.06797690,3.79185047,0
1507207398,22807175,0.06789792,5.00000000,1
1507207326,22807128,0.06802999,2.13965928,1
1507207325,22807127,0.06799500,0.44000000,1
1507207324,22807124,0.06799500,0.50000000,0
1507207319,22807121,0.06799200,0.18000000,0
1507207223,22807094,0.06788900,0.18750000,1
1507207175,22807073,0.06785939,28.27557667,1
1507206950,22806899,0.06782946,12.17851380,1
1507206949,22806896,0.06784300,0.50000000,1
1507206807,22806841,0.06782873,1.50000000,0
1507206807,22806840,0.06792700,0.50000000,0
1507206806,22806839,0.06799439,0.50000000,1
1507206804,22806838,0.06800000,0.50000000,1
1507206781,22806802,0.06800000,2.00000000,1
1507206781,22806801,0.06800000,4.48997009,1
1507206780,22806800,0.06800000,8.46857698,1
1507206780,22806799,0.06800000,1.72292900,1
1507206780,22806797,0.06800001,0.44000000,1
1507206776,22806791,0.06808757,0.27966000,1
1507206772,22806789,0.06817734,0.41179277,1
1507206695,22806715,0.06817900,0.41016670,0
1507206482,22806617,0.06824434,6.16404817,1
1507206482,22806616,0.06817499,0.09761183,0
1507206480,22806615,0.06815700,0.50000000,0
1507206473,22806614,0.06817497,0.17983545,0
1507206227,22806448,0.06814787,0.15986588,0
1507206129,22806402,0.06818591,0.17962229,0
1507205924,22806091,0.06815200,0.31730439,1
1507205924,22806089,0.06820675,0.16384752,1
1507205860,22805982,0.06820675,0.83615248,1
1507205827,22805941,0.06821619,0.10340041,1
1507205827,22805940,0.06827812,0.00000015,1
1507205663,22805712,0.06832000,0.11709000,1
1507205645,22805699,0.06832000,2.13291000,1
1507205645,22805698,0.06832001,0.43710000,1
1507205602,22805667,0.06827812,3.32629200,1
1507205547,22805603,0.06840100,0.25526297,0
1507205475,22805518,0.06831333,0.65976475,1
1507205435,22805468,0.06831328,0.80135831,1
1507205435,22805467,0.06831331,1.59075303,1
1507205435,22805466,0.06835000,1.32304866,1
1507205403,22805431,0.06845793,0.27194252,0
1507205378,22805420,0.06835000,2.00000000,1
1507205351,22805405,0.06835000,1.92883366,1
1507205350,22805401,0.06835000,0.14652000,1
1507205303,22805374,0.06835999,0.40389925,0
1507205296,22805369,0.06836000,0.22000000,0
1507205291,22805365,0.06836000,0.55611261,0
1507205284,22805355,0.06836022,1.18118949,1
1507205281,22805342,0.06836015,0.40389925,1
1507205241,22805308,0.06848116,2.50000000,1
1507205222,22805290,0.06853800,2.50000000,1
1507205222,22805289,0.06853800,0.50000000,0
1507205185,22805255,0.06848115,5.07214260,0
1507205078,22805128,0.06844200,0.10803000,0
1507205003,22804992,0.06860493,0.50000000,0
1507204916,22804933,0.06855800,0.50000000,1
1507204502,22804809,0.06892250,1.53251297,1
1507204502,22804808,0.06865000,0.31500000,0
1507204502,22804807,0.06861883,0.65248703,0
1507204500,22804805,0.06860600,0.50000000,0
1507204440,22804786,0.06860000,0.32375400,0
1507204170,22804655,0.06852200,2.37596900,0
1507203981,22804544,0.06852200,0.32400000,0
1507203950,22804525,0.06852199,0.50000000,0
1507203932,22804516,0.06852200,2.30003100,0
1507203916,22804504,0.06852199,3.27077300,0
1507203439,22804252,0.06860797,0.65976475,0
1507203302,22804192,0.06861883,0.30000000,0
1507203271,22804183,0.06841429,0.99962000,0
1507203271,22804182,0.06841429,0.27966000,1
1507203203,22804157,0.06841331,1.00000000,1
1507203054,22804003,0.06880696,0.80448235,0
1507203054,22804002,0.06861890,0.14540042,0
1507202870,22803831,0.06862244,1.01763198,0
1507202733,22803720,0.06862520,2.25000000,0
1507201919,22803134,0.06835000,0.50303704,1
1507201919,22803133,0.06848000,0.31500000,1
1507201829,22803103,0.06838003,0.75290183,1
1507201799,22803090,0.06835000,0.00727189,1
1507201798,22803089,0.06840000,2.30825664,1
1507201753,22803077,0.06850000,0.10000000,1
1507201237,22802691,0.06855500,0.95220733,1
1507201236,22802690,0.06855500,6.83693747,1
1507201236,22802689,0.06859065,0.94964753,1
1507200874,22802481,0.06896258,0.51680803,0
1507200601,22802371,0.06897054,1.00000000,0
1507200583,22802352,0.06897077,0.95128000,0
1507200574,22802345,0.06855537,0.04964753,1
1507200574,22802344,0.06855537,0.90000000,0
1507200572,22802340,0.06859065,0.05035247,1
1507200421,22802269,0.06897411,5.00000000,0
1507200229,22802154,0.06897750,0.09500000,0
1507200102,22802110,0.06859065,0.09534888,1
1507200102,22802109,0.06868619,0.09821159,1
1507200100,22802107,0.06870000,2.80643953,1
1507200061,22802095,0.06898109,1.20000000,0
1507200022,22802060,0.06898187,14.50000000,0
1507199756,22801940,0.06870000,0.59176200,1
1507199756,22801939,0.06870033,0.14540000,1
1507199502,22801742,0.06870003,0.00000042,0
1507199298,22801607,0.06870003,2.25627300,0
1507199284,22801599,0.06870003,3.63102025,0
1507199239,22801576,0.06870003,0.35562800,0
1507199235,22801567,0.06870000,0.27989714,1
1507199169,22801525,0.06870003,3.60742400,0
1507199169,22801524,0.06870002,0.43150000,0
1507199002,22801466,0.06870000,1.32190133,1
1507199002,22801465,0.06870003,6.04265867,1
1507198922,22801403,0.06870003,0.30400000,1
1507198816,22801309,0.06870006,2.64558300,1
1507198803,22801292,0.06907041,0.29183115,0
1507198803,22801291,0.06871999,0.14821603,0
1507198801,22801288,0.06871000,0.09573582,0
1507198762,22801246,0.06870008,4.50000000,1
1507198621,22801126,0.06882000,0.21926418,0
1507198420,22800835,0.06868424,1.47533000,1
1507198268,22800515,0.06865206,1.09322166,1
1507198023,22800391,0.06891000,0.21858659,1
1507198022,22800388,0.06891000,0.09641341,1
1507198021,22800387,0.06893001,0.87963708,1
1507198019,22800386,0.06893001,0.10000000,1
1507198011,22800384,0.06907090,1.64359805,0
1507198011,22800383,0.06907000,3.00000000,0
1507198010,22800382,0.06895580,0.24121000,0
1507198010,22800381,0.06855500,1.23661685,1
1507198010,22800380,0.06855500,0.37423835,1
1507198010,22800379,0.06864911,8.61287121,1
1507198010,22800378,0.06864912,4.54718106,1
1507198010,22800377,0.06864912,0.70691293,1
1507198009,22800376,0.06864912,0.70691293,1
1507198009,22800375,0.06864912,3.54203129,1
1507198009,22800374,0.06864912,0.70691293,1
1507198009,22800373,0.06864912,3.54203129,1
1507198009,22800372,0.06864912,0.70691293,1
1507198009,22800370,0.06891406,2.87000000,1
1507198009,22800369,0.06891909,0.20000000,1
1507198009,22800368,0.06893000,3.00000000,1
1507198009,22800367,0.06893000,3.00000000,1
1507198008,22800366,0.06899861,11.06845980,0
1507198008,22800365,0.06905420,0.07240690,1
1507198008,22800364,0.06907000,3.00000000,1
1507198008,22800363,0.06909000,3.00000000,1
1507198007,22800362,0.06918915,0.70285164,1
1507198007,22800361,0.06918915,0.70285164,1
1507198007,22800360,0.06920000,3.00000000,1
1507198007,22800359,0.06920001,0.43150000,1
1507198007,22800358,0.06920700,0.50000000,1
1507198007,22800357,0.06920700,0.50000000,1
1507198007,22800356,0.06922800,0.50000000,1
1507198007,22800354,0.06923800,0.50000000,1
1507198007,22800353,0.06924000,0.50000000,1
1507198007,22800352,0.06924000,0.50000000,1
1507198007,22800350,0.06924000,0.50000000,1
1507198006,22800349,0.06924100,0.50000000,1
1507198006,22800348,0.06924100,0.50000000,1
1507198006,22800346,0.06924100,0.50000000,1
1507198006,22800345,0.06924300,0.50000000,1
1507198006,22800344,0.06924300,0.50000000,1
1507198006,22800342,0.06926600,0.50000000,1
1507198006,22800341,0.06931412,3.50804902,1
1507198006,22800338,0.06931412,3.50804902,1
1507198005,22800329,0.06958000,0.51621000,1
1507198005,22800327,0.06958000,0.07168051,1
1507198005,22800325,0.06958000,60.85864676,1
1507198005,22800323,0.06958000,5.00000000,1
1507198005,22800321,0.06958000,5.00000000,1
1507198005,22800319,0.06958000,0.10000000,1
1507198004,22800317,0.06958000,0.24000000,1
1507198004,22800315,0.06958000,0.24000000,1
1507198004,22800313,0.06958000,0.15975998,1
1507198004,22800312,0.06958000,0.24000000,1
1507198004,22800311,0.06958000,0.23999999,1
1507198004,22800310,0.06958000,0.24000000,1
1507198004,22800309,0.06958000,0.09506935,1
1507198004,22800308,0.06958000,0.24016800,1
1507198004,22800307,0.06958000,0.30956000,1
1507198003,22800303,0.06952300,0.09789275,0
1507198003,22800301,0.06952299,0.86001325,1
1507198003,22800300,0.06952299,0.78813911,0
1507198003,22800299,0.06952299,0.78813911,0
1507198003,22800298,0.06952299,0.93633911,0
1507198002,22800297,0.06946600,0.50000000,0
1507198002,22800296,0.06944300,0.50000000,0
1507198002,22800295,0.06944300,0.50000000,0
1507198002,22800294,0.06944100,0.50000000,0
1507198002,22800293,0.06944100,0.50000000,0
1507198002,22800292,0.06944100,0.50000000,0
1507198002,22800291,0.06943800,0.50000000,0
1507198002,22800290,0.06942800,0.50000000,0
1507198002,22800289,0.06938703,0.12786376,0
1507198002,22800288,0.06920000,0.10000000,1
1507198002,22800287,0.06920000,0.09994000,1
1507198001,22800286,0.06920000,0.10000000,1
1507198001,22800285,0.06920000,0.09905000,1
1507198001,22800284,0.06920000,0.10000000,1
1507198001,22800283,0.06920000,0.10000000,1
1507198001,22800282,0.06920000,0.10000000,1
1507198001,22800281,0.06920000,0.10000000,1
1507198001,22800279,0.06920000,0.10000000,1
1507198001,22800278,0.06920000,0.10000000,1
1507198001,22800277,0.06920000,0.10000000,1
1507198001,22800276,0.06920000,0.09994000,1
1507198000,22800275,0.06920000,0.10000000,1
1507198000,22800274,0.06920000,0.10000000,1
1507198000,22800273,0.06920000,0.10000000,1
1507198000,22800272,0.06920000,0.10000000,1
1507198000,22800271,0.06920000,0.10000000,1
1507198000,22800270,0.06920000,0.10000000,1
1507198000,22800269,0.06920000,0.10000000,1
1507198000,22800268,0.06920000,0.10000000,1
1507198000,22800267,0.06920000,0.10000000,1
1507198000,22800266,0.06920000,0.10000000,1
1507198000,22800265,0.06920000,0.10000000,1
1507198000,22800263,0.06920000,0.10000000,1
1507197999,22800262,0.06920000,0.10000000,1
1507197999,22800261,0.06920000,0.09740328,1
1507197999,22800260,0.06920000,0.10000000,1
1507197999,22800259,0.06920000,0.10000000,1
1507197999,22800258,0.06920000,0.10000000,1
1507197999,22800257,0.06920000,0.10000000,1
1507197999,22800256,0.06920000,0.10000000,1
1507197999,22800255,0.06920000,0.10000000,1
1507197999,22800254,0.06920000,0.10000000,1
1507197999,22800253,0.06920000,0.10000000,1
1507197999,22800252,0.06920000,0.10000000,1
1507197998,22800251,0.06920000,0.10000000,1
1507197998,22800250,0.06920000,0.10000000,1
1507197998,22800249,0.06920000,0.10000000,1
1507197998,22800248,0.06920000,0.10000000,1
1507197998,22800247,0.06920000,0.10000000,1
1507197998,22800246,0.06920000,0.10000000,1
1507197998,22800245,0.06920000,0.10000000,1
1507197998,22800244,0.06920000,0.10000000,1
1507197998,22800243,0.06920000,0.10000000,1
1507197998,22800242,0.06920000,0.10000000,1
1507197998,22800241,0.06920000,0.10000000,1
1507197997,22800240,0.06920000,0.10000000,1
1507197997,22800239,0.06920000,0.10000000,1
1507197997,22800238,0.06920000,0.10000000,1
1507197997,22800237,0.06920000,0.10000000,1
1507197997,22800236,0.06920000,0.10000000,1
1507197997,22800235,0.06920000,0.10000000,1
1507197997,22800234,0.06920000,0.10000000,1
1507197997,22800233,0.06920000,0.10000000,1
1507197997,22800232,0.06920000,0.10000000,1
1507197997,22800231,0.06920000,0.10000000,1
1507197997,22800230,0.06920000,0.10000000,1
1507197997,22800229,0.06920000,0.10000000,1
1507197997,22800228,0.06920000,0.10000000,1
1507197996,22800227,0.06920000,0.10000000,1
1507197996,22800226,0.06920000,0.10000000,1
1507197996,22800225,0.06920000,0.10000000,1
1507197996,22800224,0.06920000,0.10000000,1
1507197996,22800223,0.06920000,0.10000000,1
1507197996,22800222,0.06920000,0.09999999,1
1507197996,22800220,0.06920000,0.10000000,1
1507197996,22800219,0.06920000,0.10000000,1
1507197996,22800218,0.06920000,0.10000000,0
1507197996,22800217,0.06918000,0.24000000,1
1507197996,22800216,0.06918000,0.38444102,1
1507197995,22800214,0.06917808,0.10000000,1
1507197995,22800213,0.06914940,0.21746693,1
1507197995,22800212,0.06913599,0.24000000,1
1507197995,22800211,0.06913080,0.10000000,1
1507197995,22800209,0.06913080,0.10000000,1
1507197995,22800208,0.06913080,0.10000000,1
1507197995,22800207,0.06913080,0.10000000,1
1507197995,22800206,0.06913080,0.10000000,1
1507197995,22800205,0.06913080,0.10000000,1
1507197995,22800204,0.06913080,0.10000000,1
1507197995,22800203,0.06913080,0.10000000,1
1507197994,22800202,0.06913080,0.10000000,1
1507197994,22800201,0.06913080,0.10000000,1
1507197994,22800200,0.06913080,0.10000000,1
1507197994,22800199,0.06913080,0.10000000,1
1507197994,22800198,0.06913080,0.10000000,1
1507197994,22800197,0.06913080,0.10000000,1
1507197994,22800196,0.06907590,0.24016800,1
1507197994,22800195,0.06906167,0.10000000,1
1507197994,22800194,0.06906167,0.10000000,1
1507197994,22800193,0.06906167,0.10000000,1
1507197994,22800192,0.06906167,0.10000000,1
1507197994,22800191,0.06906167,0.10000000,1
1507197993,22800190,0.06906167,0.10000000,1
1507197993,22800189,0.06906167,0.10000000,1
1507197993,22800188,0.06906167,0.10000000,1
1507197993,22800187,0.06906167,0.10000000,1
1507197993,22800186,0.06906167,0.10000000,1
1507197993,22800185,0.06906167,0.10000000,1
1507197993,22800184,0.06906167,0.10000000,1
1507197993,22800182,0.06906167,0.10000000,1
1507197993,22800181,0.06906167,0.10000000,1
1507197993,22800180,0.06906167,0.10000000,1
1507197993,22800179,0.06906167,0.10000000,1
1507197992,22800178,0.06906167,0.10000000,1
1507197992,22800177,0.06906167,0.10000000,1
1507197992,22800176,0.06906167,0.10000000,1
1507197992,22800175,0.06906167,0.10000000,1
1507197992,22800174,0.06906167,0.10000000,1
1507197992,22800173,0.06906167,0.10000000,1
1507197992,22800172,0.06906167,0.10000000,1
1507197992,22800171,0.06906167,0.10000000,1
1507197992,22800170,0.06906167,0.10000000,1
1507197992,22800169,0.06899261,0.10000000,1
1507197992,22800168,0.06899261,0.10000000,1
1507197992,22800167,0.06899261,0.10000000,1
1507197991,22800166,0.06899261,0.10000000,1
1507197991,22800165,0.06899261,0.10000000,1
1507197991,22800164,0.06899261,0.10000000,1
1507197991,22800163,0.06899261,0.10000000,1
1507197991,22800162,0.06899261,0.10000000,1
1507197991,22800161,0.06899261,0.10000000,1
1507197991,22800160,0.06899261,0.10000000,1
1507197991,22800159,0.06899261,0.10000000,1
1507197991,22800158,0.06899261,0.10000000,1
1507197991,22800157,0.06894288,0.10000000,1
1507197991,22800156,0.06894288,0.10000000,1
1507197990,22800155,0.06894288,0.10000000,1
1507197990,22800154,0.06894288,0.10000000,1
1507197990,22800153,0.06894288,0.10000000,1
1507197990,22800152,0.06894288,0.10000000,1
1507197990,22800151,0.06894288,0.10000000,1
1507197990,22800150,0.06894288,0.10000000,1
1507197990,22800149,0.06894288,0.10000000,1
1507197990,22800148,0.06894288,0.10000000,1
1507197990,22800147,0.06894288,0.10000000,1
1507197990,22800145,0.06894288,0.10000000,1
1507197990,22800144,0.06892362,0.10000000,1
1507197989,22800143,0.06891406,0.30956000,1
1507197989,22800142,0.06891406,0.30956000,1
1507197989,22800141,0.06891406,0.30956000,1
1507197989,22800140,0.06891406,0.30956000,1
1507197989,22800138,0.06891406,0.30956000,1
1507197989,22800137,0.06891406,0.30956000,1
1507197989,22800136,0.06891406,0.30956000,1
1507197989,22800135,0.06891406,0.30956000,1
1507197989,22800133,0.06891406,0.30956000,1
1507197989,22800132,0.06891406,0.30956000,1
1507197989,22800131,0.06891406,0.30956000,1
1507197989,22800130,0.06891406,0.30956000,1
1507197989,22800129,0.06891406,0.30956000,1
1507197988,22800128,0.06891406,0.30956000,1
1507197988,22800127,0.06891406,0.30956000,1
1507197988,22800126,0.06891406,0.38444000,1
1507197988,22800125,0.06891406,0.45400000,1
1507197988,22800124,0.06891406,0.45400000,1
1507197988,22800123,0.06891406,0.45400000,1
1507197988,22800122,0.06891406,0.45400000,1
1507197988,22800121,0.06891406,0.45400000,1
1507197988,22800120,0.06891406,0.38444000,1
1507197988,22800119,0.06891406,0.38444000,1
1507197988,22800118,0.06891406,0.38444000,1
1507197988,22800117,0.06891406,0.45400000,1
1507197987,22800116,0.06891406,0.38444000,1
1507197987,22800115,0.06891406,0.45400000,1
1507197987,22800114,0.06891406,0.38444000,1
1507197987,22800113,0.06891406,0.45400000,1
1507197987,22800112,0.06891406,0.45400000,1
1507197987,22800111,0.06891406,0.45400000,1
1507197987,22800110,0.06891406,0.45400000,1
1507197987,22800109,0.06891406,0.38444000,1
1507197987,22800108,0.06891406,0.45400000,1
1507197987,22800107,0.06891406,0.45400000,1
1507197987,22800106,0.06891406,0.45400000,1
1507197987,22800105,0.06891406,0.38444000,1
1507197986,22800104,0.06891406,0.45400000,1
1507197986,22800103,0.06891406,0.45400000,1
1507197986,22800102,0.06891406,0.45400000,1
1507197986,22800101,0.06891406,0.45400000,1
1507197986,22800100,0.06891406,0.45400000,1
1507197986,22800099,0.06891406,0.38444000,1
1507197986,22800098,0.06891406,0.38444000,1
1507197986,22800097,0.06891406,0.44039000,1
1507197986,22800096,0.06891406,0.45400000,1
1507197986,22800095,0.06891406,0.45400000,1
1507197986,22800094,0.06891406,0.45400000,1
1507197986,22800093,0.06891406,0.38444000,1
1507197985,22800092,0.06891406,0.38444000,0
1507197985,22800091,0.06891406,0.38444000,0
1507197985,22800090,0.06891406,0.40459000,0
1507197985,22800089,0.06891406,0.38444000,0
1507197985,22800088,0.06891406,0.38444000,0
1507197985,22800087,0.06891406,0.38444000,0
1507197985,22800085,0.06891406,0.38444000,0
1507197985,22800084,0.06891406,0.38444000,0
1507197985,22800083,0.06891406,0.38444000,0
1507197985,22800082,0.06891406,0.38444000,0
1507197985,22800081,0.06891406,0.38444000,0
1507197985,22800080,0.06891406,0.38444000,0
1507197984,22800079,0.06887394,0.10000000,1
1507197984,22800078,0.06887394,0.10000000,1
1507197984,22800077,0.06887394,0.10000000,1
1507197984,22800076,0.06887394,0.10000000,1
1507197984,22800075,0.06887394,0.10000000,1
1507197984,22800074,0.06887394,0.10000000,1
1507197984,22800073,0.06887394,0.10000000,1
1507197984,22800072,0.06887394,0.10000000,1
1507197984,22800071,0.06887394,0.10000000,1
1507197984,22800070,0.06887394,0.10000000,1
1507197984,22800069,0.06887394,0.10000000,1
1507197983,22800068,0.06887394,0.10000000,1
1507197983,22800067,0.06887394,0.10000000,1
1507197983,22800066,0.06887394,0.10000000,1
1507197983,22800065,0.06887394,0.10000000,1
1507197983,22800064,0.06887394,0.10000000,1
1507197983,22800063,0.06887394,0.10000000,1
1507197983,22800062,0.06887394,0.10000000,1
1507197983,22800061,0.06887394,0.10000000,1
1507197983,22800060,0.06887394,0.10000000,1
1507197983,22800059,0.06887394,0.10000000,1
1507197983,22800058,0.06887394,0.10000000,1
1507197983,22800057,0.06887394,0.10000000,1
1507197982,22800056,0.06887394,0.10000000,1
1507197982,22800055,0.06887394,0.10000000,1
1507197982,22800054,0.06887394,0.10000000,1
1507197982,22800053,0.06887394,0.10000000,1
1507197982,22800052,0.06887394,0.10000000,1
1507197982,22800051,0.06880507,0.10000000,1
1507197982,22800050,0.06880507,0.10000000,1
1507197982,22800049,0.06880507,0.10000000,1
1507197982,22800048,0.06880507,0.10000000,1
1507197982,22800047,0.06880507,0.10000000,1
1507197982,22800046,0.06880507,0.10000000,1
1507197982,22800045,0.06880507,0.10000000,1
1507197981,22800044,0.06880507,0.10000000,1
1507197981,22800043,0.06880507,0.10000000,1
1507197981,22800042,0.06880507,0.10000000,1
1507197981,22800041,0.06880507,0.10000000,1
1507197981,22800040,0.06868672,0.10000000,1
1507197981,22800039,0.06868672,0.10000000,1
1507197981,22800038,0.06868672,0.10000000,1
1507197981,22800037,0.06868672,0.10000000,1
1507197981,22800036,0.06868672,0.06615986,1
1507197981,22800035,0.06868672,0.03384014,1
1507197981,22800034,0.06868672,0.03933392,1
1507197980,22800032,0.06868672,0.06066608,1
1507197980,22800030,0.06868672,0.10000000,1
1507197980,22800029,0.06864911,0.33933392,1
1507197977,22800026,0.06864911,0.10000000,1
1507197977,22800025,0.06864911,0.10000000,1
1507197977,22800024,0.06864911,0.10000000,1
1507197977,22800023,0.06864911,0.10000000,1
1507197977,22800022,0.06864911,0.10000000,1
1507197977,22800021,0.06864911,0.10000000,1
1507197977,22800020,0.06864911,0.10000000,1
1507197976,22800019,0.06864911,0.10000000,1
1507197976,22800018,0.06864911,0.08512141,1
1507197976,22800017,0.06864911,0.01487859,1
1507197976,22800016,0.06864911,0.10000000,1
1507197976,22800015,0.06864911,0.10000000,1
1507197976,22800014,0.06864911,0.10000000,1
1507197976,22800012,0.06864911,0.10000000,1
1507197976,22800011,0.06864911,0.10000000,1
1507197976,22800010,0.06864911,0.10000000,1
1507197976,22800009,0.06864911,0.10000000,1
1507197976,22800008,0.06864911,0.10000000,1
1507197975,22800007,0.06864911,0.10000000,1
1507197975,22800006,0.06864911,0.10000000,1
1507197975,22800005,0.06864911,0.10000000,1
1507197975,22800004,0.06864911,0.10000000,1
1507197975,22800003,0.06864911,0.10000000,1
1507197975,22800002,0.06864911,0.10000000,1
1507197975,22800001,0.06864911,0.10000000,1
1507197975,22800000,0.06864911,0.10000000,1
1507197975,22799999,0.06864911,0.10000000,1
1507197975,22799998,0.06864911,0.10000000,1
1507197974,22799997,0.06864911,0.10000000,1
1507197974,22799996,0.06864911,0.10000000,1
1507197974,22799995,0.06864911,0.10000000,1
1507197974,22799994,0.06864911,0.09151741,1
1507197974,22799993,0.06864911,0.00848259,1
1507197974,22799992,0.06864911,0.10000000,1
1507197974,22799991,0.06864911,0.10000000,1
1507197974,22799990,0.06864911,0.10000000,1
1507197974,22799989,0.06864911,0.20000000,1
1507197974,22799988,0.06864911,0.20000000,1
1507197974,22799987,0.06864911,0.10000000,1
1507197973,22799986,0.06864911,0.10000000,1
1507197973,22799985,0.06864911,0.10000000,1
1507197973,22799983,0.06864911,0.10000000,1
1507197973,22799982,0.06864911,0.10000000,1
1507197973,22799981,0.06864911,0.10000000,1
1507197973,22799980,0.06864911,0.10000000,1
1507197973,22799979,0.06864911,0.10000000,1
1507197973,22799978,0.06864911,0.10000000,1
1507197973,22799977,0.06864911,0.10000000,1
1507197973,22799976,0.06864911,0.10000000,1
1507197973,22799975,0.06864911,0.09044141,1
1507197973,22799974,0.06864911,0.00955859,1
1507197972,22799973,0.06864911,0.10000000,1
1507197972,22799972,0.06864911,0.10000000,1
1507197972,22799971,0.06864911,0.10000000,1
1507197972,22799970,0.06864911,0.10000000,1
1507197972,22799969,0.06864911,0.10000000,1
1507197972,22799968,0.06864911,0.10000000,1
1507197972,22799967,0.06864911,0.10000000,1
1507197972,22799966,0.06864911,0.09044141,1
1507197972,22799965,0.06891406,0.00955859,1
1507197972,22799964,0.06891406,0.06000000,1
1507197972,22799963,0.06918000,0.04000000,1
1507197971,22799961,0.06918000,0.10000000,1
1507197971,22799960,0.06920000,0.10000000,1
1507194785,22795659,0.06949300,0.10000000,0
1507194783,22795658,0.06949300,0.10000000,0
1507194782,22795655,0.06949300,0.10000000,0
1507194343,22795145,0.06946553,0.50000000,1
1507194341,22795107,0.06946553,16.16052515,1
1507194341,22795105,0.06949700,0.04109485,1
1507194340,22795103,0.06949700,0.45890515,1
1507194118,22794828,0.06950700,0.38376554,0
1507194117,22794827,0.06946601,0.40732426,0
1507194117,22794826,0.06946566,0.43070000,0
1507193880,22794706,0.06946600,0.29560116,0
1507193878,22794705,0.06945300,0.17699147,1
1507193738,22794652,0.06946104,0.30877561,1
1507193602,22794592,0.06945885,0.17737420,1
1507193602,22794591,0.06948200,0.50000000,1
1507193584,22794585,0.06950700,0.11623445,1
1507193575,22794568,0.06951500,0.49999999,1
1507193559,22794557,0.06952200,0.42393548,1
1507193518,22794508,0.06952700,0.24111592,1
1507193444,22794457,0.06952800,0.15858684,1
1507193310,22794383,0.06951402,0.43070000,1
1507193306,22794381,0.06960000,0.90876599,1
1507193305,22794380,0.06960000,1.18248200,1
1507193272,22794355,0.06965000,0.36105741,0
1507193247,22794334,0.06955000,0.15875201,1
1507192817,22794086,0.06947400,0.20000000,1
1507192254,22793945,0.06959320,3.00641379,1
1507192253,22793944,0.06959320,1.00000100,1
1507192252,22793943,0.06959320,0.42634600,1
1507192242,22793940,0.06953235,0.07384371,1
1507192235,22793938,0.06954978,1.40562700,1
1507192229,22793936,0.06954000,0.31200000,0
1507192088,22793803,0.06953235,0.14567534,1
1507191890,22793741,0.06953235,0.38977195,1
1507191833,22793717,0.06953235,1.23570900,1
1507191542,22793638,0.06953997,0.34636800,1
1507191503,22793622,0.06956600,0.26324193,0
1507191503,22793621,0.06950800,0.50000000,0
1507191492,22793591,0.06952900,0.50000000,0
1507191492,22793590,0.06946500,0.50000000,0
1507191480,22793582,0.06937433,3.84382197,0
1507191292,22793497,0.06937903,0.17645618,1
1507191247,22793465,0.06954900,4.02354296,0
1507191246,22793462,0.06946800,0.50000000,0
1507191245,22793461,0.06945500,0.50000000,0
1507190951,22793327,0.06935300,0.11256400,0
1507190902,22793309,0.06955000,24.92623896,1
1507190901,22793308,0.06952431,0.45526843,0
1507190901,22793307,0.06951800,0.50000000,0
1507190899,22793306,0.06946900,0.50000000,0
1507190723,22793252,0.06944096,2.69997218,0
1507190723,22793251,0.06940200,0.50000000,0
1507190439,22793182,0.06934307,2.13733600,1
1507190439,22793181,0.06941000,0.50000000,1
1507190384,22793150,0.06940500,0.50000000,1
1507190372,22793145,0.06946000,0.50000000,1
1507190293,22793131,0.06950000,2.25000000,1
1507189887,22793016,0.06952000,1.15302352,1
1507189563,22792911,0.06952072,7.11972551,0
1507189563,22792910,0.06952071,0.10000000,0
1507189563,22792909,0.06952071,3.63005366,0
1507189562,22792908,0.06952068,4.15022083,0
1507189453,22792864,0.06942000,0.15913000,1
1507189448,22792856,0.06942000,0.20799646,1
1507189400,22792843,0.06942000,0.20000000,1
1507189354,22792827,0.06942200,0.15880398,1
1507189348,22792825,0.06942000,0.10000000,1
1507189347,22792820,0.06942000,0.13027455,1
1507189331,22792809,0.06942000,0.29957547,1
1507189244,22792742,0.06924970,1.99280439,1
1507189243,22792741,0.06939900,0.50000000,0
1507189241,22792738,0.06941900,0.50000000,1
1507189168,22792708,0.06939400,0.20000000,1
1507189129,22792686,0.06935206,2.01854900,1
1507189067,22792647,0.06935600,0.15918000,1
1507189030,22792626,0.06936400,0.20000000,1
1507188975,22792606,0.06940200,0.20000000,1
1507188840,22792584,0.06934600,0.38369945,1
1507188836,22792581,0.06936300,0.20000000,1
1507188815,22792575,0.06936600,0.20000000,1
1507188714,22792544,0.06938000,0.31200000,1
1507188714,22792543,0.06938001,0.16862769,1
1507188605,22792485,0.06944000,2.12163000,1
1507188605,22792484,0.06944000,0.12837000,1
1507188346,22792396,0.06932000,0.50000000,1
1507188346,22792395,0.06933400,0.50000000,1
1507188339,22792393,0.06937301,0.30557005,1
1507188276,22792369,0.06954598,27.77557667,0
1507188275,22792368,0.06954000,0.50000000,0
1507188054,22792257,0.06936670,0.64046900,1
1507188045,22792252,0.06936900,0.50000000,1
1507188011,22792240,0.06945000,2.25000000,1
1507187549,22792121,0.06938101,0.11318665,1
1507187521,22792113,0.06951999,0.20000000,0
1507187485,22792088,0.06936836,0.23096100,1
1507187478,22792086,0.06938900,0.00642995,1
1507187467,22792082,0.06938903,0.77546954,1
1507187269,22792017,0.06938906,1.63860400,1
1507187263,22792015,0.06938905,0.30000000,1
1507187212,22792006,0.06943815,3.25216287,1
1507187200,22792005,0.06946000,2.25000000,1
1507187103,22791941,0.06956099,4.50000000,0
1507187101,22791940,0.06953600,0.50000000,0
1507187087,22791937,0.06951201,0.08008978,1
1507187087,22791936,0.06951201,0.10791022,1
1507187087,22791935,0.06952000,0.31200000,1
1507187083,22791931,0.06991012,2.35827674,1
1507187083,22791930,0.06991011,1.10000000,0
1507187082,22791929,0.06991001,7.99781237,0
1507187082,22791928,0.06991001,1.80000000,1
1507187082,22791927,0.06990000,0.10000000,0
1507187081,22791925,0.06977820,3.70000000,0
1507187081,22791924,0.06977820,4.31238200,1
1507187081,22791923,0.06977819,4.18464101,1
1507187080,22791921,0.06977818,0.82867704,1
1507187080,22791920,0.06977817,9.96607729,1
1507187079,22791919,0.06966997,13.53176271,0
1507187079,22791917,0.06961192,0.00355654,0
1507187078,22791916,0.06960000,0.50000000,0
1507187077,22791915,0.06959321,0.20000000,0
1507187077,22791914,0.06959321,0.50000000,1
1507187077,22791913,0.06959000,0.14000000,0
1507187076,22791912,0.06951980,48.13600000,1
1507187076,22791911,0.06951200,0.50000000,0
1507187075,22791910,0.06948300,0.50000000,0
1507187070,22791904,0.06938900,0.20000000,1
1507187006,22791865,0.06938900,0.20000000,1
1507186988,22791851,0.06958909,0.38012000,0
1507186988,22791850,0.06949385,0.20000000,0
1507186988,22791849,0.06949200,0.50000000,0
1507186988,22791848,0.06939400,0.50000000,0
1507186980,22791829,0.06945900,0.49189886,0
1507186977,22791817,0.06938900,0.48972963,0
1507186742,22791584,0.06939000,0.22678400,0
1507186665,22791517,0.06930357,0.22457694,1
1507186660,22791514,0.06932900,0.50000000,1
1507186654,22791512,0.06940000,0.12972059,1
1507186650,22791510,0.06940600,0.22545000,1
1507186644,22791509,0.06940600,0.14482941,1
1507186640,22791507,0.06940600,0.12972059,1
1507186636,22791505,0.06940000,0.14482941,1
1507186630,22791501,0.06940000,0.50000000,1
1507186624,22791499,0.06940000,0.50000000,1
1507186619,22791498,0.06940000,0.50000000,1
1507186614,22791490,0.06940000,0.20000000,1
1507186344,22791351,0.06935000,0.20000000,1
1507186211,22791243,0.06935000,0.07545000,1
1507186050,22791061,0.06929730,0.97891879,1
1507185574,22790817,0.06915101,0.13886744,1
1507185574,22790816,0.06922900,0.50000000,1
1507185154,22790641,0.06932901,0.20000000,1
1507185141,22790625,0.06930600,0.15921000,1
1507185119,22790618,0.06929799,0.15920000,1
1507185110,22790615,0.06929799,0.15920000,1
1507185105,22790614,0.06929799,0.15920000,1
1507185099,22790612,0.06929799,0.43100000,1
1507185088,22790605,0.06929800,0.15921000,1
1507185079,22790600,0.06929797,0.15921000,1
1507185072,22790589,0.06929793,0.15921000,1
1507185064,22790583,0.06929793,0.15921000,1
1507185059,22790577,0.06929791,0.15921000,1
1507185054,22790574,0.06929789,0.57179000,1
1507185052,22790572,0.06929788,0.15921000,1
1507185044,22790561,0.06929783,0.19643000,1
1507185035,22790559,0.06929779,0.15921000,1
1507185031,22790557,0.06943999,0.72500000,0
1507185031,22790556,0.06931768,0.32500000,0
1507185031,22790555,0.06929773,0.15920000,0
1507185022,22790550,0.06929773,0.15920000,1
1507185014,22790546,0.06929770,0.15920000,1
1507185008,22790540,0.06929768,0.15920000,1
1507184995,22790536,0.06932000,0.02249000,1
1507184987,22790532,0.06932000,0.15917000,1
1507184982,22790530,0.06932000,0.15917000,1
1507184974,22790527,0.06932000,0.15917000,1
1507184949,22790519,0.06940000,0.09851300,1
1507184940,22790506,0.06940000,0.20000000,1
1507184932,22790503,0.06940000,0.15908000,1
1507184917,22790496,0.06940000,0.25000000,1
1507184914,22790495,0.06940000,0.15908000,1
1507184904,22790489,0.06940000,1.02424700,1
1507184892,22790482,0.06940000,0.15908000,1
1507184884,22790475,0.06940000,0.20000000,1
1507183931,22790034,0.06933102,0.74152479,1
1507183929,22790030,0.06929020,0.76583682,1
1507183929,22790029,0.06944400,0.50000000,1
1507183920,22790014,0.06945500,0.15895000,1
1507183913,22790010,0.06936658,0.43100000,1
1507183913,22790009,0.06946400,0.50000000,1
1507183913,22790008,0.06949000,0.01314862,1
1507183814,22789883,0.06949000,1.11889738,1
1507183812,22789881,0.06949000,1.11795400,1
1507183681,22789810,0.06959993,1.00000000,0
1507183594,22789748,0.06945934,1.20256085,0
1507183533,22789723,0.06933978,9.53067051,1
1507183442,22789679,0.06945100,0.70000000,1
1507183441,22789677,0.06945100,0.50000000,0
1507183046,22789442,0.06934100,0.50000000,1
1507182652,22789228,0.06938000,2.25000000,1
1507182404,22789139,0.06932600,0.27400000,0
1507182398,22789138,0.06932600,0.22500000,0
1507182392,22789135,0.06932400,0.07400000,0
1507182390,22789134,0.06932397,0.22400000,0
1507182219,22789076,0.06932994,0.30915900,0
1507182121,22789026,0.06932997,0.50000000,0
1507181844,22788914,0.06931197,0.79484649,0
1507181823,22788909,0.06953977,1.50001000,0
1507181821,22788908,0.06923900,0.50000000,0
1507181743,22788871,0.06920019,14.80867600,1
1507181675,22788824,0.06919600,0.31578267,1
1507181663,22788823,0.06951995,0.07837721,0
1507181663,22788821,0.06944716,0.14035891,0
1507181661,22788820,0.06935800,0.50000000,0
1507181659,22788819,0.06930180,0.81643555,1
1507181627,22788807,0.06930180,3.00731903,1
1507181627,22788806,0.06937000,1.25000000,1
1507181626,22788805,0.06937000,0.50000000,1
1507181618,22788802,0.06935900,0.50000000,0
1507181024,22788471,0.06946000,0.13107107,1
1507180982,22788432,0.06952618,2.00000000,0
1507180884,22788377,0.06946000,0.15894000,1
1507180875,22788375,0.06946000,0.15894000,1
1507180867,22788374,0.06946000,0.15894000,1
1507180822,22788365,0.06946000,0.15894000,1
1507180801,22788362,0.06952619,0.23472000,0
1507180596,22788279,0.06946000,0.10046000,1
1507180410,22788218,0.06946000,0.81384393,1
1507180259,22788164,0.06952686,3.00000000,0
1507180228,22788159,0.06946000,0.15002000,1
1507180221,22788158,0.06946000,0.41884500,1
1507180160,22788138,0.06955900,0.27768564,0
1507179893,22788008,0.06938800,0.28751542,0
1507179577,22787863,0.06924400,0.00769250,1
1507179577,22787862,0.06939000,2.25000000,1
1507179493,22787833,0.06943000,0.50000000,0
1507178897,22787554,0.06932397,3.14512687,0
1507178694,22787519,0.06923037,0.20000000,1
1507178654,22787509,0.06923011,0.11849549,1
1507178649,22787504,0.06923006,0.50000000,1
1507178645,22787502,0.06923004,0.31400000,1
1507178633,22787497,0.06923100,0.50000000,1
1507178623,22787489,0.06927200,0.50000000,1
1507178619,22787488,0.06928069,0.15500000,1
1507178564,22787474,0.06935000,2.25000000,1
1507178550,22787465,0.06939600,0.17037318,0
1507178534,22787458,0.06932997,1.14640188,0
1507178534,22787457,0.06921706,2.91922457,0
1507178533,22787456,0.06922201,0.09402605,1
1507178444,22787401,0.06921605,4.50000000,1
1507178442,22787397,0.06922700,0.50000000,1
1507178379,22787357,0.06918400,0.45744598,1
1507178366,22787355,0.06915021,2.61856286,1
1507178364,22787353,0.06926301,0.37397932,1
1507178364,22787352,0.06926600,0.50000000,1
1507178282,22787309,0.06932994,1.00000000,0
1507177297,22786802,0.06930597,7.96404067,0
1507177289,22786790,0.06943569,0.81432448,0
1507177289,22786789,0.06932996,0.43219708,0
1507177289,22786788,0.06930700,0.50000000,0
1507177072,22786583,0.06930000,0.74523900,1
1507177070,22786579,0.06930000,1.50476100,1
1507177068,22786578,0.06930001,0.74523871,1
1507176714,22786215,0.06915106,10.46900000,1
1507176595,22786115,0.06917003,2.62777700,1
1507176592,22786111,0.06919004,0.42211828,1
1507176580,22786094,0.06923546,0.43219708,0
1507176579,22786090,0.06923546,0.84102692,1
1507176317,22785931,0.06939000,0.70978800,1
1507176317,22785930,0.06939000,1.34047500,1
1507176314,22785929,0.06939000,0.14973700,1
1507175703,22785570,0.06943620,0.30927168,0
1507175701,22785569,0.06943619,0.69072832,0
1507175486,22785515,0.06923579,0.69072800,1
1507175486,22785514,0.06923800,0.50000000,1
1507175022,22785372,0.06924488,1.00276100,1
1507174921,22785324,0.06932300,0.37353700,0
1507174346,22784924,0.06933900,0.15844646,1
1507174322,22784892,0.06934400,0.50000000,1
1507174322,22784891,0.06940990,1.00000000,1
1507174306,22784869,0.06933972,1.58865500,0
1507174230,22784708,0.06932997,1.18920000,0
1507174214,22784670,0.06932997,0.93068000,0
1507174149,22784567,0.06932986,4.93321000,0
1507174139,22784559,0.06928000,0.14719356,0
1507174023,22784447,0.06932997,0.55010452,0
1507174008,22784436,0.06932997,2.20000000,0
1507173873,22784343,0.06932997,1.38135800,0
1507173771,22784254,0.06912000,0.14719356,1
1507173710,22784197,0.06915011,12.55418600,1
1507173613,22784168,0.06920000,2.20000000,1
1507173459,22784086,0.06915014,1.05530220,1
1507173344,22783993,0.06891406,0.00355654,1
1507173343,22783992,0.06908300,0.50000000,1
1507173343,22783991,0.06910300,0.50000000,1
1507173297,22783963,0.06915000,0.31400000,0
1507173266,22783959,0.06916110,0.50000000,0
1507173266,22783957,0.06916097,0.88518788,0
1507173265,22783956,0.06916097,2.88774812,1
1507173263,22783955,0.06925500,0.50000000,1
1507173248,22783952,0.06926300,0.13709359,1
1507173182,22783867,0.06929500,0.50000000,1
1507173179,22783861,0.06928002,8.42942996,1
1507173179,22783860,0.06930000,0.50000000,1
1507173179,22783859,0.06932000,0.31400000,1
1507172925,22783772,0.06945000,2.19509030,0
1507172925,22783771,0.06944999,0.80246260,0
1507172701,22783719,0.06943963,3.00000000,0
1507171971,22783405,0.06942000,0.57177100,1
1507171941,22783370,0.06942000,0.10215400,1
1507171938,22783367,0.06942000,0.10469100,1
1507171875,22783303,0.06942000,0.20000000,1
1507171861,22783288,0.06942000,1.00000000,1
1507171841,22783264,0.06942000,0.10914004,1
1507171837,22783256,0.06942000,0.11224396,1
1507171776,22783209,0.06930167,0.54400000,1
1507171700,22783171,0.06930128,1.67386230,1
1507171627,22783120,0.06943713,2.30155900,0
1507171391,22782889,0.06934800,0.00506141,1
1507171391,22782888,0.06946000,1.02026700,1
1507171353,22782829,0.06941000,0.55716000,1
1507171275,22782740,0.06941000,0.20000000,1
1507171238,22782723,0.06941000,0.20000000,1
1507171139,22782669,0.06936000,0.22257300,1
1507170929,22782445,0.06925043,0.20000000,1
1507170625,22782290,0.06937900,0.10767000,1
1507170468,22782205,0.06950000,3.00000000,0
1507170468,22782204,0.06949786,0.43150000,0
1507170467,22782203,0.06946300,0.50000000,0
1507170261,22782128,0.06928359,0.23250565,0
1507170261,22782127,0.06928359,0.76913002,1
1507170250,22782120,0.06932409,1.53242930,1
1507170233,22782105,0.06934000,0.50000000,0
1507170233,22782103,0.06934100,0.50000000,1
1507170216,22782084,0.06934600,0.50000000,1
1507170215,22782083,0.06934601,0.43150000,1
1507170204,22782075,0.06945330,0.00030200,1
1507170192,22782072,0.06936399,0.43120000,0
1507170186,22782071,0.06938300,0.50000000,1
1507170174,22782062,0.06941436,0.43120000,1
1507170153,22782030,0.06950000,0.14544040,1
1507170144,22782023,0.06950000,0.20000000,1
1507170139,22782020,0.06950000,0.15918000,1
1507170131,22782014,0.06950000,0.15918000,1
1507170114,22782005,0.06950000,0.15918000,1
1507170106,22782000,0.06950000,0.20000000,1
1507170094,22781995,0.06950000,0.15918000,1
1507170087,22781990,0.06950000,0.20000000,1
1507170084,22781988,0.06950000,0.70000000,1
1507170077,22781983,0.06950000,0.15918000,1
1507170067,22781972,0.06950000,0.15918000,1
1507170063,22781969,0.06950000,2.32057500,1
1507170050,22781960,0.06950000,0.20000000,1
1507170035,22781937,0.06950000,0.26773761,1
1507170032,22781923,0.06950000,8.36938000,1
1507170032,22781919,0.06950000,0.28199912,1
1507170016,22781890,0.06950000,0.76100230,1
1507170015,22781888,0.06950000,0.15918000,1
1507170007,22781885,0.06950000,0.15918000,1
1507169999,22781876,0.06950000,0.15918000,1
1507169994,22781875,0.06950000,0.15918000,1
1507169986,22781870,0.06950000,0.15918000,1
1507169977,22781862,0.06950000,0.15918000,1
1507169969,22781853,0.06950000,0.15918000,1
1507169963,22781839,0.06950000,0.15918000,1
1507169957,22781837,0.06950000,0.70127360,1
1507169955,22781834,0.06950000,0.15918000,1
1507169947,22781825,0.06950000,0.15918000,1
1507169939,22781819,0.06950000,0.15918000,1
1507169929,22781815,0.06950000,0.15918000,1
1507169922,22781812,0.06950000,0.15918000,1
1507169913,22781811,0.06950000,0.15918000,1
1507169903,22781803,0.06950000,0.15918000,1
1507169896,22781799,0.06950000,0.20000000,1
1507169891,22781796,0.06950000,0.15918000,1
1507169883,22781791,0.06950000,0.15918000,1
1507169875,22781784,0.06950000,0.15918000,1
1507169865,22781777,0.06950000,2.23227197,1
1507169864,22781776,0.06950000,0.20000000,1
1507169852,22781732,0.06950000,0.20000000,1
1507169828,22781703,0.06950000,0.20000000,1
1507169825,22781700,0.06950001,0.20000000,1
1507169808,22781679,0.06950001,0.20000000,1
1507169805,22781678,0.06950001,0.20000000,1
1507169788,22781673,0.06950000,0.20000000,1
1507169768,22781669,0.06950000,0.40000000,1
1507169755,22781668,0.06950000,0.20000000,1
1507169724,22781644,0.06955900,0.50000000,0
1507169712,22781633,0.06955600,0.50000000,0
1507169712,22781632,0.06954100,0.50000000,0
1507169700,22781625,0.06955842,0.43270000,0
1507169693,22781622,0.06936500,0.20000000,1
1507169553,22781541,0.06944200,0.50000000,0
1507169552,22781540,0.06943400,0.50000000,0
1507169485,22781517,0.06926220,0.20000000,1
1507169403,22781486,0.06933978,9.28703799,1
1507169363,22781471,0.06916627,1.00000000,1
1507169327,22781454,0.06937000,0.00000035,1
1507169325,22781453,0.06937000,0.52167565,0
1507169325,22781452,0.06933000,0.50000000,0
1507169313,22781446,0.06932854,5.72519960,0
1507169313,22781445,0.06932855,5.72520000,0
1507169312,22781444,0.06923000,0.50000000,0
1507169089,22781369,0.06911049,5.02268862,1
1507169088,22781368,0.06911050,3.32122572,0
1507169087,22781367,0.06911050,0.43270000,1
1507169029,22781357,0.06903000,0.31552413,0
1507169029,22781356,0.06894650,9.67725572,0
1507169027,22781355,0.06904200,0.50000000,1
1507168873,22781316,0.06912900,0.07535360,1
1507168873,22781315,0.06927000,1.54300200,1
1507168737,22781234,0.06930600,0.50000000,0
1507168725,22781231,0.06931000,0.50000000,0
1507168696,22781223,0.06929200,0.50000000,0
1507168696,22781222,0.06924900,0.50000000,0
1507168659,22781198,0.06926300,0.50000000,0
1507168659,22781197,0.06922600,0.50000000,0
1507168508,22781165,0.06920899,0.43320000,0
1507168508,22781164,0.06920400,0.50000000,0
1507168508,22781163,0.06917900,0.50000000,0
1507168290,22781138,0.06917000,0.65699800,1
1507168122,22780998,0.06899703,0.43320000,1
1507168122,22780997,0.06900000,0.50459987,1
1507167840,22780793,0.06915898,4.11921800,0
1507167840,22780792,0.06912200,0.50000000,0
1507167804,22780735,0.06914299,1.00000000,0
1507167154,22780459,0.06916699,0.19171284,0
1507166875,22780422,0.06902800,0.00626087,1
1507166874,22780421,0.06916000,2.20000000,1
1507166303,22780276,0.06909400,0.50000000,1
1507166303,22780275,0.06911500,0.50000000,1
1507166295,22780274,0.06905143,21.53490691,1
1507166295,22780273,0.06905143,10.46509309,1
1507166295,22780272,0.06910200,0.50000000,1
1507166295,22780271,0.06912300,0.50000000,1
1507166191,22780256,0.06928595,0.61022545,0
1507166191,22780255,0.06924700,0.50000000,0
1507166191,22780254,0.06914711,3.91508697,0
1507166125,22780227,0.06915500,0.50000000,1
1507166125,22780226,0.06915900,0.50000000,1
1507166070,22780199,0.06919700,0.45973900,1
1507165321,22780029,0.06932994,0.29643800,0
1507164446,22779357,0.06923600,0.37843000,0
1507164375,22779264,0.06916000,0.00459987,1
1507164375,22779263,0.06916300,0.50000000,1
1507164375,22779261,0.06930000,0.91757059,1
1507164240,22779211,0.06930000,0.15940000,1
1507164232,22779208,0.06930000,0.15940000,1
1507164226,22779193,0.06930000,0.15940000,1
1507164219,22779187,0.06930000,0.15940000,1
1507164203,22779181,0.06930000,0.50000000,1
1507164199,22779180,0.06930000,0.14482941,1
1507164161,22779172,0.06927600,0.33575650,1
1507164156,22779171,0.06927600,0.14482941,1
1507164122,22779167,0.06933991,0.50000000,0
1507164036,22779148,0.06924100,0.50000000,1
1507163945,22779113,0.06926200,0.48163260,1
1507163582,22778982,0.06933700,0.35837400,0
1507163581,22778981,0.06933498,0.43250000,0
1507163491,22778925,0.06914599,0.36650896,0
1507163491,22778924,0.06914602,0.43250000,1
1507163487,22778922,0.06914600,0.04971306,1
1507163487,22778921,0.06914601,0.45028694,1
1507163487,22778920,0.06917000,0.30500000,1
1507163454,22778910,0.06927000,0.01052413,1
1507163454,22778909,0.06935000,2.20000000,1
1507163181,22778795,0.06937000,0.07612634,0
1507163181,22778794,0.06933500,0.50000000,0
1507162673,22778625,0.06922950,3.47114600,1
1507162670,22778623,0.06922947,0.12731083,1
1507162607,22778607,0.06934000,2.20000000,1
1507162090,22778384,0.06926799,4.49617100,0
1507162040,22778356,0.06927000,2.20000000,1
