date,tid,price,amount,type
1507247929,22838210,250.48,2.16151540,1
1507247929,22838209,250.50,0.31900000,1
1507247855,22838197,250.46,0.09546414,1
1507247754,22838188,250.44,0.78204011,1
1507247471,22838058,250.97,0.05126000,0
1507247172,22837938,251.42,0.03986333,0
1507246548,22837665,250.66,1.00000000,1
1507246456,22837643,250.49,3.51088344,1
1507246444,22837617,250.42,0.24200000,1
1507246444,22837616,250.42,0.27692000,1
1507246444,22837615,251.25,0.12223682,1
1507246444,22837614,251.25,0.07967363,1
1507246438,22837607,251.10,0.06000160,1
1507246437,22837606,251.25,0.27401597,1
1507246437,22837604,251.25,2.06598403,1
1507246427,22837590,252.30,38.49737294,1
1507246427,22837589,252.30,1.10363500,1
1507246427,22837588,252.30,5.63874900,1
1507246427,22837587,252.30,17.05188000,1
1507246427,22837585,252.30,50.00000000,1
1507246426,22837583,252.22,0.46000000,0
1507246426,22837581,252.22,5.88155200,1
1507246426,22837578,252.22,20.19542400,1
1507246426,22837577,252.22,1.18886143,1
1507246426,22837575,252.22,10.04781000,1
1507246425,22837574,252.22,3.93832100,1
1507246425,22837572,252.22,4.69419900,1
1507246424,22837566,252.08,0.02976185,0
1507246424,22837565,252.06,0.49000000,0
1507246424,22837564,252.06,5.08594700,1
1507246423,22837563,252.05,65.06800000,0
1507246423,22837562,251.57,0.33782559,0
1507246423,22837561,251.57,0.33782559,0
1507246422,22837560,251.57,0.02976185,0
1507246422,22837559,251.55,2.44000000,0
1507246422,22837558,251.27,4.69863600,0
1507246422,22837557,251.27,1.27142000,1
1507246421,22837556,251.26,0.24260000,0
1507246421,22837555,251.26,4.33902900,1
1507246420,22837553,251.24,10.20434939,0
1507246385,22837545,250.36,1.33253621,1
1507246347,22837518,250.37,4.00454460,1
1507246328,22837506,250.35,2.54027900,1
1507246328,22837502,250.35,4.23510000,1
1507246328,22837501,250.42,3.98000000,1
1507246275,22837384,250.59,2.53359077,0
1507246275,22837382,250.60,0.24260000,1
1507246275,22837381,250.77,0.09729423,1
1507245924,22837272,250.87,2.12851547,0
1507245923,22837269,251.00,0.30118868,1
1507245922,22837267,251.00,0.06000000,1
1507245922,22837266,251.00,0.05965044,1
1507245922,22837265,251.00,0.05436750,1
1507245922,22837264,251.00,0.29627791,1
1507245853,22837224,251.00,0.25935000,1
1507245838,22837201,251.20,6.56702700,1
1507245688,22837126,251.20,1.97392900,1
1507245625,22837101,251.69,0.46000000,1
1507245473,22836976,251.29,0.26986506,0
1507245437,22836953,251.26,0.14519233,1
1507245433,22836951,251.25,0.31700000,0
1507245432,22836950,251.24,0.04283715,0
1507245413,22836948,251.28,0.19866285,0
1507245400,22836941,251.30,0.05997001,1
1507245094,22836823,251.48,5.29000000,1
1507245094,22836821,251.69,0.31700000,1
1507245094,22836819,251.71,0.03970440,1
1507245094,22836818,251.71,3.82592374,1
1507244951,22836719,251.72,0.69930888,0
1507244857,22836695,251.71,0.52654900,1
1507244856,22836694,251.74,0.43045100,1
1507244616,22836599,251.63,1.36327686,1
1507244616,22836598,251.72,0.24150000,1
1507244441,22836481,252.50,0.02376238,0
1507244412,22836457,252.50,1.68263337,0
1507244391,22836447,252.50,3.92919175,0
1507244355,22836442,252.49,1.00000000,0
1507244284,22836404,252.49,1.00000000,0
1507244193,22836375,252.49,3.37555720,0
1507244193,22836374,252.43,0.50000000,0
1507244192,22836373,252.43,0.10000000,0
1507244192,22836371,252.38,0.03989780,0
1507244192,22836369,252.33,0.10000000,0
1507244192,22836366,252.30,1.00000000,0
1507244192,22836365,252.30,0.22563288,0
1507244192,22836362,252.27,0.03991530,0
1507244191,22836360,252.26,0.03991690,0
1507244191,22836356,252.25,0.04001760,0
1507244190,22836355,252.23,0.10000000,0
1507244190,22836354,252.22,0.04233000,0
1507244190,22836353,252.20,1.51218708,0
1507244170,22836339,252.20,1.48781300,0
1507244170,22836338,252.20,1.11762100,0
1507244170,22836337,252.19,3.00000000,0
1507243916,22836277,252.20,2.11975400,0
1507243916,22836276,252.19,1.00000000,0
1507243916,22836275,252.18,0.71730900,0
1507243686,22836092,252.20,0.03962730,0
1507243669,22836078,252.20,0.92299762,0
1507243669,22836077,252.15,0.04003370,0
1507243669,22836076,252.13,0.04003690,0
1507243669,22836075,252.13,0.10000000,0
1507243667,22836071,252.10,0.30118868,0
1507243653,22836066,252.10,0.06000000,0
1507243589,22835951,252.08,0.43160000,1
1507243569,22835857,252.10,0.05965044,0
1507243568,22835851,252.10,0.05436750,0
1507243565,22835822,252.10,0.55562791,0
1507243565,22835819,252.08,0.43045651,0
1507243560,22835781,252.08,0.06954349,0
1507243188,22835470,252.03,0.10000000,0
1507243185,22835468,252.00,0.31719708,0
1507243185,22835467,252.00,12.00000000,0
1507243185,22835466,252.00,1.00000000,0
1507243185,22835465,252.00,1.42442257,0
1507243184,22835464,252.00,0.70184172,0
1507243182,22835460,252.00,0.60345626,0
1507243182,22835459,252.00,4.39654374,0
1507243180,22835456,252.00,0.60345626,0
1507243180,22835455,252.00,0.10000000,0
1507243168,22835452,252.00,0.20120084,0
1507243168,22835451,252.00,2.48170000,0
1507243168,22835450,252.00,1.00000000,0
1507243168,22835449,252.00,5.68151263,0
1507243149,22835445,251.99,0.46000000,0
1507243137,22835441,252.00,4.31848737,0
1507243137,22835440,251.99,0.00590965,0
1507243137,22835439,251.99,10.91736176,0
1507243088,22835424,251.99,4.00454460,0
1507243088,22835422,251.99,2.37803501,0
1507243082,22835416,251.99,2.61644749,0
1507243077,22835402,251.98,0.50000000,0
1507243074,22835393,251.88,2.03700000,0
1507243074,22835392,251.86,5.00000000,0
1507243074,22835391,251.83,0.50000000,0
1507243038,22835346,251.71,3.37409142,0
1507242913,22835270,251.71,0.02000000,0
1507242757,22835211,251.13,0.00424484,1
1507242757,22835210,251.70,1.15962921,1
1507242756,22835209,251.70,0.40734876,1
1507242745,22835201,251.70,0.38302203,0
1507242691,22835182,251.70,0.11697797,0
1507242315,22835034,251.71,0.03987101,0
1507242287,22835003,251.50,0.00003129,0
1507242287,22835002,251.50,22.87150000,0
1507242250,22834981,251.46,14.78917586,1
1507242250,22834979,251.46,0.18634160,0
1507242232,22834972,251.50,2.12846871,0
1507242221,22834926,251.42,0.30648300,0
1507242147,22834889,251.32,0.31800000,0
1507242136,22834886,250.62,1.25027000,1
1507242136,22834885,250.64,0.77465900,1
1507242136,22834884,250.70,2.00000000,1
1507242134,22834882,250.76,0.31800000,1
1507241981,22834831,251.41,1.60689710,0
1507241835,22834815,251.60,4.21671747,0
1507241822,22834808,251.57,1.52008424,0
1507241822,22834807,251.42,0.24250000,0
1507241773,22834797,251.31,0.20000000,0
1507241766,22834795,250.71,0.35765097,0
1507241762,22834794,250.71,0.24250000,1
1507241665,22834762,250.98,0.24225202,1
1507241665,22834761,250.98,0.00004798,1
1507241662,22834760,250.75,1.54055202,0
1507241659,22834758,250.75,1.00000000,1
1507241659,22834757,250.76,0.60000000,1
1507241611,22834732,250.75,1.00000000,1
1507241557,22834695,251.27,0.59545509,0
1507241546,22834692,250.78,4.02695800,1
1507241545,22834689,250.78,0.66739868,1
1507241545,22834688,250.79,0.78042100,1
1507241545,22834686,250.80,4.02695832,1
1507241478,22834627,250.73,0.71981453,1
1507241478,22834626,250.74,0.84216400,1
1507241455,22834570,250.94,1.17505500,1
1507241452,22834566,250.94,1.14294300,1
1507241452,22834565,250.95,0.85705700,1
1507241451,22834563,250.98,0.85756100,1
1507241451,22834562,251.00,0.14738500,1
1507241451,22834561,251.00,1.85261500,1
1507241206,22834506,250.90,1.67430300,0
1507241206,22834505,250.90,0.20000000,0
1507241205,22834504,250.92,0.24230000,1
1507241205,22834503,250.94,0.88339700,1
1507241101,22834475,250.82,1.02110154,1
1507241046,22834435,250.85,0.86964303,1
1507240996,22834322,251.19,4.73192115,0
1507240987,22834288,250.52,0.20000000,1
1507240986,22834287,251.44,0.12412472,0
1507240986,22834286,251.43,1.00000000,0
1507240986,22834285,251.16,0.20000000,0
1507240984,22834279,251.44,0.87587528,0
1507240984,22834278,251.17,0.31800000,0
1507240972,22834267,251.21,0.68179675,1
1507240971,22834266,251.21,0.68181151,0
1507240915,22834198,251.13,0.17871222,0
1507240911,22834197,251.13,0.28752866,0
1507240911,22834196,251.00,0.45033619,0
1507240906,22834193,251.00,1.56447179,0
1507240906,22834190,251.00,1.98519202,0
1507240808,22834104,250.54,0.90533168,1
1507240765,22834043,250.66,0.46458034,1
1507240765,22834042,250.67,10.98000000,1
1507240765,22834041,250.68,11.83302114,1
1507240741,22834037,250.63,1.47347027,1
1507240455,22833874,251.30,1.00127850,0
1507240454,22833869,251.31,0.03983726,1
1507240453,22833868,251.31,0.13126000,0
1507240434,22833864,250.78,1.61394445,1
1507240424,22833853,250.94,0.31800000,1
1507240424,22833852,251.00,5.00000000,1
1507240033,22833597,251.99,0.07770149,0
1507240033,22833596,251.99,2.00000000,0
1507240032,22833595,251.98,1.93000000,0
1507240032,22833594,251.94,3.26501364,0
1507240032,22833593,251.94,0.50000000,0
1507240032,22833592,251.93,0.10000000,0
1507240031,22833591,251.90,8.17270000,0
1507240031,22833590,251.88,0.50000000,0
1507240031,22833589,251.80,1.56478800,0
1507240031,22833588,251.76,0.37125530,0
1507240029,22833587,251.13,1.33102095,0
1507239966,22833557,251.13,0.18627800,0
1507239963,22833556,251.13,0.52347390,0
1507239854,22833466,251.66,0.10168882,0
1507239854,22833464,251.44,0.50000000,0
1507239852,22833455,251.40,0.49957118,0
1507239819,22833448,251.40,2.12303389,0
1507239819,22833447,251.39,1.32404846,0
1507239819,22833446,251.38,0.08215000,0
1507239599,22833347,251.40,0.83580000,0
1507239538,22833333,250.82,0.08215000,0
1507239508,22833314,251.40,0.12000000,0
1507239385,22833244,251.50,2.17553126,0
1507239370,22833241,251.50,0.51741551,0
1507239360,22833234,251.60,0.30512000,0
1507239346,22833206,251.60,1.19647493,1
1507239312,22833174,251.60,2.85169925,0
1507239312,22833173,251.55,0.95182582,0
1507239228,22833136,251.60,0.77820617,0
1507239192,22833102,251.60,1.37009458,0
1507239192,22833101,251.52,0.50037542,0
1507239121,22833066,251.70,1.51501787,1
1507239121,22833065,251.60,2.38522600,0
1507239120,22833064,251.53,0.50632670,0
1507239120,22833063,251.30,5.00000000,0
1507239120,22833062,251.29,0.31800000,0
1507239119,22833061,251.28,2.17798904,0
1507239079,22833036,250.39,0.25209301,1
1507239078,22833035,250.83,0.31800000,1
1507238993,22833004,251.41,0.17851318,1
1507238948,22832989,251.27,0.19094997,0
1507238910,22832938,251.17,0.39718119,0
1507238875,22832902,251.38,10.19388793,0
1507238862,22832897,251.26,4.70016700,0
1507238862,22832896,251.25,8.81000000,0
1507238862,22832895,250.78,4.70016700,0
1507238820,22832853,251.29,0.89774242,0
1507238820,22832852,251.24,1.10225758,0
1507238801,22832844,251.25,0.90319941,0
1507238801,22832842,251.24,0.57830026,0
1507238794,22832839,250.85,0.31900000,0
1507238776,22832828,250.22,0.50037542,1
1507238776,22832827,250.24,0.49000000,1
1507238774,22832826,250.35,6.68962458,1
1507238759,22832824,250.35,0.75975567,1
1507238758,22832823,250.35,0.72331975,1
1507238757,22832820,250.42,0.31900000,1
1507238683,22832792,251.31,0.50194038,0
1507238683,22832791,251.00,1.59809742,0
1507238682,22832790,251.00,2.10190258,0
1507238676,22832781,251.00,0.18103000,0
1507238565,22832692,251.07,0.70994663,0
1507238565,22832691,250.82,0.12260307,0
1507238564,22832690,250.81,0.16871030,0
1507238552,22832687,250.36,2.70964294,1
1507238369,22832571,250.79,0.47000000,0
1507238342,22832555,250.31,1.56596300,1
1507238342,22832554,250.32,0.12260307,1
1507238340,22832553,250.32,0.54740000,0
1507238340,22832552,250.32,0.22000000,0
1507238282,22832509,251.07,0.21443448,0
1507238282,22832508,250.94,0.12252036,0
1507238282,22832507,250.94,0.07988341,0
1507238282,22832506,250.91,0.24220000,0
1507238281,22832505,250.90,0.22160457,0
1507238261,22832498,250.73,0.85015711,0
1507238242,22832493,250.85,0.11738261,0
1507238242,22832492,250.57,0.03180600,0
1507238237,22832487,250.56,0.14928970,0
1507238036,22832385,250.32,4.03739784,1
1507238021,22832368,250.49,1.12578765,1
1507238014,22832365,250.50,1.12676504,1
1507238007,22832358,250.50,1.87426952,1
1507238007,22832357,250.51,1.18391259,1
1507238004,22832351,250.50,1.12573048,1
1507238000,22832344,250.51,4.26972224,1
1507237994,22832338,250.47,0.24220000,0
1507237989,22832334,250.44,0.12252036,1
1507237989,22832333,250.44,0.07988341,1
1507237989,22832332,250.54,0.46000000,1
1507237987,22832327,250.44,3.24499679,1
1507237987,22832326,250.80,0.49000000,1
1507237987,22832325,250.88,1.36000000,1
1507237982,22832322,250.94,2.07517438,1
1507237981,22832321,250.94,1.94253162,1
1507237961,22832301,250.98,0.18797340,1
1507237948,22832282,251.07,0.20000000,1
1507237948,22832281,251.08,0.31800000,1
1507237931,22832235,251.06,2.11936013,1
1507237930,22832231,251.04,1.28816780,0
1507237929,22832230,251.15,0.02975881,1
1507237929,22832229,251.20,0.02000000,1
1507237929,22832228,251.22,0.02000000,1
1507237929,22832226,251.25,0.02000000,1
1507237929,22832225,251.27,0.02000000,1
1507237928,22832224,251.28,0.07087800,1
1507237919,22832201,251.28,0.12912200,1
1507237777,22832131,251.85,1.00000000,0
1507237777,22832130,251.84,2.78480743,0
1507237777,22832129,251.80,0.49522408,0
1507237777,22832128,251.79,0.50000000,0
1507237769,22832124,251.79,0.59422535,0
1507237752,22832113,251.78,0.99042815,0
1507237715,22832100,251.80,1.51768527,0
1507237707,22832096,251.78,0.55465089,0
1507237701,22832092,251.69,0.57296996,0
1507237701,22832091,251.69,2.02094804,0
1507237701,22832090,251.58,0.74804829,0
1507237701,22832089,251.11,0.12067910,0
1507237679,22832069,251.14,0.11896404,0
1507237632,22832058,251.38,0.29108000,0
1507237391,22831930,251.56,0.11687100,0
1507237374,22831921,251.51,0.07932090,1
1507237372,22831918,251.33,0.21314253,0
1507237360,22831906,251.44,0.24240000,0
1507237360,22831905,251.18,0.25844112,0
1507237360,22831904,251.09,0.20000000,0
1507237327,22831897,251.18,0.05955888,0
1507237246,22831864,251.46,0.21997137,0
1507237235,22831855,250.50,1.86651074,1
1507237233,22831853,250.55,2.16628358,1
1507237212,22831808,250.50,0.68718207,1
1507237210,22831807,250.95,0.36062290,1
1507237208,22831806,250.95,0.19742544,1
1507237208,22831805,250.95,0.55593918,1
1507237202,22831803,250.52,0.99773564,1
1507237196,22831800,250.69,1.56421900,1
1507237196,22831799,250.80,0.24240000,1
1507237196,22831798,250.81,0.20000000,1
1507237129,22831746,250.65,0.15781116,1
1507237129,22831745,250.98,0.18009442,1
1507237128,22831741,250.98,0.13790558,1
1507237127,22831740,250.99,0.20000000,1
1507237120,22831736,251.58,1.00462746,0
1507237032,22831671,251.58,0.14832835,0
1507236930,22831583,251.56,0.73227571,1
1507236910,22831565,251.56,1.18044153,1
1507236851,22831456,251.58,0.07850045,0
1507236830,22831427,251.56,1.24254452,1
1507236793,22831390,251.56,6.84473824,0
1507236746,22831362,251.58,3.17195325,0
1507236744,22831357,251.56,0.38765377,0
1507236733,22831344,251.44,0.19443027,0
1507236731,22831341,251.44,1.00704000,0
1507236724,22831340,251.44,0.82621131,0
1507236709,22831327,251.39,0.60611000,0
1507236654,22831295,251.58,2.08796312,0
1507236654,22831294,251.47,0.96675228,0
1507236647,22831289,251.47,3.72861072,0
1507236647,22831287,251.22,0.12234365,0
1507236647,22831286,251.22,0.07977824,0
1507236644,22831282,251.19,2.18942095,0
1507236641,22831275,251.17,0.15030139,0
1507236638,22831272,251.19,1.08055800,0
1507236636,22831271,251.17,0.20000000,0
1507236565,22831228,250.15,1.70000000,0
1507236564,22831226,250.15,0.20000000,0
1507236562,22831224,250.14,0.47383401,0
1507236562,22831222,250.29,4.00000000,1
1507236562,22831221,250.47,0.48000000,1
1507236562,22831220,250.47,0.12234365,0
1507236561,22831219,250.47,0.07977824,0
1507236561,22831217,250.54,3.24499679,1
1507236561,22831216,250.66,0.39000000,1
1507236560,22831215,250.72,1.56441500,1
1507236560,22831214,250.91,0.48000000,1
1507236560,22831213,251.20,0.81805476,1
1507236558,22831211,251.23,0.99444236,1
1507236549,22831203,251.63,1.07898526,0
1507236548,22831202,251.51,0.06017591,0
1507236548,22831201,251.45,0.12133397,0
1507236548,22831200,251.40,0.49842274,0
1507236517,22831160,251.38,0.20909526,0
1507236510,22831124,251.23,0.32166496,0
1507236510,22831122,251.23,0.24260000,0
1507236501,22831112,251.20,0.02484524,1
1507236462,22831067,251.18,0.17515476,0
1507236328,22830953,250.66,7.00689453,1
1507236322,22830947,251.26,0.29564311,0
1507236309,22830934,250.76,1.56444700,1
1507236309,22830933,250.80,1.00000000,1
1507236296,22830926,250.81,0.31800000,1
1507236296,22830924,250.86,0.24260000,1
1507236296,22830922,250.88,0.20000000,1
1507236254,22830894,251.21,0.59415628,1
1507236253,22830893,251.21,0.20000000,0
1507236157,22830830,251.39,1.73282805,1
1507236155,22830828,251.33,0.20000000,0
1507236113,22830799,250.57,2.65856778,1
1507236088,22830773,250.76,0.00366496,1
1507236087,22830772,250.77,2.00000000,1
1507236087,22830771,250.80,0.20000000,1
1507236049,22830742,250.85,9.65399807,1
1507236049,22830741,250.86,0.20000000,1
1507235953,22830646,251.38,0.19094597,1
1507235951,22830644,251.25,1.00000000,0
1507235836,22830515,250.90,1.69838706,1
1507235732,22830378,251.40,4.50157726,0
1507235732,22830376,251.39,1.46246953,0
1507235732,22830375,251.38,3.68503312,0
1507235726,22830354,251.39,1.34141969,0
1507235726,22830353,251.38,0.11389260,0
1507235715,22830344,251.38,0.02663560,1
1507235715,22830343,251.38,0.18732330,0
1507235681,22830313,251.35,2.71744247,0
1507235563,22830212,251.39,0.07611078,0
1507235563,22830211,251.37,0.30809760,0
1507235563,22830210,251.09,0.20000000,0
1507235557,22830202,251.11,2.68639450,0
1507235504,22830091,251.24,0.64919400,0
1507235431,22830042,251.19,3.50771241,0
1507235415,22830029,251.22,0.40357200,0
1507235385,22830007,251.26,0.32185381,0
1507235372,22829995,250.98,0.13084000,0
1507235372,22829994,250.98,0.20000000,0
1507235367,22829991,250.98,0.79133795,0
1507235366,22829990,250.55,0.12265547,0
1507235366,22829989,250.55,0.07999200,0
1507235364,22829985,250.11,0.20000000,1
1507235359,22829983,250.00,0.77643301,1
1507235359,22829982,250.00,0.10000000,1
1507235359,22829981,250.00,0.06019486,1
1507235357,22829979,250.05,0.12265547,1
1507235357,22829978,250.05,0.07999200,1
1507235350,22829964,250.10,0.18716000,0
1507235349,22829963,250.10,0.13084000,0
1507235292,22829849,250.07,0.09633000,1
1507235229,22829739,250.05,2.36812792,1
1507235219,22829715,250.28,4.25527581,1
1507235218,22829714,250.51,0.45000000,1
1507235217,22829709,250.65,0.03987230,1
1507235217,22829708,250.65,0.02000000,1
1507235217,22829707,250.65,0.02000000,1
1507235190,22829673,250.65,0.02000000,1
1507235189,22829671,250.65,1.01316242,1
1507235189,22829668,250.75,0.31800000,1
1507235189,22829667,250.91,0.45000000,1
1507235152,22829619,250.65,0.70683758,1
1507235152,22829618,250.66,0.20000000,1
1507235145,22829613,250.69,0.82171377,1
1507235145,22829612,250.70,2.39695117,1
1507235112,22829543,251.38,1.99992044,0
1507235099,22829488,250.65,0.10000000,1
1507235070,22829477,251.23,0.11126000,0
1507235045,22829456,251.24,0.39703073,0
1507234935,22829394,250.72,0.36000000,1
1507234789,22829307,250.65,1.00000000,1
1507234740,22829273,250.67,2.14000000,1
1507234740,22829271,250.82,1.06000000,1
1507234738,22829270,250.83,0.20000000,1
1507234628,22829212,250.96,0.77188911,1
1507234628,22829210,250.97,0.24210000,1
1507234628,22829209,251.00,0.06018093,1
1507234626,22829202,251.03,6.81474518,0
1507234425,22829113,251.04,7.97443068,1
1507234425,22829112,251.90,2.81540293,0
1507234425,22829111,251.90,0.10000000,0
1507234424,22829110,251.83,0.10000000,0
1507234424,22829109,251.80,0.10000000,0
1507234424,22829108,251.80,0.10000000,0
1507234424,22829107,251.79,0.65880889,0
1507234423,22829105,251.76,0.09900000,0
1507234387,22829078,251.70,0.00002325,0
1507234386,22829077,251.70,3.71416675,1
1507234366,22829064,251.70,1.73355679,1
1507234359,22829057,251.70,0.05314331,0
1507234355,22829053,251.70,0.17926102,0
1507234354,22829052,251.65,1.01209661,0
1507234334,22829033,251.65,0.50339758,0
1507234215,22828990,251.70,0.00788008,0
1507234215,22828989,251.70,0.10000000,0
1507234215,22828988,251.70,0.10000000,0
1507234213,22828986,251.67,0.89337992,0
1507234211,22828983,251.67,4.71786354,0
1507234199,22828977,251.62,0.04011560,0
1507234185,22828966,251.60,0.10000000,0
1507234185,22828965,251.57,1.56397800,0
1507234185,22828963,251.57,1.48344069,0
1507234185,22828962,251.51,0.03000000,0
1507234185,22828960,251.50,0.37817195,0
1507234179,22828947,250.83,0.67434966,0
1507234171,22828932,250.82,2.94000000,1
1507234170,22828930,250.83,0.70152479,0
1507234169,22828928,251.07,0.48000000,1
1507234169,22828926,251.14,0.39790555,1
1507234154,22828914,251.49,8.00126000,0
1507234139,22828880,251.50,10.94000000,0
1507234139,22828879,251.50,4.36986083,0
1507234138,22828871,251.49,2.23037700,1
1507234137,22828870,251.49,0.22650120,0
1507234130,22828838,251.49,0.10000000,0
1507234034,22828779,251.50,2.32433598,0
1507234004,22828766,251.49,4.00000000,0
1507233970,22828751,251.50,0.03973760,0
1507233956,22828738,251.50,7.61940337,0
1507233862,22828700,251.50,20.46934393,0
1507233862,22828699,251.50,0.10000000,0
1507233861,22828698,251.49,0.56000000,0
1507233861,22828697,251.49,5.70920833,0
1507233861,22828696,251.47,4.69210700,0
1507233861,22828694,251.45,0.10000000,0
1507233859,22828693,251.40,0.10000000,0
1507233642,22828546,251.35,0.24600000,1
1507233620,22828533,251.35,5.79273205,1
1507233570,22828490,251.35,6.53695196,0
1507233569,22828489,251.35,0.10000000,0
1507233569,22828487,251.30,0.70152479,0
1507233498,22828434,251.30,0.77827561,0
1507233498,22828433,251.30,0.10000000,0
1507233498,22828432,251.20,0.10000000,0
1507233488,22828430,251.09,0.10000000,1
1507233487,22828427,251.10,0.10000000,0
1507233486,22828426,251.09,1.41549419,0
1507233458,22828391,251.09,0.02500000,0
1507233457,22828387,251.09,3.55950581,0
1507233457,22828385,251.00,0.43059873,0
1507233436,22828337,251.00,0.15430279,0
1507233432,22828327,251.00,0.24323009,0
1507233409,22828230,251.00,3.17186839,0
1507233409,22828229,251.00,0.94000000,0
1507233409,22828228,251.00,41.54727962,0
1507233409,22828227,250.99,0.48170565,0
1507233401,22828223,250.99,0.18829435,0
1507233401,22828222,250.99,1.00000000,0
1507233384,22828215,251.00,3.99217534,0
1507233369,22828209,251.00,5.00000000,0
1507233312,22828184,250.99,1.40000000,1
1507233290,22828181,251.00,3.99026376,0
1507233235,22828154,251.00,1.00000000,0
1507233206,22828149,250.98,0.31812749,0
1507233180,22828140,251.00,0.21000000,0
1507233180,22828139,250.99,0.79000000,0
1507233146,22828129,250.99,0.27841466,1
1507233128,22828124,251.00,0.09000000,0
1507233108,22828122,251.00,0.33804780,0
1507233107,22828121,251.00,0.31812749,0
1507233105,22828118,251.00,0.31808765,0
1507233105,22828117,251.00,0.84274900,0
1507233103,22828114,251.00,0.31808765,0
1507233103,22828113,251.00,1.16083665,0
1507233101,22828107,251.00,1.47888446,0
1507233100,22828104,251.00,3.98406375,0
1507233074,22828095,251.00,0.19083181,0
1507232966,22828005,250.99,0.04051857,1
1507232952,22827991,251.00,3.98406375,0
1507232912,22827970,251.00,3.93844100,0
1507232910,22827966,251.00,1.52377900,0
1507232909,22827962,251.00,11.91015136,0
1507232908,22827961,250.99,0.04059964,0
1507232908,22827960,250.99,0.59213514,1
1507232908,22827958,250.99,0.35726522,1
1507232897,22827947,251.00,0.34358565,0
1507232897,22827946,250.99,0.31896415,0
1507232896,22827944,250.99,0.35725099,0
1507232895,22827940,250.99,0.50378486,0
1507232895,22827939,251.00,0.35725099,0
1507232893,22827935,251.00,0.71569720,0
1507232892,22827932,251.00,2.00126000,0
1507232892,22827931,251.00,0.80776892,0
1507232890,22827928,251.00,0.71649403,0
1507232890,22827927,251.00,0.80677290,0
1507232888,22827924,251.00,0.71625498,0
1507232888,22827923,251.00,0.21382470,0
1507232887,22827920,250.99,0.59315511,0
1507232886,22827918,250.99,0.80684489,0
1507232865,22827905,251.00,2.19576164,0
1507232865,22827904,251.00,4.98945890,0
1507232864,22827903,251.00,0.57484389,0
1507232863,22827902,250.99,1.67000000,0
1507232765,22827856,250.98,1.98864542,0
1507232764,22827846,250.99,0.00000207,1
1507232753,22827819,250.99,1.98000000,0
1507232753,22827818,250.99,1.46020180,0
1507232753,22827817,250.99,4.03085613,0
1507232751,22827809,250.99,1.89896011,0
1507232751,22827806,250.99,0.39814335,0
1507232744,22827782,250.99,2.70549492,0
1507232743,22827779,250.99,12.97258300,0
1507232741,22827775,250.99,3.98962697,0
1507232730,22827756,250.92,0.39817199,0
1507232700,22827692,250.92,0.48000000,0
1507232699,22827690,250.98,0.42000000,0
1507232666,22827623,250.98,0.49000000,0
1507232617,22827535,250.99,4.01699523,0
1507232607,22827524,250.98,2.50000000,0
1507232473,22827393,250.99,0.69991193,0
1507232471,22827391,250.97,0.46856782,0
1507232342,22827334,250.97,0.03143218,0
1507232342,22827333,250.97,0.11585782,0
1507232338,22827327,250.95,0.02437894,0
1507232337,22827324,250.95,0.10050806,0
1507232202,22827258,250.97,0.22624218,0
1507232202,22827257,250.95,0.29851110,0
1507232202,22827256,250.93,0.20000000,0
1507232200,22827255,250.92,1.78220106,0
1507232184,22827250,250.13,1.03157153,1
1507232184,22827249,250.14,0.20000000,1
1507232142,22827237,250.99,10.50918363,0
1507232142,22827236,250.98,2.91000000,0
1507232140,22827235,250.97,0.49097210,0
1507231960,22827195,250.99,3.48867217,0
1507231960,22827194,250.98,0.50000000,0
1507231948,22827191,250.95,1.84600679,1
1507231946,22827184,250.95,0.33766970,0
1507231934,22827162,250.00,0.08435295,0
1507231934,22827160,250.00,3.55558000,0
1507231934,22827155,249.99,0.05996000,0
1507231933,22827153,249.99,1.91362157,0
1507231933,22827152,250.00,20.52406000,0
1507231932,22827151,250.00,10.96000000,0
1507231931,22827150,250.00,1.46020180,1
1507231931,22827149,250.00,0.10095708,1
1507231931,22827148,250.05,2.70000000,1
1507231931,22827147,250.31,4.69617600,1
1507231931,22827146,250.47,0.45000000,1
1507231931,22827145,250.60,0.48000000,1
1507231930,22827144,250.70,1.00000000,1
1507231930,22827143,250.71,3.98867217,1
1507231632,22827021,250.90,2.69310482,0
1507231632,22827019,250.83,0.16958227,0
1507231630,22827017,250.70,1.13032256,0
1507231622,22827012,250.70,1.18662100,0
1507231617,22826972,250.70,0.67200600,0
1507231578,22826967,250.89,0.07331773,0
1507231578,22826966,250.89,4.69768200,0
1507231558,22826952,250.89,1.95999990,1
1507231557,22826950,250.88,0.20000000,0
1507231546,22826935,250.00,0.31900000,1
1507231545,22826933,250.00,12.23508411,0
1507231545,22826932,250.00,16.83519600,0
1507231545,22826931,250.00,12.62285900,0
1507231545,22826930,250.00,1.47495400,0
1507231544,22826923,250.00,14.69320000,0
1507231543,22826922,250.00,2.38874600,0
1507231543,22826921,250.00,9.76399868,0
1507231543,22826920,249.99,10.71957132,0
1507231543,22826919,249.99,0.27042868,1
1507231542,22826918,250.00,10.99000000,0
1507231541,22826916,250.00,1.91135121,1
1507231541,22826915,250.05,15.00000000,1
1507231541,22826914,250.12,1.56561100,1
1507231540,22826913,250.13,0.31900000,1
1507231540,22826912,250.13,0.20000000,1
1507231529,22826901,250.90,1.03584991,0
1507231529,22826900,250.88,0.31900000,0
1507231529,22826899,250.87,0.20000000,0
1507231516,22826885,250.00,11.72567684,0
1507231516,22826884,250.00,5.90922500,0
1507231515,22826881,250.00,4.68831560,0
1507231514,22826880,250.17,4.31208000,1
1507231514,22826879,250.17,9.28000000,1
1507231513,22826878,250.17,0.31900000,1
1507231513,22826877,250.18,0.24290000,1
1507231513,22826876,250.20,3.99680256,1
1507231513,22826875,250.21,59.32600000,1
1507231513,22826874,250.21,0.20000000,1
1507231477,22826866,250.99,0.79904560,0
1507231477,22826865,250.99,0.65631378,0
1507231476,22826864,250.98,1.12368622,0
1507231475,22826863,250.97,0.20095440,0
1507231470,22826860,250.98,1.29631378,0
1507231470,22826859,250.98,1.56559400,0
1507231460,22826848,249.99,0.27043003,0
1507231459,22826847,250.00,0.06008707,1
1507231458,22826843,250.00,27.88594288,0
1507231458,22826842,250.00,4.66805600,0
1507231457,22826838,250.00,17.05958268,0
1507231457,22826837,250.00,12.75559100,0
1507231456,22826836,250.00,5.70997800,0
1507231456,22826834,250.00,9.14465800,0
1507231455,22826830,250.00,1.91028937,0
1507231454,22826829,250.00,9.09000000,0
1507231454,22826828,250.00,1.90660000,1
1507231453,22826827,250.00,2.61528000,1
1507231453,22826826,250.20,3.15669800,1
1507231453,22826825,250.20,0.10084098,1
1507231453,22826824,250.22,3.99648309,1
1507231451,22826823,250.95,4.78008024,0
1507231432,22826812,250.95,2.08034246,0
1507231432,22826811,250.92,0.31284404,0
1507231432,22826810,250.91,0.54361350,0
1507231280,22826747,250.95,2.49909878,0
1507231280,22826746,250.94,0.89410120,0
1507231268,22826740,250.95,5.60047852,0
1507231268,22826739,250.94,1.18876138,0
1507231228,22826715,250.94,6.29380634,0
1507231228,22826714,250.94,1.01540308,0
1507231228,22826713,250.94,1.43521500,0
1507231227,22826712,250.94,1.91864972,0
1507231227,22826711,250.90,0.24784487,0
1507231220,22826707,250.89,1.56571900,0
1507231218,22826706,250.87,0.20000000,0
1507231215,22826704,250.84,1.56714000,0
1507231214,22826703,250.52,0.09464950,0
1507231214,22826698,250.52,0.14835050,0
1507231214,22826697,250.20,0.31900000,0
1507231210,22826693,250.00,6.51792511,0
1507231209,22826689,250.00,1.90664000,0
1507231209,22826688,250.00,0.10088511,0
1507231207,22826678,250.00,0.45303578,0
1507231207,22826677,249.99,1.45000000,0
1507231205,22826673,250.00,0.10084521,0
1507231205,22826669,250.00,1.79948212,0
1507231205,22826668,249.99,0.10000000,0
1507231203,22826662,250.00,1.89582692,0
1507231203,22826661,250.00,14.19798800,0
1507231203,22826659,250.00,46.16861100,0
1507231202,22826658,250.00,0.10065879,0
1507231201,22826653,250.00,6.10000000,0
1507231201,22826652,250.00,1.89227191,0
1507231199,22826646,250.00,0.31900000,0
1507231199,22826645,250.00,0.24300000,0
1507231198,22826644,250.00,0.10068545,1
1507231198,22826643,250.00,0.10058070,1
1507231198,22826641,250.01,0.10054090,1
1507231198,22826640,250.13,6.55100000,1
1507231198,22826639,250.15,4.69602300,1
1507231198,22826638,250.15,6.45500000,1
1507231197,22826637,250.15,0.20000000,1
1507231135,22826614,250.90,0.02215536,0
1507231023,22826569,250.90,0.22999977,0
1507231023,22826568,250.50,0.00000023,0
1507231015,22826565,250.49,2.01345363,1
1507231014,22826563,250.49,1.88861830,0
1507230997,22826549,250.50,10.69261200,0
1507230988,22826544,250.12,6.90000000,1
1507230985,22826542,250.50,0.03493014,0
1507230973,22826539,250.50,1.16259228,0
1507230953,22826527,250.01,4.00000000,0
1507230948,22826523,250.50,5.07983000,0
1507230941,22826519,250.50,3.40156200,0
1507230918,22826507,250.50,1.89013300,0
1507230918,22826505,250.50,2.01523500,0
1507230914,22826475,250.50,1.57239428,0
1507230913,22826469,250.50,1.00126000,0
1507230913,22826468,250.50,46.16578682,0
1507230903,22826465,250.50,0.28359600,0
1507230899,22826463,250.50,0.47000000,0
1507230893,22826455,250.50,1.47940954,0
1507230890,22826453,250.50,7.16770459,0
1507230886,22826450,250.50,2.63633125,0
1507230878,22826442,250.50,0.47086500,0
1507230873,22826441,250.50,14.21939443,0
1507230869,22826440,250.50,0.04608400,0
1507230867,22826439,250.50,0.21027944,0
1507230837,22826423,250.49,0.02188900,0
1507230837,22826422,250.48,0.15165500,0
1507230822,22826410,250.47,1.47980040,0
1507230821,22826409,250.48,1.04002500,0
1507230810,22826396,251.00,1.35350597,0
1507230810,22826395,251.00,0.03482072,0
1507230809,22826394,250.99,0.20000000,1
1507230808,22826391,250.99,0.20000000,0
1507230804,22826387,249.99,1.95999990,0
1507230804,22826386,250.00,4.15134636,0
1507230803,22826384,250.00,3.78361015,0
1507230803,22826383,250.00,1.47260000,0
1507230803,22826382,250.00,8.59973800,0
1507230802,22826381,250.00,11.12756500,0
1507230802,22826380,250.00,24.88646700,0
1507230802,22826379,250.00,1.47268000,0
1507230801,22826377,250.00,1.33168100,0
1507230801,22826376,250.00,4.69089300,0
1507230800,22826375,250.06,6.40987095,1
1507230800,22826374,250.06,4.78876050,1
1507230800,22826373,250.15,14.96000000,1
1507230800,22826372,250.54,3.24499679,1
1507230800,22826371,250.98,9.07979125,1
1507230792,22826369,250.98,0.07123520,1
1507230737,22826351,251.00,0.06517928,0
1507230735,22826350,250.99,0.23000000,0
1507230706,22826339,250.99,0.19506266,0
1507230703,22826337,250.99,0.26625490,0
1507230703,22826336,250.99,0.08044425,0
1507230703,22826335,250.99,0.60483870,0
1507230676,22826325,250.98,1.56488900,0
1507230676,22826324,250.98,9.28408455,0
1507230618,22826268,250.98,0.27938400,0
1507230617,22826266,250.98,0.43653145,0
1507230617,22826265,250.98,0.80453155,0
1507230616,22826264,250.98,12.49546845,0
1507230616,22826263,250.97,2.10589407,0
1507230616,22826261,250.88,0.21392948,0
1507230616,22826258,250.88,0.41907500,0
1507230615,22826257,250.88,0.13969200,0
1507230614,22826253,250.88,0.13969200,0
1507230613,22826251,250.88,0.27938400,0
1507230612,22826246,250.88,0.37351052,0
1507230612,22826245,250.79,1.59979648,0
1507230612,22826244,250.79,0.16444400,0
1507230610,22826242,250.79,2.67800000,0
1507230579,22826220,250.79,10.50775952,0
1507230579,22826219,250.67,1.56585800,0
1507230579,22826218,250.50,2.87638248,0
1507230575,22826211,250.50,1.15138833,0
1507230575,22826210,250.49,4.44236467,0
1507230574,22826209,250.50,1.46906200,0
1507230553,22826201,250.48,0.02876100,0
1507230504,22826191,250.49,1.25297900,0
1507230487,22826183,250.50,0.79290251,0
1507230480,22826161,250.48,0.77303018,0
1507230402,22826130,250.49,7.65127200,0
1507230374,22826121,250.43,0.11605246,0
1507230372,22826119,250.00,0.00171705,0
1507230364,22826108,250.00,0.99828295,0
1507230364,22826107,249.90,0.00000002,0
1507230342,22826092,249.89,5.37999929,1
1507230326,22826082,249.89,0.10063618,1
1507230326,22826081,249.89,0.57909480,1
1507230316,22826071,249.90,2.76674200,0
1507230314,22826070,249.89,4.93091400,0
1507230291,22826049,249.90,22.43176900,0
1507230290,22826048,249.90,0.16423100,0
1507230289,22826047,249.90,0.06000273,0
1507230289,22826045,249.90,1.60331500,0
1507230289,22826043,249.90,0.42269200,0
1507230288,22826042,249.90,1.01438000,0
1507230287,22826041,249.90,0.14721000,0
1507230286,22826040,249.90,0.10044325,0
1507230284,22826037,249.90,0.38921500,0
1507230282,22826029,249.90,10.44000000,0
1507230282,22826028,249.90,0.46000000,1
1507230280,22826026,250.44,0.52471655,0
1507230280,22826025,250.00,0.49646945,0
1507230260,22826008,250.00,18.96229700,0
1507230251,22826006,250.00,0.49646900,0
1507230206,22825979,250.00,0.08338600,0
1507230196,22825974,250.00,0.43316380,0
1507230196,22825973,249.99,8.44377282,0
1507230196,22825972,249.98,0.03596338,0
1507230192,22825971,249.98,0.10023042,1
1507230189,22825970,249.99,1.77599710,0
1507230189,22825969,249.99,0.22400290,0
1507230170,22825955,250.00,3.00453836,0
1507230167,22825954,250.00,3.58823500,0
1507230164,22825951,250.00,0.10026226,0
1507230163,22825948,250.00,3.15718445,0
1507230161,22825943,250.00,3.15627642,0
1507230160,22825939,250.00,13.48751500,0
1507230158,22825937,250.00,0.41089338,0
1507230158,22825936,249.98,0.16814662,0
1507230157,22825932,249.98,0.10017915,0
1507230157,22825928,249.99,0.10010003,1
1507230157,22825927,250.00,0.57896000,0
1507230155,22825921,250.00,0.57884000,0
1507230154,22825916,250.00,0.57872000,0
1507230152,22825913,250.00,0.31868937,0
1507230152,22825912,249.99,0.25995063,0
1507230151,22825909,249.99,0.10004937,0
1507230148,22825905,250.00,0.10020277,0
1507230147,22825898,250.00,0.11189580,0
1507230145,22825896,250.00,0.20966000,0
1507230143,22825894,250.00,6.39403640,0
1507230143,22825893,249.98,0.60596360,0
1507230139,22825887,250.00,2.34000000,0
1507230138,22825886,250.00,0.87166931,0
1507230138,22825885,249.99,0.31900000,0
1507230138,22825884,250.00,5.04000000,0
1507230138,22825883,250.00,7.99556800,0
1507230137,22825882,250.00,21.95338000,0
1507230136,22825881,250.00,3.45160000,0
1507230136,22825880,249.99,0.43000000,0
1507230135,22825879,250.00,2.00000000,0
1507230133,22825873,250.00,0.10008823,1
1507230127,22825868,250.41,0.20000000,0
1507230109,22825862,250.43,0.46000000,0
1507230071,22825841,250.00,0.16822366,0
1507230071,22825840,249.99,0.41038890,0
1507230070,22825837,249.99,0.09961110,1
1507230070,22825833,250.00,14.78917586,0
1507230069,22825832,250.00,3.70428000,0
1507230069,22825831,250.00,1.67708048,0
1507230069,22825830,250.00,73.13600000,0
1507230067,22825829,250.00,0.20000000,0
1507230066,22825828,250.00,0.95000000,1
1507230066,22825827,250.00,1.00000000,1
1507230066,22825826,250.00,1.00000000,1
1507230066,22825825,250.00,1.00000000,1
1507230066,22825824,250.00,2.05624000,1
1507230066,22825823,250.14,0.31900000,1
1507230056,22825819,250.81,0.34258636,0
1507230048,22825816,250.78,2.20715414,0
1507230048,22825815,250.77,12.79284586,0
1507230044,22825813,250.80,0.90902180,0
1507230044,22825812,250.80,0.24310000,0
1507230016,22825803,250.66,1.99633000,0
1507230014,22825802,250.67,1.49204000,0
1507229957,22825766,250.46,4.06042796,0
1507229933,22825726,250.00,1.30017408,0
1507229933,22825724,250.00,0.10003550,0
1507229933,22825723,250.00,3.35155185,0
1507229932,22825721,250.00,5.91303000,0
1507229932,22825720,250.00,5.49235500,0
1507229932,22825718,250.00,1.01486700,0
1507229932,22825716,250.00,24.42922000,0
1507229932,22825714,250.00,2.70243400,0
1507229931,22825712,250.00,2.70666600,0
1507229931,22825710,250.00,4.30309200,0
1507229931,22825709,250.00,3.69690800,0
1507229930,22825708,250.00,3.34823845,0
1507229930,22825707,250.00,6.10375700,0
1507229930,22825705,250.00,4.34015500,0
1507229930,22825704,250.00,13.12234500,0
1507229929,22825703,250.00,0.24310000,0
1507229928,22825702,250.00,14.62925992,0
1507229928,22825701,250.00,0.09991120,1
1507229928,22825700,250.30,3.10290000,1
1507229922,22825693,250.82,1.00000000,1
1507229872,22825629,250.00,7.12192937,0
1507229871,22825624,250.00,5.52414321,0
1507229870,22825621,250.00,1.76594400,0
1507229870,22825619,250.00,0.09987130,0
1507229869,22825615,250.00,3.77845079,0
1507229868,22825611,250.00,4.00000000,0
1507229868,22825609,250.00,3.77022498,0
1507229868,22825606,250.00,4.00000000,0
1507229868,22825605,250.00,20.57871600,0
1507229867,22825604,250.00,3.64781400,0
1507229867,22825602,250.00,29.31941200,0
1507229867,22825601,250.00,1.42432600,0
1507229867,22825600,250.00,4.00000000,0
1507229866,22825599,250.00,0.09982128,0
1507229866,22825598,250.00,0.32200000,0
1507229866,22825595,250.00,1.73454298,0
1507229866,22825594,250.00,0.32426300,0
1507229865,22825592,250.00,0.29375915,0
1507229864,22825588,250.00,0.09983596,1
1507229863,22825587,250.19,4.69376900,1
1507229863,22825586,250.43,0.49000000,1
1507229863,22825585,250.75,2.91117698,1
1507229859,22825580,250.75,1.53810130,1
1507229856,22825578,250.87,2.99593414,0
1507229855,22825577,250.86,0.61000000,0
1507229855,22825576,250.86,2.37409535,0
1507229820,22825559,250.86,0.44558718,0
1507229772,22825516,250.86,5.12497490,0
1507229772,22825515,250.85,1.56482400,0
1507229772,22825514,250.84,0.16020110,0
1507229772,22825513,250.80,1.00000000,0
1507229772,22825512,250.80,2.15000000,0
1507229728,22825483,250.80,6.00000000,0
1507229707,22825473,250.86,6.99446000,0
1507229707,22825472,250.85,0.72000000,0
1507229702,22825463,250.79,1.99328150,0
1507229701,22825462,250.79,2.70110450,0
1507229700,22825461,250.78,0.26348860,0
1507229689,22825456,250.78,8.51893800,0
1507229679,22825452,250.75,4.69310100,1
1507229663,22825447,250.72,1.60753031,0
1507229659,22825446,250.86,0.32276967,1
1507229657,22825441,250.66,3.69629600,0
1507229656,22825440,250.66,1.00000000,0
1507229643,22825427,250.61,2.05470800,0
1507229592,22825397,250.02,0.24310000,1
1507229591,22825395,250.01,10.99000000,1
1507229591,22825393,250.00,33.89944277,0
1507229590,22825391,250.00,19.94377600,0
1507229590,22825390,250.00,1.57284100,0
1507229590,22825389,250.00,6.29160200,0
1507229590,22825388,250.00,7.38048800,0
1507229589,22825386,250.00,13.13843000,0
1507229589,22825385,250.00,0.03000000,0
1507229588,22825383,250.00,1.56501500,0
1507229587,22825382,250.00,10.96000000,0
1507229587,22825380,250.00,0.09969471,1
1507229587,22825379,250.05,0.24310000,1
1507229587,22825378,250.20,3.24499679,1
1507229587,22825377,250.70,1.63061373,1
1507229546,22825354,250.86,0.64255891,0
1507229546,22825353,250.84,0.92000000,0
1507229546,22825352,250.80,0.43336940,0
1507229525,22825343,250.81,4.51235860,0
1507229518,22825335,250.81,0.18351740,0
1507229518,22825333,250.80,0.71277860,0
1507229477,22825262,250.59,0.33162933,0
1507229475,22825259,250.58,0.05675151,0
1507229468,22825256,250.59,0.29244301,0
1507229456,22825247,250.64,0.18634849,0
1507229456,22825246,250.60,0.76860132,0
1507229440,22825239,250.60,0.41964039,0
1507229440,22825238,250.57,1.57469570,0
1507229414,22825225,250.59,0.17458797,0
1507229394,22825189,250.70,0.80833100,0
1507229347,22825144,250.00,26.01525852,0
1507229347,22825143,250.00,55.31929400,0
1507229347,22825142,250.00,10.49523871,0
1507229345,22825141,250.00,1.56511100,0
1507229345,22825139,250.00,0.09968359,1
1507229345,22825138,250.00,4.14380301,1
1507229344,22825137,250.14,2.01890700,1
1507229344,22825136,250.15,0.24310000,1
1507229344,22825134,250.39,0.09960417,1
1507229318,22825118,250.70,2.00000000,1
1507229271,22825091,250.79,0.10175913,0
1507229269,22825088,250.60,0.39634000,1
1507229191,22825059,250.76,0.78664858,0
1507229189,22825053,250.75,0.20783320,0
1507229143,22824999,250.69,0.75403911,0
1507229131,22824995,250.83,0.34183090,0
1507229130,22824993,250.70,3.00000000,0
1507229130,22824992,250.60,2.69514800,0
1507229130,22824991,250.60,2.00000000,0
1507229101,22824973,250.65,1.98675000,0
1507229066,22824953,250.66,0.19024409,0
1507229059,22824946,250.39,1.69952249,0
1507229059,22824945,250.39,0.31939000,0
1507229058,22824942,250.39,0.09956094,0
1507229029,22824923,250.30,2.00000000,0
1507229015,22824914,250.39,0.19916930,0
1507228965,22824890,250.39,0.51803187,0
1507228910,22824843,250.02,0.12232414,1
1507228908,22824841,250.39,5.00000000,0
1507228810,22824766,250.39,0.17385806,0
1507228810,22824764,250.38,0.98000000,0
1507228810,22824763,250.00,11.73944656,0
1507228808,22824754,250.00,0.97628000,0
1507228807,22824753,250.00,0.09963690,0
1507228805,22824745,250.00,0.19998642,0
1507228803,22824743,250.00,1.99189265,0
1507228802,22824738,250.00,3.77503301,0
1507228801,22824736,250.00,0.09956717,0
1507228801,22824735,250.00,5.80551510,0
1507228801,22824734,249.99,4.69119990,0
1507228800,22824733,249.99,2.42880010,0
1507228800,22824732,249.99,0.56222190,0
1507228798,22824724,250.00,3.77255936,0
1507228796,22824721,250.00,0.54415000,0
1507228796,22824720,249.99,3.77005178,1
1507228795,22824719,249.99,0.09927200,0
1507228792,22824660,250.00,4.13851750,0
1507228791,22824657,250.00,10.99000000,0
1507228790,22824656,250.00,1.00000000,1
1507228790,22824655,250.00,1.81740600,1
1507228790,22824654,250.05,1.00000000,1
1507228790,22824653,250.07,1.56550500,1
1507228790,22824652,250.07,0.48450433,1
1507228788,22824651,250.39,0.09928240,0
1507228719,22824623,250.39,0.46000000,0
1507228717,22824621,250.00,1.48193757,0
1507228716,22824617,250.00,0.02431401,0
1507228716,22824616,250.00,0.31116000,0
1507228714,22824612,250.00,4.44618395,0
1507228713,22824611,250.00,4.74554428,0
1507228713,22824609,250.00,5.78552000,0
1507228713,22824607,250.00,0.15344063,0
1507228713,22824606,249.99,1.00000000,0
1507228712,22824604,250.00,0.09899591,0
1507228712,22824600,250.00,22.53817900,0
1507228711,22824598,250.00,7.22747100,0
1507228710,22824585,250.00,0.09911040,1
1507228710,22824582,250.00,3.08814325,1
1507228702,22824569,250.00,9.55261276,0
1507228701,22824568,250.00,13.06536000,0
1507228700,22824567,250.00,1.00000000,1
1507228700,22824565,250.00,0.09902724,1
1507228700,22824564,250.01,26.28300000,1
1507228693,22824559,250.39,10.61297394,0
1507228689,22824554,250.39,1.81594100,0
1507228688,22824552,250.35,0.10405900,0
1507228659,22824540,250.39,28.00227000,0
1507228659,22824539,250.35,0.20000000,0
1507228643,22824520,250.50,1.00000000,1
1507228641,22824518,250.00,0.72470700,1
1507228640,22824517,250.01,0.20000000,1
1507228638,22824512,250.00,0.72343832,0
1507228638,22824509,250.00,1.81625407,0
1507228637,22824506,250.00,2.20399400,0
1507228637,22824505,250.00,22.18843700,0
1507228636,22824503,250.00,4.44659900,0
1507228635,22824502,250.00,0.48860000,1
1507228635,22824501,250.00,1.00000000,1
1507228635,22824500,250.00,0.09902420,1
1507228635,22824499,250.05,0.13541449,1
1507228635,22824498,250.07,1.83196540,1
1507228635,22824497,250.15,1.65000000,1
1507228635,22824496,250.20,11.85183552,1
1507228634,22824495,250.39,1.56443800,1
1507228626,22824483,250.89,1.03290536,0
1507228626,22824481,250.86,0.50000000,0
1507228626,22824480,250.80,0.36056564,0
1507228622,22824477,250.50,15.66815716,0
1507228619,22824474,250.50,8.73253493,0
1507228619,22824473,250.50,8.55592814,0
1507228617,22824468,250.50,0.64622100,0
1507228616,22824467,250.15,1.35000000,1
1507228610,22824459,250.50,0.16945300,0
1507228604,22824451,250.50,1.46177786,0
1507228594,22824438,250.50,0.17476727,0
1507228586,22824432,250.50,1.37134500,0
1507228583,22824430,250.50,6.22135729,0
1507228580,22824424,250.50,0.21390898,0
1507228580,22824422,250.49,1.36000000,0
1507228574,22824416,250.50,8.44342990,0
1507228574,22824415,250.49,1.61000000,0
1507228574,22824413,250.48,7.03996708,0
1507228574,22824411,250.47,0.33976420,0
1507228566,22824400,250.47,0.37737172,0
1507228554,22824376,250.00,0.24617013,0
1507228554,22824374,250.00,35.98615900,0
1507228554,22824373,250.00,1.00000000,0
1507228554,22824371,250.00,8.76072900,0
1507228553,22824368,250.00,3.56694187,0
1507228551,22824362,250.18,0.44000000,1
1507228514,22824348,250.48,3.46541551,0
1507228514,22824347,250.47,0.91984000,0
1507228512,22824346,250.47,1.00016000,1
1507228508,22824344,250.48,0.43106487,0
1507228503,22824333,250.47,0.32000000,1
1507228502,22824331,250.48,1.91181929,0
1507228500,22824325,250.47,2.28000000,1
1507228499,22824324,250.47,3.00000000,0
1507228499,22824323,250.46,0.20000000,0
1507228494,22824314,249.00,0.11822214,0
1507228494,22824312,249.00,0.40140572,0
1507228493,22824306,249.00,6.24762111,0
1507228493,22824305,249.00,1.00702000,0
1507228493,22824304,249.00,0.13560063,0
1507228492,22824303,249.00,0.32000000,0
1507228492,22824302,249.00,3.18824171,1
1507228492,22824301,249.13,4.41000000,1
1507228492,22824300,249.21,2.23543300,1
1507228491,22824299,249.25,3.54583976,1
1507228491,22824298,249.44,0.49000000,1
1507228491,22824297,249.45,1.06748390,1
1507228491,22824296,249.50,3.49412732,1
1507228491,22824295,249.52,3.24499679,1
1507228491,22824294,249.78,0.13559563,1
1507228491,22824293,249.80,4.69728900,1
1507228491,22824292,249.83,6.83900000,1
1507228491,22824291,249.84,1.93612329,1
1507228490,22824290,249.85,6.28600000,1
1507228490,22824289,249.85,0.20000000,1
1507228474,22824265,250.48,0.42070019,0
1507228474,22824264,250.47,0.31900000,0
1507228467,22824255,249.78,0.08725458,1
1507228466,22824253,249.86,4.69663300,0
1507228466,22824252,249.96,0.31900000,1
1507228465,22824248,250.05,3.00000000,1
1507228432,22824238,250.47,1.36698502,0
1507228432,22824237,250.46,0.11388190,0
1507228432,22824235,250.46,0.24350000,0
1507228431,22824234,249.96,1.97484638,1
1507228431,22824233,249.96,0.09905372,1
1507228431,22824231,249.97,0.49000000,1
1507228430,22824228,250.00,1.00000000,1
1507228263,22824148,249.51,1.56892057,1
1507228263,22824147,249.83,1.00000000,1
1507228262,22824145,249.88,0.24350000,1
1507228262,22824141,249.95,0.45000000,1
1507228261,22824139,249.96,0.69491908,1
1507228235,22824126,250.40,0.20327000,0
1507228219,22824115,250.40,1.52359107,0
1507228219,22824114,250.38,0.18730580,0
1507228094,22824024,250.49,0.59463021,0
1507228087,22823967,250.46,0.24340000,1
1507228087,22823966,250.46,0.20000000,0
1507228079,22823959,249.95,0.79669470,0
1507228078,22823957,249.98,0.24340000,0
1507228078,22823956,249.98,0.20000000,1
1507228044,22823943,250.49,0.77530384,0
1507228044,22823942,250.30,0.05859917,0
1507228042,22823937,250.29,1.20000000,0
1507227982,22823910,250.30,20.00000000,0
1507227941,22823877,250.30,0.54688000,0
1507227937,22823873,250.30,0.08889333,0
1507227936,22823869,250.30,2.13820600,0
1507227934,22823860,250.30,29.88005300,0
1507227934,22823858,250.29,2.14000000,0
1507227876,22823810,250.29,0.56557566,0
1507227875,22823809,250.28,0.23329576,1
1507227835,22823791,250.28,0.01030424,0
1507227835,22823790,250.27,0.30806870,0
1507227835,22823789,250.27,0.32000000,0
1507227771,22823716,249.77,3.39497817,1
1507227770,22823715,249.77,1.06143728,1
1507227770,22823714,249.79,0.24360000,1
1507227769,22823712,249.84,0.32000000,1
1507227769,22823711,250.00,1.12628728,1
1507227762,22823701,250.29,0.03983379,0
1507227751,22823681,250.30,9.09601100,0
1507227751,22823680,250.29,2.65000000,0
1507227595,22823596,250.29,0.77484001,0
1507227581,22823580,250.00,0.14390783,1
1507227553,22823554,250.29,1.16399706,0
1507227544,22823539,250.30,38.06873492,0
1507227544,22823538,250.29,0.00014008,0
1507227544,22823536,250.29,3.50985992,0
1507227544,22823535,250.10,0.00000008,0
1507227543,22823531,250.10,15.50457600,0
1507227521,22823504,250.10,0.21211990,0
1507227500,22823487,250.10,0.08212000,0
1507227488,22823478,250.10,0.45000000,0
1507227429,22823441,250.10,4.02729362,0
1507227428,22823440,250.10,13.77889900,0
1507227297,22823277,250.00,5.00000000,0
1507227296,22823276,250.00,8.67656489,0
1507227200,22823245,250.00,0.11785813,0
1507227154,22823231,249.66,2.00040000,1
1507227152,22823230,250.00,0.19948000,0
1507226963,22823150,250.00,1.35340558,0
1507226955,22823139,250.00,0.47230212,0
1507226954,22823138,249.80,0.30181225,0
1507226916,22823101,249.80,0.22039428,0
1507226916,22823100,249.80,1.00645820,0
1507226798,22823055,249.80,4.77684003,0
1507226761,22823015,249.80,7.52629253,0
1507226761,22823014,249.79,4.96393747,0
1507226709,22822988,249.79,0.50000000,0
1507226658,22822924,249.79,0.40004606,1
1507226591,22822883,249.84,1.00000000,1
1507226110,22822658,250.00,5.29728000,0
1507226071,22822639,250.00,0.83804000,0
1507225889,22822526,250.00,1.60000000,0
1507225884,22822525,250.00,1.46192000,0
1507225872,22822517,250.00,6.10004000,0
1507225868,22822515,250.00,1.60000000,0
1507225841,22822499,250.00,0.19972000,0
1507225802,22822485,250.00,0.08338928,0
1507225797,22822482,250.00,2.00000000,1
1507225736,22822445,250.10,0.71856397,0
1507225736,22822444,250.09,0.39991603,0
1507225660,22822414,250.09,0.10008397,0
1507225631,22822393,250.10,18.59470774,0
1507225631,22822392,250.02,0.81175226,0
1507225590,22822366,250.02,0.50126000,0
1507225502,22822345,250.02,1.99855014,1
1507225418,22822290,250.10,0.99828069,0
1507225299,22822250,250.10,0.50000000,0
1507225281,22822242,250.10,42.31613900,0
1507225280,22822241,250.09,2.40000000,0
1507225260,22822235,250.01,0.36056564,1
1507225228,22822204,250.10,1.00000000,1
1507225228,22822203,250.20,1.00000000,1
1507225227,22822202,250.25,0.81730000,1
1507225188,22822188,250.30,0.12262258,1
1507224972,22822123,250.35,1.20330749,0
1507224972,22822122,250.35,0.50000000,1
1507224970,22822121,250.85,0.29669251,1
1507224888,22822093,250.30,0.87737742,1
1507224729,22822053,250.25,0.19827000,1
1507224693,22822024,250.85,0.04653040,0
1507224693,22822022,250.82,0.03996960,0
1507224577,22821967,250.80,0.54331901,0
1507224577,22821966,250.75,1.18940241,0
1507224577,22821965,250.70,2.95035500,0
1507224577,22821964,250.69,0.21143570,0
1507224577,22821963,250.69,0.15656788,0
1507224547,22821943,250.69,0.24967091,0
1507224525,22821892,250.69,0.59376121,0
1507224523,22821889,250.56,0.24320000,1
1507224523,22821888,250.56,0.58000000,0
1507224469,22821854,250.00,0.19771586,1
1507224349,22821805,250.01,0.58174483,1
1507224302,22821791,250.00,9.42453770,1
1507224302,22821790,250.05,1.00000000,1
1507224302,22821789,250.06,0.24320000,1
1507224302,22821787,250.37,0.50000000,1
1507223892,22821592,250.70,1.00126000,0
1507223769,22821514,250.70,0.04838500,0
1507223657,22821474,250.75,0.31059759,0
1507223655,22821470,250.50,0.64375897,0
1507223653,22821467,250.50,0.58390080,0
1507223624,22821451,250.50,0.79640719,0
1507223193,22821289,250.50,2.00000000,0
1507223073,22821200,250.11,0.04008180,0
1507223073,22821199,250.00,1.08784802,0
1507223073,22821198,250.00,4.00000000,0
1507223073,22821197,249.99,0.27000000,0
1507223017,22821165,249.94,0.14634000,0
1507223015,22821164,249.94,0.14631600,0
1507223010,22821162,249.95,1.39323413,0
1507223010,22821161,249.94,7.00953487,0
1507222905,22821115,249.94,1.09878841,0
1507222903,22821111,249.93,0.53258651,0
1507222903,22821110,249.93,1.09877976,0
1507222902,22821108,249.95,0.53258651,0
1507222901,22821106,249.94,3.12426486,0
1507222900,22821102,249.95,0.53258651,0
1507222899,22821101,249.95,1.09873975,0
1507222899,22821098,249.95,0.53258651,0
1507222898,22821097,249.95,3.12410482,0
1507222898,22821095,249.95,0.31926385,0
1507222898,22821093,249.95,0.53258651,0
1507222897,22821092,249.95,1.09869974,0
1507222896,22821090,249.95,0.53258651,0
1507222892,22821087,249.95,3.12394479,0
1507222892,22821085,249.95,0.53258651,0
1507222892,22821084,249.95,1.09865973,0
1507222891,22821082,249.95,0.53258651,0
1507222890,22821080,249.95,3.12378476,0
1507222890,22821076,249.95,0.53258651,0
1507222889,22821074,249.95,1.09865973,0
1507222888,22821072,249.95,0.53258651,0
1507222887,22821069,249.95,2.83540708,0
1507222887,22821067,249.95,1.06525305,0
1507222848,22821026,249.95,0.50000000,0
1507222839,22821012,249.95,0.28817763,0
1507222753,22820962,249.94,1.00126000,0
1507222729,22820947,249.95,0.03988798,0
1507222584,22820893,249.95,0.08777756,0
1507222460,22820848,249.94,0.38970274,1
1507222460,22820846,249.95,3.18924310,1
1507222460,22820844,249.95,5.11000000,0
1507222459,22820843,249.95,2.00040000,0
1507222459,22820842,249.95,0.19659615,0
1507222458,22820841,249.94,0.69628890,0
1507222343,22820748,249.95,0.83923240,0
1507222343,22820747,249.94,2.00000000,0
1507222343,22820746,249.94,1.18483456,0
1507221888,22820507,249.95,0.79815963,0
1507221870,22820500,249.95,0.28005601,0
1507221856,22820492,249.95,3.99479896,0
1507221798,22820452,249.95,1.58723425,0
1507221677,22820354,249.99,2.01766312,0
1507221666,22820346,249.99,0.75774622,0
1507221666,22820345,249.98,1.94125378,0
1507221614,22820329,249.98,1.55874622,0
1507221524,22820284,249.99,0.86624605,0
1507221524,22820283,249.99,0.57034310,0
1507221524,22820282,249.99,2.12155651,0
1507221524,22820281,249.99,0.30810039,0
1507221524,22820280,249.98,1.31061243,0
1507221524,22820279,249.98,0.25668457,0
1507221524,22820278,249.98,1.45021976,0
1507221524,22820277,249.98,0.91177862,0
1507221524,22820276,249.50,0.14000000,0
1507221341,22820208,249.49,1.18843561,0
1507221254,22820154,249.98,0.63800162,0
1507221254,22820153,249.98,0.25698000,0
1507221254,22820152,249.92,0.04011230,0
1507221254,22820151,249.80,0.66009562,0
1507221236,22820141,249.80,0.33990438,0
1507221236,22820140,249.79,0.50000000,0
1507221225,22820132,249.38,0.07931000,1
1507221216,22820123,249.36,2.20000000,1
1507221051,22820055,249.78,2.00704000,0
1507221013,22820027,249.79,1.08151218,0
1507221013,22820026,249.79,0.92325974,0
1507220962,22819956,249.82,0.18022307,0
1507220962,22819955,249.81,1.00000000,0
1507220962,22819954,249.80,0.32000000,0
1507220961,22819953,249.80,0.33640931,0
1507220948,22819947,249.80,1.19359069,0
1507220890,22819913,249.82,0.47642991,0
1507220890,22819911,249.81,0.31811827,0
1507220890,22819910,249.81,0.68188173,0
1507220890,22819909,249.80,0.24572407,0
1507220866,22819893,249.82,4.11143453,0
1507220859,22819888,249.82,0.64208598,0
1507220859,22819887,249.81,0.18426910,0
1507220847,22819883,249.82,0.13573090,0
1507220829,22819872,249.83,1.35427593,0
1507220829,22819871,249.82,0.24390000,0
1507220798,22819858,249.85,0.39923954,0
1507220783,22819852,249.77,1.11430516,0
1507220765,22819835,249.81,0.79620512,0
1507220758,22819826,249.78,2.51529200,0
1507220758,22819825,249.77,0.20000000,0
1507220757,22819822,249.00,1.47949388,0
1507220757,22819819,249.00,1.00000000,1
1507220757,22819818,249.10,0.80000000,1
1507220757,22819817,249.22,0.32000000,1
1507220757,22819816,249.22,0.24390000,1
1507220757,22819815,249.27,0.20000000,1
1507220719,22819795,249.83,0.80076874,1
1507220681,22819747,249.87,0.10589000,0
1507220630,22819708,249.91,3.24784330,0
1507220611,22819696,249.75,0.80247161,1
1507220608,22819695,249.76,0.45000000,0
1507220593,22819687,249.80,0.29892002,0
1507220592,22819686,249.76,10.85229840,1
1507220551,22819651,249.85,4.69917341,0
1507220538,22819642,249.73,4.69493582,0
1507220526,22819637,249.11,0.30000000,1
1507220482,22819604,249.67,3.95733965,0
1507220391,22819544,249.75,0.05989990,0
1507220325,22819506,249.22,0.04022530,0
1507220319,22819495,249.16,1.91241491,0
1507220292,22819484,249.16,4.47082000,0
1507220267,22819431,249.16,26.82900000,0
1507220266,22819430,249.16,0.17860500,0
1507220256,22819424,249.16,0.68460900,0
1507220250,22819415,249.16,2.56698700,0
1507220247,22819414,249.16,0.18707100,0
1507220241,22819410,249.16,1.22435500,0
1507220240,22819409,249.16,0.30681800,0
1507220239,22819408,249.16,0.07941500,0
1507220229,22819399,249.16,0.45000000,0
1507220226,22819396,249.16,20.80000000,0
1507220226,22819395,249.10,0.20000000,0
1507220222,22819388,249.16,3.63444200,0
1507220222,22819387,249.16,10.84236200,0
1507220221,22819386,249.15,0.24470000,0
1507220201,22819381,248.60,1.11019673,1
1507220201,22819380,248.61,0.20000000,1
1507220189,22819376,248.65,1.50771115,1
1507220183,22819375,248.65,2.49228885,1
1507220183,22819374,248.66,0.24470000,1
1507220172,22819360,249.16,3.82385458,0
1507220163,22819352,248.67,1.08514307,1
1507220150,22819344,249.16,1.39610105,0
1507220150,22819343,249.16,0.38264151,0
1507220147,22819341,249.16,8.02191365,0
1507220143,22819336,249.16,1.39604683,0
1507220131,22819326,249.16,4.72329021,0
1507220131,22819325,249.16,5.74488701,0
1507220124,22819319,249.16,0.14741000,0
1507220121,22819315,249.16,1.90475600,0
1507220116,22819309,249.16,7.22041300,0
1507220113,22819308,249.16,2.34799900,0
1507220106,22819301,249.16,18.34331200,0
1507220104,22819300,249.16,0.05981200,0
1507220094,22819282,249.16,0.27766000,0
1507220094,22819281,249.15,0.12000000,0
1507220088,22819279,249.16,0.36126000,0
1507220086,22819277,249.15,0.14000000,0
1507220044,22819256,249.16,0.64366471,0
1507220044,22819254,249.15,0.16000000,0
1507219985,22819226,249.15,0.10723419,1
1507219977,22819216,249.16,0.53976000,0
1507219975,22819214,249.16,0.21255498,0
1507219972,22819213,249.15,0.21000000,1
1507219959,22819209,249.15,0.26000000,1
1507219957,22819208,249.15,0.12276581,1
1507219948,22819203,249.15,0.30000000,0
1507219899,22819174,249.16,2.10000000,0
1507219899,22819173,249.16,0.95194000,0
1507219897,22819171,249.16,2.70390600,0
1507219897,22819170,249.15,0.14000000,0
1507219892,22819166,249.16,0.30102500,0
1507219892,22819165,249.15,0.06202100,0
1507219884,22819157,249.15,0.09797900,0
1507219876,22819150,249.16,1.88883927,0
1507219875,22819148,249.16,0.05241000,0
1507219875,22819147,249.16,2.77947482,0
1507219874,22819146,249.16,0.40034516,0
1507219872,22819145,249.16,0.07919000,0
1507219871,22819142,249.16,13.92539000,0
1507219870,22819141,249.15,0.18000000,0
1507219821,22819073,249.16,0.62161000,0
1507219820,22819072,249.16,0.36961500,0
1507219820,22819071,249.15,0.22000000,0
1507219811,22819058,249.16,1.59857800,0
1507219810,22819056,249.15,0.31000000,0
1507219798,22819047,249.15,0.28914308,0
1507219787,22819042,249.16,4.99026045,0
1507219787,22819041,249.16,3.50375332,0
1507219762,22819031,249.15,0.14728000,0
1507219751,22819025,249.16,2.75842831,0
1507219751,22819024,249.15,0.40000000,0
1507219751,22819023,249.15,0.24470000,0
1507219749,22819022,249.14,0.20000000,0
1507219744,22819016,248.61,1.55474000,1
1507219744,22819015,248.64,0.20000000,1
1507219744,22819013,248.64,0.24470000,1
1507219743,22819011,249.16,0.35226998,0
1507219743,22819010,249.15,0.48000000,0
1507219743,22819009,249.14,0.20000000,0
1507219720,22818994,249.16,7.00678279,0
1507219720,22818992,249.16,2.00172580,0
1507219713,22818991,249.16,0.07890166,0
1507219712,22818990,249.15,0.57000000,0
1507219681,22818916,249.16,0.34029395,0
1507219681,22818915,249.15,0.46000000,0
1507219663,22818900,249.16,1.64501800,0
1507219662,22818898,249.15,0.20000000,0
1507219658,22818894,249.16,2.98577900,0
1507219657,22818893,249.16,0.80580837,0
1507219657,22818892,249.15,0.55000000,0
1507219654,22818889,249.15,0.08499800,0
1507219636,22818868,249.15,0.28605257,0
1507219618,22818852,249.16,0.07759078,0
1507219618,22818851,249.15,0.32255619,0
1507219618,22818850,249.15,0.39744381,0
1507219607,22818841,248.63,1.02468857,1
1507219607,22818840,248.86,0.34019015,1
1507219598,22818826,249.15,0.08566000,0
1507219586,22818799,249.16,1.26953775,0
1507219586,22818798,249.16,1.61443789,0
1507219582,22818768,249.16,1.01661800,0
1507219580,22818741,249.16,2.92596231,0
1507219579,22818738,249.16,2.50534472,0
1507219579,22818735,249.15,0.64000000,0
1507219572,22818690,249.16,1.27238129,0
1507219572,22818689,249.16,5.77714768,0
1507219571,22818688,249.16,4.53240130,0
1507219565,22818678,249.16,1.31099956,0
1507219565,22818677,249.15,0.76000000,0
1507219551,22818655,249.15,0.08566000,0
1507219528,22818602,249.15,0.08566000,0
1507219501,22818576,249.16,0.08566000,0
1507219501,22818575,249.16,0.74251400,0
1507219500,22818574,249.16,0.87000000,0
1507219454,22818554,249.16,2.33239083,0
1507219454,22818553,249.16,7.69644306,0
1507219448,22818549,249.16,2.35390915,0
1507219442,22818543,249.16,0.52747000,0
1507219438,22818534,249.16,0.17404800,0
1507219431,22818524,249.16,0.71648200,0
1507219428,22818520,249.16,1.00702000,0
1507219416,22818499,249.16,1.29267000,0
1507219410,22818497,249.16,0.57202400,0
1507219401,22818493,249.16,0.41494000,0
1507219401,22818492,249.15,0.10000000,0
1507219341,22818450,249.16,0.14091700,0
1507219340,22818449,249.15,0.12000000,0
1507219308,22818425,249.16,0.78011700,0
1507219305,22818422,249.16,3.92698400,0
1507219305,22818421,249.15,0.14000000,0
1507219284,22818402,249.16,0.33799200,0
1507219283,22818401,249.15,0.17000000,0
1507219266,22818383,249.16,33.73206600,0
1507219265,22818380,249.16,0.57248200,0
1507219265,22818379,249.15,0.20000000,0
1507219250,22818366,249.16,1.03666700,0
1507219249,22818365,249.16,3.06996300,0
1507219249,22818364,249.15,0.24000000,0
1507219244,22818355,249.16,3.30996300,0
1507219242,22818353,249.16,1.38863700,0
1507219242,22818351,249.16,0.24000000,0
1507219240,22818346,249.16,17.55088600,0
1507219240,22818345,249.15,0.24000000,0
1507219225,22818316,249.16,1.27429800,0
1507219225,22818315,249.15,0.28000000,0
1507219204,22818292,249.16,9.75540900,0
1507219203,22818291,249.15,0.34000000,0
1507219179,22818272,249.16,0.03572300,0
1507219168,22818256,249.16,0.06719000,0
1507219168,22818255,249.15,0.08000000,0
1507219167,22818254,249.15,0.32000000,1
1507219159,22818244,249.16,0.35274200,0
1507219158,22818239,249.16,0.34628200,0
1507219157,22818238,249.16,1.57211400,0
1507219154,22818237,249.15,0.48000000,1
1507219152,22818235,249.16,0.51289700,0
1507219151,22818234,249.16,0.54919300,0
1507219149,22818233,249.16,1.44363700,0
1507219149,22818232,249.15,0.57000000,0
1507219136,22818221,249.16,7.45426566,0
1507219136,22818220,249.15,0.68000000,0
1507219136,22818219,249.14,1.87274434,0
1507219092,22818192,249.14,9.47770300,0
1507219080,22818181,249.15,0.14540900,0
1507219078,22818180,249.15,0.05385300,0
1507219077,22818179,249.15,0.02600000,0
1507219068,22818174,249.16,1.93000000,0
1507219068,22818173,249.16,0.07274300,0
1507219066,22818172,249.16,0.06211366,0
1507219066,22818171,249.16,0.88460827,0
1507219066,22818170,249.16,1.93594216,0
1507219066,22818169,249.15,0.85000000,0
1507219059,22818159,249.16,0.49000000,0
1507219058,22818158,249.16,0.53556589,0
1507219058,22818157,249.15,1.24000000,0
1507219057,22818145,249.14,2.97872852,0
1507219040,22818112,249.16,9.54449000,0
1507219039,22818111,249.16,0.44000000,0
1507219039,22818110,249.16,2.15321293,0
1507219039,22818109,249.16,2.16921812,0
1507219036,22818108,249.16,4.76200400,0
1507219035,22818107,249.16,1.96491400,0
1507219035,22818106,249.16,1.33587800,0
1507219035,22818105,249.15,1.47000000,0
1507219033,22818101,249.16,0.60748848,0
1507219033,22818100,249.16,1.11783501,0
1507219033,22818098,249.16,3.50778616,0
1507219033,22818096,249.16,1.71034544,0
1507219032,22818094,249.15,0.07291993,0
1507219032,22818092,249.15,0.24708007,1
1507219029,22818083,249.16,43.32921900,0
1507219029,22818082,249.15,11.03000000,0
1507219022,22818076,249.16,0.29541724,0
1507219021,22818073,249.16,0.40012007,0
1507219021,22818068,249.16,17.68502200,0
1507219021,22818067,249.16,1.18074300,0
1507219020,22818066,249.16,1.62665600,0
1507219020,22818064,249.16,1.56710800,0
1507219019,22818059,249.15,0.46000000,0
1507219019,22818053,249.16,9.85392150,0
1507219019,22818052,249.16,3.76990194,0
1507219018,22818051,249.16,0.47000000,1
1507219018,22818050,249.17,6.06000000,1
1507219018,22818049,249.19,2.14107300,1
1507219018,22818048,249.21,0.15743883,1
1507218846,22817902,249.30,3.47660658,0
1507218846,22817901,249.30,1.56675600,1
1507218846,22817900,249.38,0.32000000,1
1507218811,22817832,249.99,0.80153895,0
1507218788,22817823,249.98,0.39903192,0
1507218722,22817766,250.11,0.19295509,0
1507218721,22817764,250.10,1.99944000,0
1507218720,22817762,249.80,0.10544220,0
1507218720,22817761,249.80,0.50000000,0
1507218563,22817611,250.07,1.84492281,0
1507218563,22817609,249.60,9.46595537,0
1507218562,22817598,249.31,4.64453719,1
1507218562,22817597,249.56,0.46000000,1
1507218560,22817593,249.60,0.55788205,0
1507218560,22817592,249.59,0.24340000,0
1507218536,22817533,250.20,0.13460811,0
1507218523,22817521,249.62,0.41214376,1
1507218517,22817516,250.18,1.90392553,0
1507218476,22817418,249.60,2.69950682,1
1507218476,22817417,249.69,0.20000000,1
1507218464,22817404,250.37,0.09820003,0
1507218441,22817371,249.63,2.41140767,0
1507218441,22817369,249.84,0.80051233,1
1507218441,22817368,249.85,0.20000000,1
1507218440,22817367,249.86,0.24340000,1
1507218343,22817216,250.60,0.31771747,1
1507218343,22817211,250.52,1.00000000,0
1507218341,22817204,250.51,0.17342460,0
1507218291,22817183,249.66,0.07176320,0
1507218289,22817180,250.33,0.00112157,1
1507218267,22817162,250.39,3.45599280,0
1507218267,22817161,250.38,1.00000000,0
1507218266,22817160,250.38,0.00000030,0
1507218266,22817159,250.37,0.28523790,0
1507218261,22817156,250.33,0.80000000,1
1507218231,22817122,250.38,0.99999970,0
1507218231,22817121,250.38,0.46914130,0
1507218231,22817119,250.38,0.50000000,0
1507218096,22816962,249.72,4.01000000,1
1507218084,22816960,250.37,1.00000000,1
1507218075,22816951,250.38,4.01000000,0
1507218055,22816923,250.51,0.49770468,0
1507217915,22816811,250.37,0.39016954,0
1507217908,22816809,250.37,1.18919458,0
1507217878,22816779,249.64,19.03275724,0
1507217872,22816775,249.64,14.71341800,0
1507217863,22816767,249.64,0.10386957,0
1507217859,22816764,249.64,1.15000000,0
1507217804,22816723,249.64,34.24634000,0
1507217803,22816720,249.64,8.68894443,0
1507217803,22816719,249.63,0.87000000,0
1507217793,22816713,249.64,5.60604978,0
1507217793,22816712,249.63,0.87000000,0
1507217792,22816711,249.57,0.02006622,0
1507217739,22816655,249.64,25.71845500,0
1507217733,22816645,249.64,4.72300000,0
1507217722,22816632,249.64,0.89856954,0
1507217685,22816600,249.64,14.44312100,0
1507217671,22816593,249.64,0.42515700,0
1507217670,22816592,249.64,2.21717400,0
1507217658,22816583,249.64,3.55071200,0
1507217654,22816575,249.64,0.42712300,0
1507217653,22816566,249.64,6.82528800,0
1507217653,22816565,249.63,0.10000000,0
1507217647,22816559,249.64,0.91355600,0
1507217647,22816558,249.63,0.12000000,0
1507217618,22816503,249.64,5.00000000,0
1507217614,22816502,249.64,1.12311502,0
1507217614,22816498,249.64,5.00000000,0
1507217611,22816494,249.64,18.10288200,0
1507217610,22816493,249.63,0.14000000,0
1507217605,22816488,249.63,0.03634000,0
1507217595,22816473,249.64,8.00856000,0
1507217590,22816466,249.64,5.06025861,0
1507217588,22816460,249.64,2.48672700,0
1507217586,22816456,249.64,0.03611500,0
1507217584,22816450,249.64,9.74525300,0
1507217583,22816447,249.64,4.83000000,0
1507217583,22816446,249.63,0.17000000,0
1507217583,22816444,249.64,5.23648400,0
1507217580,22816435,249.64,2.53000000,0
1507217580,22816434,249.64,2.53000000,0
1507217580,22816431,249.64,3.03101200,0
1507217578,22816423,249.64,13.86000000,0
1507217578,22816422,249.64,1.00000000,0
1507217571,22816408,249.64,5.42793014,0
1507217571,22816407,249.63,0.21000000,0
1507217568,22816405,249.64,0.03630800,0
1507217567,22816403,249.64,46.07337210,0
1507217567,22816402,249.62,0.32000000,0
1507217564,22816398,249.64,6.31877576,0
1507217564,22816397,249.64,3.86647573,0
1507217564,22816396,249.64,3.11808917,0
1507217564,22816395,249.63,0.25000000,0
1507217552,22816373,249.64,1.98767874,0
1507217552,22816372,249.64,3.92374780,0
1507217552,22816371,249.63,0.29000000,0
1507217547,22816354,249.14,0.07789619,1
1507217547,22816353,249.17,0.10210381,1
1507217547,22816351,249.26,0.32000000,1
1507217545,22816347,249.50,0.50000000,1
1507217524,22816318,249.64,3.69339388,0
1507217524,22816317,249.63,0.35000000,0
1507217501,22816287,249.64,10.04081800,0
1507217501,22816285,249.64,0.89071681,0
1507217498,22816281,249.64,17.10567300,0
1507217496,22816279,249.64,18.87473000,0
1507217496,22816278,249.63,0.42000000,0
1507217482,22816263,249.64,0.30370065,0
1507217482,22816261,249.63,0.03000000,0
1507217478,22816252,249.63,0.46000000,0
1507217472,22816230,249.64,7.91539800,0
1507217470,22816228,249.64,0.05872444,0
1507217469,22816227,249.64,77.15180600,0
1507217469,22816225,249.63,0.54819400,0
1507217466,22816221,249.63,0.03180600,0
1507217463,22816214,249.64,0.52337078,0
1507217456,22816206,249.64,0.18666240,0
1507217456,22816204,249.63,0.38637569,0
1507217456,22816203,249.63,0.30362431,0
1507217443,22816182,249.64,61.23868741,0
1507217443,22816180,249.57,10.10160359,0
1507217438,22816176,249.57,76.69000000,0
1507217438,22816175,249.56,1.01000000,0
1507217437,22816174,249.57,6.46401800,0
1507217437,22816173,249.57,46.13717000,0
1507217437,22816172,249.56,1.01000000,0
1507217416,22816153,249.57,77.70000000,0
1507217414,22816151,249.57,3.87471296,0
1507217412,22816145,249.57,76.21000000,0
1507217412,22816144,249.56,1.49000000,0
1507217411,22816141,249.57,9.22771186,0
1507217411,22816140,249.56,1.53500000,0
1507217405,22816135,249.56,0.12500000,0
1507217396,22816117,249.57,14.03877813,0
1507217396,22816116,249.57,6.83056409,0
1507217396,22816115,249.56,0.93775800,0
1507217389,22816112,249.56,1.22224200,0
1507217384,22816102,249.57,75.75116872,0
1507217384,22816100,249.56,1.94423528,0
1507217376,22816054,249.56,0.25576472,0
1507217360,22816016,249.57,72.12178514,0
1507217360,22816015,249.56,2.34936086,0
1507217360,22816013,249.56,0.27063914,0
1507217360,22816012,249.56,0.24350000,0
1507217359,22816011,249.56,9.51000000,0
1507217359,22816010,249.54,0.27744500,0
1507217359,22816009,249.53,4.73917586,0
1507217344,22815998,249.51,0.28754904,0
1507217343,22815992,249.50,1.53000000,1
1507217343,22815991,249.51,10.05000000,0
1507217342,22815986,249.50,0.32000000,1
1507217325,22815957,249.57,0.56477810,0
1507217325,22815956,249.57,8.47000000,0
1507217325,22815955,249.60,2.00000000,1
1507217325,22815954,249.64,0.32000000,1
1507217324,22815953,249.65,13.49770941,1
1507217280,22815898,250.39,0.12226190,0
1507217280,22815897,250.38,0.56477810,0
1507217278,22815896,250.28,0.32000000,0
1507217221,22815849,249.12,0.65306884,0
1507217215,22815848,249.58,0.90817234,1
1507217215,22815847,249.64,6.00953487,1
1507217200,22815835,249.64,1.00000000,1
1507217196,22815832,249.73,0.17173994,1
1507217196,22815831,249.74,0.80083287,1
1507217125,22815799,249.73,1.01309462,1
1507217125,22815798,249.74,0.56522000,1
1507217125,22815797,249.80,2.50052626,1
1507217106,22815792,249.80,1.54405958,1
1507217106,22815791,249.80,3.95907580,1
1507217106,22815790,249.80,5.01674192,1
1507217106,22815789,249.80,6.93373338,1
1507217100,22815787,249.81,1.69088873,1
1507217100,22815786,249.82,0.24350000,1
1507217100,22815785,249.82,0.32000000,1
1507217100,22815784,249.83,0.80054437,1
1507216950,22815728,250.19,0.87227703,0
1507216950,22815727,250.19,1.71349774,0
1507216948,22815725,250.18,0.28000000,0
1507216809,22815653,249.67,0.32134503,1
1507216702,22815604,250.18,2.28000000,1
1507216695,22815600,250.19,0.24350000,0
1507216691,22815599,250.18,0.32000000,1
1507216542,22815523,249.68,0.63839761,1
1507216542,22815522,249.68,0.24350000,1
1507216542,22815521,249.72,0.32000000,1
1507216536,22815520,250.40,0.02000000,0
1507216522,22815502,250.40,0.43422523,0
1507216520,22815499,250.39,0.24300000,0
1507216501,22815475,250.46,0.67168410,0
1507216499,22815472,250.45,0.32000000,0
1507216388,22815407,249.78,0.04509192,1
1507216375,22815396,249.73,1.25578142,1
1507216375,22815394,249.73,0.30929258,1
1507216375,22815392,249.74,0.24300000,1
1507216375,22815389,249.82,0.32000000,1
1507216316,22815353,250.60,12.71875498,0
1507216316,22815352,250.59,48.80900000,0
1507216316,22815351,250.59,4.01000000,1
1507216315,22815350,250.50,5.00000000,0
1507216315,22815349,250.40,3.52253829,0
1507216315,22815348,250.39,0.80000000,0
1507216315,22815347,250.25,7.00953487,0
1507216314,22815346,250.24,4.01000000,0
1507216314,22815345,250.24,3.00000000,0
1507216314,22815344,250.16,1.56759000,0
1507216314,22815343,250.06,1.00000000,0
1507216314,22815342,250.05,0.50997060,1
1507216312,22815341,249.70,7.62518519,0
1507216306,22815339,250.00,0.37659445,1
1507216306,22815338,250.00,0.32100000,1
1507216306,22815337,249.72,0.18087815,0
1507216289,22815327,249.70,1.99739688,0
1507216263,22815311,249.65,0.29965952,0
1507215966,22815089,248.89,0.92637309,1
1507215957,22815072,249.58,0.06295384,1
1507215956,22815071,249.58,0.70000000,1
1507215913,22815012,249.61,1.30126000,0
1507215886,22814947,249.58,0.04019450,1
1507215769,22814887,248.79,1.24875833,1
1507215769,22814886,249.10,0.32100000,1
1507215755,22814883,249.14,9.11132401,1
1507215717,22814849,249.14,0.25094324,1
1507215640,22814784,249.72,0.97785519,0
1507215638,22814780,249.71,0.32100000,0
1507215544,22814730,249.72,1.13851514,0
1507215330,22814603,248.99,1.51723260,0
1507215130,22814468,248.99,0.16024740,0
1507215124,22814458,248.68,1.00000000,1
1507215123,22814457,249.02,0.32100000,1
1507215122,22814456,249.63,0.04021181,0
1507214980,22814332,249.61,4.07888305,0
1507214979,22814331,249.59,0.10889140,0
1507214883,22814281,249.53,0.35621175,0
1507214883,22814280,249.34,4.09000000,0
1507214883,22814279,249.33,0.04020750,0
1507214883,22814278,249.25,2.67358075,0
1507214883,22814277,249.24,0.99000000,0
1507214795,22814223,249.25,1.52698094,0
1507214793,22814222,249.21,2.47543866,0
1507214770,22814213,249.25,0.79943831,0
1507214770,22814212,249.20,5.00000000,0
1507214770,22814211,248.99,1.00606199,0
1507214705,22814144,249.17,0.40032909,0
1507214507,22814002,248.71,0.05376579,1
1507214507,22814001,249.29,1.05371421,1
1507214485,22813982,249.29,0.41814800,1
1507214411,22813912,248.87,1.10507212,1
1507214409,22813911,248.87,0.30443678,0
1507214409,22813910,249.00,0.63590753,1
1507214407,22813908,249.07,0.06843120,1
1507214394,22813895,249.07,0.10242435,1
1507214391,22813892,249.07,0.28340728,1
1507214391,22813891,249.18,1.39033070,1
1507214391,22813890,249.18,0.73944801,1
1507214384,22813878,249.18,0.10241429,1
1507214370,22813866,249.18,7.76780700,1
1507214357,22813849,249.25,1.56706200,1
1507214356,22813848,249.30,4.36000000,1
1507214337,22813828,249.34,0.30000000,0
1507214336,22813827,249.34,0.61000000,0
1507214257,22813802,249.30,0.64000000,1
1507214252,22813800,249.33,0.10889140,1
1507214252,22813799,249.36,0.89345760,0
1507214250,22813798,249.46,3.99765100,1
1507214230,22813793,249.81,1.00000000,0
1507214185,22813781,249.79,0.24300000,1
1507214099,22813716,249.80,1.22372723,0
1507214088,22813707,249.51,0.29411800,1
1507214073,22813694,249.48,1.57838868,1
1507214067,22813690,249.50,0.08708000,1
1507213952,22813634,249.86,0.77888607,0
1507213930,22813614,249.41,0.74034106,1
1507213875,22813583,250.04,0.21603957,0
1507213822,22813556,249.41,4.83000000,1
1507213820,22813555,250.02,1.99848000,0
1507213819,22813552,249.60,4.69753600,1
1507213819,22813551,249.65,3.04000000,1
1507213590,22813368,250.19,0.19932851,0
1507213551,22813326,249.84,1.15795782,1
1507213551,22813325,250.00,0.08519318,1
1507213550,22813324,250.01,0.57982300,1
1507213545,22813319,250.01,0.22014500,1
1507213494,22813282,250.74,0.29008212,0
1507213459,22813277,249.61,2.20100446,0
1507213459,22813275,249.80,1.14787060,1
1507213459,22813274,249.80,0.24300000,0
1507213459,22813273,250.01,4.69105500,1
1507213458,22813272,250.51,0.80076874,1
1507213413,22813241,250.94,3.47746171,0
1507213412,22813240,250.93,0.72000000,0
1507213412,22813239,250.90,1.11253829,0
1507213354,22813212,250.90,2.05398736,0
1507213354,22813211,250.90,0.50000000,0
1507213354,22813210,250.90,0.10000000,0
1507213354,22813209,250.89,3.34601264,0
1507213312,22813192,250.88,10.00000000,0
1507213305,22813189,250.88,8.88822580,0
1507213305,22813188,250.88,0.11177420,0
1507213224,22813145,250.90,6.59115185,1
1507213224,22813144,250.81,0.97806635,0
1507213223,22813142,250.79,0.18383900,0
1507213213,22813134,250.80,0.20000000,0
1507213179,22813115,250.81,1.70906263,0
1507213179,22813114,250.80,0.10000000,0
1507213177,22813112,250.70,0.10000000,0
1507213175,22813111,250.65,1.00000000,1
1507213160,22813103,250.65,8.78215452,0
1507213135,22813085,250.65,10.45267493,0
1507213122,22813078,250.50,1.87588239,0
1507213122,22813077,250.50,5.88139222,0
1507213105,22813041,250.50,0.36272539,0
1507213104,22813040,250.50,0.03527860,0
1507213098,22813034,250.50,4.39919497,0
1507213095,22813017,250.50,6.19756487,0
1507213058,22812908,250.50,1.29709674,0
1507213058,22812907,250.40,0.30000000,0
1507213023,22812798,250.50,0.80108948,0
1507212972,22812672,250.50,3.87290652,0
1507212942,22812654,250.50,26.23799020,0
1507212941,22812653,250.49,7.73000000,0
1507212936,22812651,250.50,0.79843507,0
1507212861,22812540,250.50,2.62254742,0
1507212855,22812535,250.49,0.23000000,0
1507212853,22812534,250.48,0.43131430,0
1507212848,22812531,250.47,2.83089799,0
1507212844,22812528,250.47,0.19910568,0
1507212813,22812514,250.48,0.57897643,0
1507212754,22812473,250.00,1.50000000,1
1507212754,22812472,250.00,5.43861199,1
1507212729,22812451,250.20,1.80000800,1
1507212729,22812450,250.20,0.19999200,1
1507212651,22812387,250.34,0.19960056,0
1507212605,22812362,250.34,1.29719800,0
1507212567,22812348,250.36,3.58583640,0
1507212501,22812324,250.00,8.40627111,1
1507212484,22812311,250.00,0.15511690,1
1507212482,22812309,250.01,0.19999200,1
1507212459,22812296,250.00,1.00000000,1
1507212382,22812266,250.00,4.16372889,1
1507212253,22812140,250.00,3.74000000,1
1507212253,22812139,250.01,6.69000000,1
1507212251,22812136,250.00,4.04166141,1
1507212251,22812134,250.50,2.08519318,0
1507212251,22812133,250.49,3.00000000,0
1507212251,22812132,250.38,1.56476900,0
1507212251,22812131,250.30,3.29015143,0
1507212251,22812129,250.15,3.43624720,0
1507212173,22812056,249.57,1.66329100,0
1507212173,22812055,249.60,0.34490650,1
1507212172,22812054,249.58,4.69391100,1
1507212171,22812053,249.59,0.59990253,0
1507212171,22812052,250.05,4.05703713,1
1507212170,22812051,250.06,10.99000000,1
1507212140,22812013,250.05,0.94296287,1
1507212133,22812000,250.15,0.55415280,0
1507212133,22811999,250.12,0.04201420,0
1507212116,22811975,250.11,11.00000000,0
1507212080,22811957,250.12,0.39955821,0
1507212073,22811951,250.14,1.55842759,1
1507212060,22811933,250.14,1.56616100,0
1507212060,22811932,250.14,20.87541141,0
1507212054,22811922,249.98,0.24350000,0
1507212054,22811921,249.97,1.80292941,0
1507211987,22811838,250.14,1.80242492,0
1507211987,22811836,250.14,0.79711585,0
1507211920,22811791,250.27,1.00704000,0
1507211885,22811767,250.16,1.11403350,0
1507211885,22811766,250.16,1.04809196,0
1507211871,22811750,249.36,0.87454915,1
1507211871,22811748,249.41,0.08044425,1
1507211865,22811735,249.43,2.80996941,1
1507211840,22811707,250.36,2.88262465,0
1507211838,22811706,250.25,1.00000000,0
1507211827,22811681,249.42,0.24350000,0
1507211823,22811677,249.42,0.05385852,1
1507211823,22811676,249.42,1.56614148,1
1507211821,22811674,250.10,0.80000000,1
1507211779,22811640,250.06,2.51556078,0
1507211684,22811595,250.06,1.64551090,0
1507211684,22811593,250.06,0.25361947,0
1507211683,22811592,250.06,0.65479422,0
1507211647,22811547,250.06,0.03987043,0
1507211611,22811509,250.06,0.46970981,0
1507211527,22811452,249.99,0.00000217,0
1507211522,22811448,249.99,0.22578783,1
1507211490,22811417,250.06,0.50000000,0
1507211482,22811361,250.01,4.69627000,0
1507211476,22811353,250.00,0.22579000,1
1507211464,22811344,250.00,4.49777700,0
1507211464,22811342,250.00,0.20126000,0
1507211452,22811336,250.01,0.50000000,0
1507211438,22811332,250.00,2.49772352,1
1507211437,22811331,250.00,1.49267648,0
1507211430,22811330,250.00,0.50000000,0
1507211391,22811310,249.95,3.16652565,0
1507211389,22811309,249.95,0.50000000,0
1507211369,22811301,249.91,0.50000000,0
1507211369,22811299,249.91,0.19955184,0
1507211328,22811263,249.85,0.50000000,0
1507211315,22811252,249.82,1.26000000,0
1507211309,22811247,249.81,0.50000000,0
1507211291,22811225,249.76,0.40030423,0
1507211269,22811204,249.81,0.50000000,0
1507211259,22811190,249.77,0.40030423,0
1507211256,22811189,249.80,0.41969960,1
1507211239,22811177,249.69,0.04014940,0
1507211239,22811176,249.68,0.04015100,0
1507211231,22811166,249.07,0.00000252,0
1507211224,22811152,249.07,0.34796000,0
1507211219,22811143,249.07,3.29015143,0
1507211215,22811138,249.07,0.40159030,0
1507211210,22811132,249.07,6.37976511,0
1507211209,22811130,249.07,0.28713310,0
1507211209,22811128,249.06,0.21286690,0
1507211199,22811103,249.07,40.00000000,0
1507211190,22811092,249.07,0.50000000,0
1507211185,22811082,249.07,4.16375746,0
1507211179,22811075,249.07,0.53661009,0
1507211173,22811072,249.07,3.91790478,0
1507211158,22811061,249.07,0.40159030,0
1507211150,22811046,249.07,1.18442000,0
1507211149,22811044,249.07,0.50000000,0
1507211089,22810977,249.07,0.50000000,0
1507211078,22810964,249.07,3.03000000,0
1507211035,22810878,249.07,0.50000000,0
1507210968,22810825,249.01,0.15737445,1
1507210955,22810801,249.07,4.40538804,0
1507210943,22810791,249.07,0.37913036,0
1507210861,22810719,249.07,10.00000000,0
1507210856,22810713,249.07,0.94882000,0
1507210851,22810701,249.07,51.27975017,0
1507210848,22810688,249.07,1.52429200,0
1507210843,22810679,249.07,5.00000000,0
1507210839,22810674,249.07,43.87080000,0
1507210831,22810668,249.07,1.89948900,0
1507210830,22810667,249.07,10.98520000,0
1507210828,22810665,249.07,46.26210387,0
1507210825,22810662,249.07,21.70298100,0
1507210821,22810654,249.07,12.86892200,0
1507210819,22810652,249.07,6.55016000,0
1507210816,22810647,249.07,13.12240900,0
1507210792,22810622,249.07,0.12000000,0
1507210728,22810563,249.07,0.40207471,0
1507210708,22810502,249.07,2.30385000,0
1507210669,22810477,249.07,3.82523585,0
1507210617,22810433,249.07,6.81767000,0
1507210592,22810404,249.07,0.40228498,0
1507210516,22810358,249.07,1.00000000,0
1507210471,22810321,249.07,5.00000000,0
1507210465,22810317,249.07,3.33182569,0
1507210461,22810314,249.07,2.72578100,0
1507210445,22810296,249.07,6.31993988,0
1507210439,22810294,249.07,0.10200267,0
1507210435,22810289,249.07,0.54911855,0
1507210435,22810287,249.07,0.10196262,0
1507210433,22810282,249.07,0.39639458,0
1507210431,22810276,249.07,0.10191908,0
1507210426,22810266,249.07,0.23948800,0
1507210425,22810265,249.07,0.25786953,0
1507210424,22810263,249.07,0.27612435,0
1507210423,22810259,249.07,10.00000000,0
1507210422,22810257,249.07,1.82621755,0
1507210412,22810240,249.07,15.00000000,0
1507210402,22810230,249.07,5.43544000,0
1507210402,22810229,249.07,6.11596800,0
1507210400,22810226,249.07,7.00000000,0
1507210399,22810219,249.07,14.22876600,0
1507210398,22810218,249.07,4.00000000,0
1507210398,22810217,249.07,8.92031100,0
1507210396,22810212,249.07,2.61809600,0
1507210395,22810209,249.07,26.79849300,0
1507210394,22810208,249.07,4.00000000,0
1507210394,22810207,249.07,1.26027100,0
1507210394,22810206,249.07,42.66140800,0
1507210362,22810178,249.07,81.04004900,0
1507210360,22810176,249.07,0.21315900,0
1507210348,22810134,249.07,0.05800000,0
1507210321,22810111,249.07,24.00000000,0
1507210265,22810060,249.07,0.03933100,0
1507210231,22810022,249.07,4.56082400,0
1507210231,22810021,249.07,16.26776400,0
1507210231,22810019,249.07,13.31470800,0
1507210229,22810018,249.07,4.42320000,0
1507210228,22810015,249.07,10.72502600,0
1507210227,22810012,249.07,3.29219800,0
1507210206,22809925,249.07,1.00000000,0
1507210206,22809923,249.07,4.41702000,0
1507210206,22809913,249.07,12.41146500,0
1507210171,22809869,249.07,2.27821270,0
1507210164,22809861,249.07,3.23216652,0
1507210162,22809859,249.07,0.20018469,0
1507210147,22809849,249.07,0.06367688,0
1507210134,22809838,249.07,0.88796335,0
1507210127,22809832,249.07,1.60134958,0
1507210121,22809824,249.07,1.55216088,0
1507210119,22809823,249.07,24.31545200,0
1507210117,22809822,249.07,28.14645200,0
1507210115,22809820,249.07,21.00000000,0
1507210102,22809808,249.07,3.81994660,0
1507210097,22809806,249.07,0.40199389,0
1507210096,22809804,249.07,0.21566289,0
1507210091,22809801,249.07,1.11523591,0
1507210090,22809800,249.07,1.20272938,0
1507210089,22809798,249.07,1.85710004,0
1507210064,22809779,249.07,2.96342394,0
1507210062,22809776,249.07,1.97723531,0
1507210061,22809772,249.07,8.80594593,0
1507210060,22809769,249.07,0.33239652,0
1507210059,22809766,249.07,3.53302284,0
1507210058,22809763,249.07,0.10350672,0
1507210056,22809758,249.07,3.86517845,0
1507210055,22809754,249.07,0.02009117,0
1507210050,22809734,249.07,4.00331529,0
1507210038,22809719,249.07,1.50595837,0
1507210026,22809711,249.07,5.10884534,0
1507210026,22809710,249.07,18.70284100,0
1507209995,22809679,249.07,0.10265668,0
1507209933,22809601,249.07,0.50358650,0
1507209928,22809599,249.07,3.13557126,0
1507209928,22809598,249.07,1.00000000,0
1507209925,22809593,249.07,34.06459900,0
1507209923,22809592,249.07,5.29548300,0
1507209921,22809591,249.07,35.24540000,0
1507209912,22809563,249.07,0.10227410,0
1507209879,22809521,249.07,2.42764400,0
1507209872,22809517,249.07,0.58371800,0
1507209864,22809510,249.07,8.89035749,0
1507209864,22809509,249.06,0.11000000,0
1507209853,22809494,248.75,2.01898000,1
1507209852,22809490,249.07,9.49708291,0
1507209852,22809489,249.06,0.13000000,0
1507209784,22809461,249.07,1.53073384,0
1507209783,22809457,249.07,2.25192932,0
1507209783,22809456,249.06,0.16000000,0
1507209782,22809454,248.75,3.94348843,1
1507209770,22809446,249.07,10.17291003,0
1507209770,22809443,249.06,0.19000000,0
1507209765,22809441,249.07,2.52238790,0
1507209757,22809431,249.07,35.81782600,0
1507209757,22809430,249.06,0.22000000,0
1507209755,22809429,249.07,32.57148863,0
1507209755,22809428,249.06,13.79651537,0
1507209741,22809380,249.06,4.03358513,0
1507209732,22809341,249.06,1.84363996,0
1507209703,22809291,249.06,1.12129477,0
1507209678,22809268,249.06,1.20151771,0
1507209563,22809076,249.06,0.40050590,0
1507209554,22809067,249.06,0.67991946,0
1507209554,22809066,249.05,0.24480000,0
1507209554,22809065,249.04,0.32100015,0
1507209521,22809024,248.28,4.56658577,1
1507209521,22809023,248.29,0.24480000,1
1507209520,22809021,248.30,0.39319371,1
1507209510,22809004,248.30,0.32371893,0
1507209508,22809002,248.30,4.70538600,1
1507209501,22808993,248.53,0.80400000,1
1507209501,22808992,248.59,0.45000000,1
1507209495,22808983,248.60,4.70400900,1
1507209495,22808982,248.60,0.32100000,1
1507209476,22808956,248.76,0.03863381,1
1507209476,22808953,248.76,0.38605661,1
1507209476,22808952,248.76,0.72129241,1
1507209450,22808906,249.06,23.21494404,0
1507209450,22808904,249.06,0.26000000,0
1507209433,22808876,249.07,2.58853000,0
1507209433,22808875,249.07,0.18000000,0
1507209433,22808874,249.06,0.31000000,0
1507209403,22808806,249.07,0.57147200,0
1507209402,22808804,249.07,0.03969900,0
1507209402,22808803,249.07,0.63911200,0
1507209402,22808802,249.06,0.37000000,0
1507209387,22808793,249.07,1.27304358,0
1507209386,22808792,249.06,0.44000000,0
1507209386,22808791,249.06,0.38695642,0
1507209374,22808787,249.06,1.36566805,0
1507209363,22808778,249.06,1.67941700,0
1507209359,22808769,249.06,2.49561500,0
1507209357,22808766,249.06,0.10200000,0
1507209354,22808764,249.06,1.43452500,0
1507209329,22808733,249.06,1.36308300,0
1507209322,22808726,249.06,0.05315900,0
1507209322,22808725,249.06,1.00000000,0
1507209310,22808720,249.06,1.00000000,0
1507209274,22808686,249.06,0.80914700,0
1507209252,22808667,249.06,1.19751300,0
1507209238,22808661,249.06,2.00252951,0
1507209217,22808611,249.06,0.03524571,0
1507209217,22808610,249.06,0.08200729,0
1507209135,22808522,249.07,8.53886000,0
1507209135,22808521,249.07,0.76000000,1
1507209133,22808516,249.06,0.76000000,0
1507209124,22808509,249.05,7.23290000,0
1507209056,22808483,248.58,0.00000015,1
1507209055,22808482,248.69,6.48241185,0
1507209055,22808481,248.69,12.33562700,0
1507209055,22808479,248.69,1.06145015,0
1507209055,22808478,248.69,6.48241200,0
1507209053,22808477,248.70,4.70443100,1
1507209046,22808476,248.74,0.39726000,1
1507208974,22808449,249.05,0.02530784,0
1507208901,22808400,249.26,1.00000000,1
1507208825,22808359,249.02,7.36786999,1
1507208627,22808178,250.06,4.21702791,0
1507208627,22808176,250.00,1.67161143,0
1507208625,22808175,249.99,0.04427378,0
1507208615,22808168,250.00,1.49672000,0
1507208446,22808064,250.64,0.23654644,0
1507208446,22808063,250.64,1.80000000,0
1507208446,22808062,250.60,1.38342078,0
1507208444,22808060,250.58,0.60000000,0
1507208439,22808059,249.77,0.00682250,1
1507208439,22808058,250.00,3.16833143,1
1507208439,22808057,250.00,4.24064010,1
1507208301,22808007,250.57,0.19902622,1
1507208292,22808005,250.58,1.19422939,0
1507208252,22807986,250.01,1.80000000,0
1507208125,22807939,250.00,3.87935990,1
1507208125,22807938,250.01,0.24330000,1
1507208125,22807937,250.01,2.55773210,1
1507208125,22807936,250.01,1.43960800,1
1507208124,22807933,250.55,2.39323488,1
1507208087,22807877,250.65,1.77602234,0
1507208078,22807874,250.65,17.98914821,0
1507208077,22807872,250.64,1.34000000,0
1507208077,22807871,250.60,0.20000000,0
1507208077,22807870,250.60,0.02443219,0
1507208075,22807869,250.59,1.73166353,0
1507208073,22807866,250.53,0.10256728,1
1507208073,22807865,250.53,0.00001164,1
1507208067,22807860,250.51,0.03000000,0
1507208067,22807859,250.50,33.60448836,0
1507208063,22807857,250.50,37.84980000,0
1507208063,22807856,250.49,1.59000000,0
1507208046,22807841,250.46,0.39674112,1
1507208044,22807827,250.46,0.07446305,1
1507208044,22807825,250.46,2.52879583,1
1507208043,22807824,250.46,0.23573500,1
1507208041,22807819,250.46,2.76426500,1
1507208039,22807816,250.45,3.00000000,0
1507208016,22807804,250.44,0.00527435,1
1507208016,22807803,250.44,0.06920715,1
1507208012,22807798,250.44,0.00349285,1
1507208012,22807796,250.44,0.07094862,1
1507208010,22807792,250.44,0.00175138,1
1507208009,22807790,250.44,0.07269009,1
1507208005,22807780,250.43,0.00000991,0
1507208004,22807779,250.43,0.07270000,0
1507208002,22807777,250.42,0.35290000,0
1507207989,22807768,250.31,0.36790984,1
1507207984,22807760,250.32,0.20333708,1
1507207984,22807759,250.32,0.09388120,1
1507207984,22807758,250.42,0.50000000,1
1507207984,22807757,250.42,0.50000000,1
1507207984,22807756,250.42,0.50000000,1
1507207984,22807755,250.42,0.50000000,1
1507207984,22807754,250.42,0.40914372,1
1507207983,22807750,250.42,0.07436402,1
1507207982,22807748,250.42,0.01649226,1
1507207982,22807747,250.42,0.50000000,1
1507207982,22807746,250.42,0.50000000,1
1507207982,22807745,250.43,0.07274630,1
1507207980,22807742,250.43,0.42725370,1
1507207977,22807740,250.40,0.50000000,0
1507207977,22807739,250.32,1.39701880,1
1507207977,22807738,250.32,1.49090000,1
1507207977,22807737,250.32,1.49090000,1
1507207977,22807736,250.32,1.49086720,1
1507207977,22807735,250.33,0.36261400,1
1507207977,22807734,250.33,1.49090000,1
1507207976,22807733,250.33,1.49090000,1
1507207976,22807732,250.33,1.49090000,1
1507207965,22807716,250.33,1.49090000,1
1507207965,22807715,250.34,0.37170800,1
1507207965,22807714,250.34,0.03220000,1
1507207965,22807713,250.34,1.49090000,1
1507207965,22807712,250.34,1.49093000,1
1507207965,22807711,250.35,0.10000000,1
1507207965,22807710,250.36,0.10000000,1
1507207965,22807709,250.36,0.10000000,1
1507207965,22807708,250.36,0.10000000,1
1507207964,22807707,250.36,0.10000000,1
1507207964,22807706,250.36,0.10000000,1
1507207964,22807705,250.36,0.10000000,1
1507207962,22807702,250.35,0.10000000,0
1507207953,22807697,250.34,0.03217000,0
1507207952,22807696,250.30,0.00003280,0
1507207951,22807695,250.30,1.49090000,0
1507207805,22807600,250.25,0.10000000,0
1507207799,22807593,250.20,0.00001475,0
1507207799,22807592,250.20,3.16820000,0
1507207712,22807553,249.63,2.87857781,1
1507207712,22807550,249.64,0.39355000,1
1507207711,22807549,250.16,0.90930000,1
1507207711,22807548,250.16,0.90930000,1
1507207711,22807547,250.16,0.90927219,1
1507207693,22807526,250.16,0.00002781,0
1507207693,22807525,250.16,0.90930000,0
1507207638,22807486,250.13,0.10250000,0
1507207638,22807485,250.12,0.29000000,0
1507207636,22807482,249.63,0.43451571,1
1507207579,22807424,250.16,6.89067219,0
1507207579,22807423,250.15,0.10000000,0
1507207579,22807422,250.07,0.06007845,0
1507207576,22807417,250.07,0.05995944,0
1507207574,22807415,250.06,0.20000000,1
1507207553,22807404,250.00,0.06095104,1
1507207553,22807402,250.05,0.20000000,1
1507207551,22807399,250.05,0.10000000,0
1507207551,22807398,250.05,0.10000000,0
1507207538,22807393,250.00,0.36925881,0
1507207538,22807392,250.00,2.30676338,0
1507207537,22807391,250.00,0.13604390,0
1507207536,22807390,250.00,0.21875374,0
1507207536,22807389,250.00,0.24468236,0
1507207536,22807388,249.99,0.20000000,0
1507207536,22807387,249.86,0.46026915,1
1507207536,22807386,249.86,0.20000000,1
1507207536,22807385,249.86,0.19381357,1
1507207535,22807383,249.86,0.00618643,1
1507207535,22807382,249.86,0.20000000,1
1507207535,22807381,249.86,0.20000000,1
1507207535,22807380,249.86,0.20000000,1
1507207535,22807378,249.86,0.20000000,1
1507207535,22807377,249.86,0.20000000,1
1507207534,22807376,249.90,0.10000000,1
1507207534,22807375,249.91,0.10000000,1
1507207534,22807374,249.91,0.10000000,1
1507207534,22807373,249.91,0.10000000,1
1507207534,22807372,249.91,0.10000000,1
1507207534,22807371,249.91,0.10000000,1
1507207534,22807370,249.91,0.10000000,1
1507207534,22807369,249.91,0.10000000,1
1507207521,22807352,249.98,1.70000000,0
1507207521,22807351,249.95,0.10000000,0
1507207517,22807350,249.90,0.10000000,0
1507207511,22807344,249.85,0.09999957,0
1507207511,22807343,249.85,0.10000000,0
1507207510,22807342,249.80,0.50000000,0
1507207510,22807341,249.75,0.10000000,0
1507207510,22807340,249.75,0.10000000,0
1507207510,22807338,249.75,0.09978846,0
1507207480,22807290,249.71,8.07434374,0
1507207479,22807289,249.71,3.49774000,0
1507207479,22807288,249.71,0.17024700,0
1507207479,22807287,249.71,0.13090500,0
1507207479,22807286,249.71,0.75030108,0
1507207479,22807285,249.71,3.96786692,0
1507207479,22807284,249.71,0.22300000,0
1507207479,22807283,249.71,6.34559544,0
1507207479,22807282,249.70,0.00003764,0
1507207478,22807281,249.70,8.12592417,0
1507207478,22807280,249.69,2.41057583,0
1507207472,22807274,249.70,2.96821475,0
1507207472,22807273,249.65,0.10000000,0
1507207472,22807272,249.65,0.10000000,0
1507207461,22807264,249.60,0.10000000,0
1507207453,22807254,249.58,6.11000000,0
1507207452,22807252,249.58,1.69000000,0
1507207452,22807251,249.58,1.20000000,0
1507207451,22807250,249.58,1.00000000,0
1507207451,22807249,249.57,0.20000000,0
1507207451,22807248,249.56,0.10000000,1
1507207451,22807247,249.56,0.20000000,1
1507207451,22807246,249.57,0.20000000,0
1507207450,22807245,249.57,0.20000000,0
1507207450,22807244,249.57,0.20000000,0
1507207450,22807243,249.57,0.20000000,0
1507207450,22807242,249.55,0.10000000,0
1507207450,22807241,249.55,0.10000000,0
1507207417,22807194,249.47,0.05997001,0
1507207410,22807184,249.25,6.00000000,0
1507207373,22807156,249.54,0.32439689,1
1507207369,22807155,249.45,0.10000000,0
1507207369,22807154,249.45,0.10000000,0
1507207369,22807153,249.45,1.62037724,0
1507207368,22807152,249.45,0.10000000,0
1507207368,22807151,249.44,1.19448231,0
1507207365,22807150,249.35,0.10000000,0
1507207365,22807149,249.35,0.10000000,0
1507207365,22807148,249.30,0.10000000,0
1507207365,22807147,249.25,0.10000000,0
1507207365,22807146,249.25,0.10000000,0
1507207238,22807101,249.23,7.20965700,0
1507207093,22806995,249.23,1.20126000,0
1507207082,22806980,249.23,0.53954610,0
1507207082,22806978,249.22,0.14031190,0
1507207044,22806958,249.23,0.86731131,0
1507207042,22806957,249.21,1.13896264,0
1507207034,22806945,249.21,0.38069393,0
1507207032,22806944,249.18,0.40000000,0
1507206841,22806872,249.17,0.32889192,0
1507206840,22806870,249.17,0.54971939,0
1507206839,22806869,249.15,0.10000000,0
1507206839,22806868,249.15,0.10000000,0
1507206839,22806867,249.15,0.30000000,0
1507206838,22806865,249.14,0.12071923,0
1507206745,22806765,249.05,0.10000000,0
1507206745,22806764,249.05,0.10000000,0
1507206744,22806762,249.04,0.24480000,0
1507206608,22806668,248.50,0.04010939,1
1507206608,22806667,248.51,0.24480000,1
1507206580,22806653,248.50,0.28500000,1
1507206447,22806604,249.04,0.20024896,0
1507206413,22806549,249.04,0.53505460,0
1507206398,22806548,249.00,1.55026279,0
1507206398,22806547,249.00,0.44973721,0
1507206398,22806546,249.00,2.85729090,0
1507206397,22806545,248.99,4.70526000,0
1507206317,22806519,249.00,1.84989300,0
1507206315,22806515,249.00,7.09307000,0
1507206315,22806513,248.85,4.70718400,0
1507206259,22806471,248.70,0.85000000,1
1507206137,22806405,248.70,0.15000000,1
1507206109,22806386,249.00,1.96293173,0
1507206106,22806380,249.00,1.00000000,0
1507206091,22806374,249.00,0.28099900,0
1507206078,22806367,249.00,1.00126000,0
1507206002,22806264,249.00,0.06041323,0
1507205982,22806232,249.00,0.40457831,0
1507205970,22806196,249.00,1.47329683,0
1507205970,22806195,248.95,0.10000000,0
1507205970,22806194,248.94,4.67000000,0
1507205957,22806179,248.94,1.60289215,0
1507205952,22806171,248.90,0.23827594,0
1507205952,22806168,248.90,1.27043291,0
1507205939,22806141,248.90,1.75955466,0
1507205939,22806139,248.90,1.03001243,0
1507205939,22806137,248.90,0.05000000,0
1507205939,22806134,248.90,0.67980019,0
1507205939,22806132,248.85,0.10000000,0
1507205939,22806130,248.75,0.10000000,0
1507205938,22806128,248.74,0.09900000,0
1507205938,22806126,248.62,0.04032260,0
1507205938,22806124,248.42,0.04035510,0
1507205933,22806109,248.19,0.99914303,0
1507205933,22806108,248.19,5.26859000,0
1507205933,22806106,248.19,1.78149490,0
1507205932,22806105,248.19,4.97039317,0
1507205931,22806103,248.19,7.04989881,0
1507205931,22806100,248.19,1.86048960,0
1507205931,22806099,248.19,1.48731814,0
1507205925,22806096,248.19,4.96481900,0
1507205924,22806094,248.19,0.48115191,0
1507205924,22806090,248.19,23.28671100,0
1507205906,22806036,248.19,0.07550900,0
1507205896,22806027,248.19,1.34231300,0
1507205890,22806022,248.19,2.00000000,0
1507205885,22806017,248.19,0.17623595,0
1507205883,22806012,248.19,0.98491900,0
1507205877,22806007,248.19,28.14445300,0
1507205853,22805975,248.19,1.41099052,0
1507205847,22805970,248.19,2.47198737,0
1507205840,22805960,248.19,2.52589649,0
1507205836,22805953,248.19,0.09936000,0
1507205833,22805950,248.19,1.07074783,0
1507205833,22805949,248.19,2.75896054,0
1507205833,22805948,248.19,10.56646228,0
1507205820,22805932,248.19,5.83321236,0
1507205820,22805931,248.19,25.26951658,0
1507205819,22805930,248.19,0.04001105,0
1507205805,22805913,248.19,1.10340100,0
1507205805,22805912,248.19,8.88666700,0
1507205804,22805911,248.19,1.07168000,0
1507205802,22805906,248.19,1.75467978,0
1507205802,22805905,248.19,0.85350255,0
1507205796,22805903,248.19,4.00000000,0
1507205790,22805898,248.19,1.90603599,0
1507205790,22805897,248.19,0.07979710,0
1507205790,22805896,248.19,0.19134662,0
1507205786,22805895,248.19,0.80780853,0
1507205777,22805887,248.19,0.80780853,0
1507205753,22805850,248.19,6.87202603,0
1507205746,22805848,248.19,7.37776241,0
1507205746,22805846,248.19,0.88083554,0
1507205725,22805837,248.19,0.02610904,0
1507205715,22805819,248.19,0.97921417,0
1507205713,22805816,248.19,1.17480501,0
1507205705,22805810,248.19,0.06017000,0
1507205699,22805764,248.19,1.51965657,0
1507205673,22805722,248.19,0.11729000,0
1507205671,22805721,248.19,27.62882200,0
1507205668,22805718,248.19,2.93775000,0
1507205667,22805716,248.19,19.43342800,0
1507205667,22805715,248.19,7.37209000,0
1507205666,22805714,248.19,4.59406700,0
1507205666,22805713,248.19,9.49782500,0
1507205661,22805711,248.19,1.46852800,0
1507205660,22805710,248.19,1.46852800,0
