date,tid,price,amount,type
1507248003,22838254,294.60,10.00000000,1
1507247833,22838194,294.61,0.36321470,1
1507247707,22838178,294.62,0.50000000,1
1507247693,22838170,293.79,0.00270000,1
1507247693,22838169,294.09,0.06000000,1
1507247693,22838168,294.34,0.06000000,1
1507247693,22838167,294.52,0.50000000,1
1507247693,22838166,294.54,0.06000000,1
1507247645,22838112,294.69,0.06000000,1
1507247587,22838091,294.80,8.49779043,0
1507247587,22838090,294.73,0.50000000,0
1507247580,22838086,294.73,0.25198119,0
1507247580,22838085,294.62,0.50000000,0
1507247328,22837992,294.14,2.54240000,0
1507247328,22837991,294.15,0.20660000,1
1507247328,22837990,294.15,1.30000000,1
1507247327,22837989,294.21,5.00000000,0
1507247327,22837988,294.27,0.06000000,1
1507247327,22837987,294.31,0.27100000,1
1507247326,22837986,294.47,0.06000000,1
1507247326,22837985,294.52,0.50000000,1
1507247324,22837984,294.62,0.06000000,1
1507246779,22837799,294.73,0.24801881,0
1507246779,22837798,294.62,0.50000000,0
1507246777,22837797,294.61,0.27100000,0
1507246772,22837794,293.56,0.62118919,1
1507246771,22837793,293.59,0.14196940,1
1507246771,22837792,293.72,0.33768982,1
1507246771,22837791,293.77,0.06000000,1
1507246771,22837790,294.00,0.09020513,1
1507246752,22837782,294.02,0.33772188,1
1507246752,22837781,294.04,2.87784935,1
1507246752,22837780,294.04,2.12215065,1
1507246751,22837779,294.06,0.39469627,1
1507246751,22837778,294.09,14.50272478,1
1507246737,22837748,294.06,0.08200373,1
1507246737,22837747,294.12,0.06000000,1
1507246737,22837746,294.26,0.27100000,1
1507246736,22837744,294.52,0.01396227,1
1507246682,22837698,294.52,0.48603773,1
1507246682,22837697,294.54,0.65191861,1
1507246674,22837695,294.54,1.81861500,1
1507246672,22837691,294.54,0.80196162,1
1507246664,22837688,294.49,1.14543300,1
1507246664,22837687,294.53,0.17619500,1
1507246659,22837686,294.52,0.66859293,0
1507246659,22837685,294.40,0.21922780,1
1507246658,22837684,294.42,0.06000000,1
1507246658,22837683,294.52,0.50000000,1
1507246658,22837682,294.56,0.21169827,1
1507246657,22837681,294.62,0.50000000,1
1507246657,22837680,294.67,0.06000000,1
1507246508,22837657,294.85,0.06000000,0
1507246507,22837656,294.85,0.06000000,0
1507246428,22837596,295.13,0.07813312,0
1507246428,22837595,294.98,0.50000000,0
1507246428,22837592,294.73,0.04174794,0
1507246426,22837579,294.62,0.04871187,0
1507246425,22837569,294.62,0.45128813,0
1507246370,22837539,294.06,0.20670000,0
1507246370,22837538,294.05,0.27000000,0
1507246365,22837537,294.01,9.01330000,1
1507246362,22837535,294.06,0.20670000,0
1507246352,22837528,294.07,6.76000000,0
1507246351,22837527,294.00,0.66697241,1
1507246351,22837525,294.07,6.76000000,0
1507246350,22837523,294.07,6.76000000,1
1507246349,22837522,294.08,0.20670000,1
1507246349,22837521,294.52,0.50000000,1
1507246300,22837468,294.79,0.04174794,0
1507246299,22837466,294.00,2.24282246,1
1507246299,22837464,294.11,0.06669720,1
1507246299,22837461,294.12,0.33743104,1
1507246298,22837454,294.15,0.06000000,1
1507246297,22837453,294.15,0.04174794,0
1507246297,22837452,294.22,0.07503441,1
1507246297,22837451,294.24,0.06000000,1
1507246296,22837450,294.27,0.06000000,1
1507246296,22837449,294.29,0.06000000,1
1507246296,22837448,294.31,0.06000000,1
1507246295,22837446,294.36,0.06000000,1
1507246295,22837443,294.50,0.06000000,1
1507246295,22837442,294.52,0.07503440,1
1507246294,22837441,294.52,0.50000000,1
1507246294,22837440,294.59,0.06000000,1
1507246294,22837439,294.62,0.06000000,1
1507246294,22837438,294.62,0.50000000,1
1507246293,22837437,294.69,0.06000000,1
1507246293,22837436,294.73,0.50000000,1
1507246293,22837434,294.76,0.06000000,1
1507246292,22837433,294.80,0.06000000,1
1507246292,22837432,294.80,0.52832254,1
1507246292,22837431,294.81,0.68152182,1
1507246292,22837430,294.81,0.68572540,1
1507246292,22837429,294.81,0.68216592,1
1507246292,22837428,294.81,0.68565760,1
1507246292,22837427,294.81,0.68579320,1
1507246291,22837425,294.81,0.40158868,1
1507246291,22837422,294.85,0.50000000,1
1507246291,22837420,294.89,0.06000000,1
1507246290,22837417,294.98,0.24377600,1
1507246276,22837391,294.98,0.25622400,1
1507246276,22837390,295.13,0.50000000,1
1507246276,22837389,295.14,0.06000000,1
1507246276,22837388,295.15,0.27000000,1
1507246276,22837387,295.34,0.06000000,1
1507246276,22837386,295.49,0.06000000,1
1507245914,22837262,295.60,15.81925304,0
1507245914,22837261,295.59,2.89000000,0
1507245902,22837244,295.59,0.84277496,0
1507245895,22837240,295.56,4.38599020,0
1507245860,22837229,295.57,0.55674335,0
1507245860,22837228,295.30,0.50000000,0
1507245849,22837221,295.60,2.52341362,0
1507245849,22837220,295.60,1.08925188,0
1507245849,22837219,295.51,0.50000000,0
1507245849,22837218,295.30,0.50000000,0
1507245848,22837216,295.13,0.50000000,0
1507245847,22837214,295.12,0.93000000,1
1507245846,22837213,295.12,4.82155649,0
1507245846,22837212,295.12,0.00844351,0
1507245845,22837211,295.12,3.90155649,0
1507245842,22837205,295.10,1.65320750,0
1507245841,22837203,295.09,1.05277023,0
1507245841,22837202,294.98,0.50000000,0
1507245742,22837175,294.81,0.68866940,1
1507245742,22837174,294.81,0.06000000,1
1507245741,22837173,294.82,0.07503440,1
1507245741,22837172,294.85,0.50000000,1
1507245741,22837171,294.92,0.06000000,1
1507245741,22837170,294.98,0.50000000,1
1507245740,22837169,295.04,0.06000000,1
1507245740,22837168,295.05,0.06000000,1
1507245740,22837163,295.11,0.06000000,1
1507245739,22837149,295.12,0.07503440,1
1507245739,22837148,295.13,0.50000000,1
1507245739,22837147,295.17,0.06000000,1
1507245739,22837146,295.25,0.06000000,1
1507245738,22837145,295.26,0.06000000,1
1507245738,22837144,295.30,0.50000000,1
1507245737,22837143,295.34,0.06000000,1
1507245737,22837142,295.37,0.06000000,1
1507245736,22837141,295.40,0.06000000,1
1507245736,22837140,295.41,0.06000000,1
1507245736,22837139,295.42,0.04126180,1
1507245731,22837137,295.42,0.03377260,1
1507245623,22837099,295.51,0.42083172,1
1507245623,22837098,295.52,0.06000000,1
1507245622,22837096,295.70,0.89614293,1
1507245601,22837064,295.71,6.79525937,0
1507245600,22837063,295.70,10.26000000,1
1507245599,22837062,295.70,7.69396600,1
1507245597,22837061,295.70,5.72415200,1
1507245592,22837040,295.70,2.16763500,1
1507245563,22837023,295.70,64.31182300,1
1507245562,22837022,295.72,0.03370000,1
1507245498,22836996,296.13,0.12430985,0
1507245498,22836995,296.08,0.06000000,0
1507245498,22836994,295.93,0.06000000,0
1507245436,22836952,295.89,0.14519233,0
1507245405,22836946,295.92,0.05983507,1
1507245403,22836944,295.92,0.21002999,0
1507245400,22836942,295.92,0.05997001,0
1507245343,22836927,295.71,5.81381713,1
1507245097,22836828,295.67,0.19530488,1
1507245085,22836804,295.61,1.79000000,1
1507245084,22836803,295.66,5.00000000,1
1507245072,22836798,295.63,2.04830767,1
1507245066,22836795,295.65,2.14699654,1
1507245030,22836773,295.60,7.01368026,1
1507245030,22836771,295.60,6.35356717,1
1507245030,22836770,295.61,5.68000000,1
1507245030,22836768,295.65,5.00000000,1
1507245018,22836739,295.61,0.37489386,0
1507245018,22836738,295.61,6.27000000,1
1507244982,22836731,295.62,0.32876177,1
1507244981,22836730,295.63,8.09647074,1
1507244975,22836728,295.67,0.21794913,1
1507244742,22836661,295.51,0.07916828,1
1507244742,22836660,295.59,0.06000000,1
1507244728,22836656,295.66,0.06000000,1
1507244728,22836655,295.67,0.23000000,1
1507244714,22836647,295.66,0.06000000,1
1507244714,22836646,295.72,0.07503440,1
1507244714,22836645,295.77,0.50000000,1
1507244714,22836644,295.79,0.06000000,1
1507244713,22836643,295.81,0.15324282,1
1507244711,22836642,295.81,0.07675718,1
1507244707,22836641,295.80,1.00000000,1
1507244701,22836640,295.81,5.00000000,1
1507244701,22836639,295.86,0.06000000,1
1507244690,22836633,295.91,3.90530629,0
1507244689,22836632,295.94,0.06000000,1
1507244688,22836631,295.95,0.23000000,1
1507244688,22836630,296.04,0.20510000,1
1507244688,22836629,296.05,0.27000000,1
1507244677,22836627,296.00,1.00000000,1
1507244677,22836626,296.01,5.00000000,1
1507244676,22836625,296.01,0.06000000,1
1507244676,22836624,296.01,0.06000000,1
1507244676,22836623,296.09,0.24483147,1
1507244676,22836622,296.58,0.07533989,1
1507244646,22836612,296.77,0.06000000,0
1507244639,22836611,296.57,0.06000000,0
1507244639,22836610,296.42,0.06000000,0
1507244520,22836528,297.49,0.07675718,0
1507244418,22836463,296.12,1.39263337,0
1507244418,22836462,296.31,0.06000000,1
1507244416,22836459,296.48,0.23000000,1
1507244394,22836449,296.47,3.69919175,0
1507244393,22836448,296.47,0.23000000,1
1507244359,22836444,296.37,0.77000000,1
1507244357,22836443,296.46,0.23000000,1
1507244287,22836406,296.74,1.00000000,1
1507244192,22836363,297.50,0.47669730,0
1507244191,22836361,297.49,0.76562370,0
1507244191,22836358,297.49,0.47669760,0
1507244191,22836357,297.31,0.07503440,0
1507244180,22836346,297.24,0.43045649,0
1507244180,22836345,297.23,1.09030980,0
1507244180,22836344,297.06,0.05181414,0
1507244173,22836341,297.03,0.50000000,0
1507244173,22836340,297.00,0.20000000,0
1507244101,22836319,296.52,0.80280000,1
1507244101,22836318,296.56,0.06000000,1
1507244101,22836317,296.76,0.06000000,1
1507244101,22836316,296.91,0.06000000,1
1507243898,22836204,297.02,1.28716400,0
1507243869,22836192,297.02,0.41482200,0
1507243863,22836189,297.02,1.15000000,0
1507243813,22836156,297.00,1.07596400,0
1507243813,22836155,296.95,0.06000000,0
1507243813,22836154,296.70,0.20510000,0
1507243813,22836153,296.70,0.06000000,0
1507243813,22836152,296.50,0.06000000,0
1507243719,22836127,296.42,0.06000000,1
1507243656,22836067,296.05,0.06000000,1
1507243613,22836048,296.92,2.21390383,0
1507243601,22835974,295.84,2.77807708,1
1507243588,22835949,296.23,5.00000000,0
1507243587,22835948,296.23,1.23208162,1
1507243587,22835947,296.23,1.01989422,1
1507243585,22835946,296.23,0.69317412,1
1507243585,22835945,296.23,0.98280044,1
1507243582,22835938,296.15,2.35036807,1
1507243582,22835936,296.15,1.61374667,1
1507243576,22835915,296.09,0.69632519,1
1507243576,22835913,296.56,0.05181414,1
1507243575,22835898,296.09,5.25667318,1
1507243574,22835896,296.09,0.20510000,1
1507243574,22835895,296.10,1.71079390,1
1507243574,22835894,296.31,0.06000000,1
1507243574,22835893,296.56,0.06000000,1
1507243574,22835892,296.76,0.06000000,1
1507243569,22835855,296.91,0.00030000,1
1507243568,22835848,296.91,0.05970000,1
1507243565,22835818,297.24,0.17421412,1
1507243564,22835816,297.24,1.24232130,1
1507243563,22835808,297.24,0.75130300,1
1507243562,22835799,297.24,5.06408000,1
1507243559,22835775,297.24,0.06935908,1
1507243558,22835770,297.30,0.00507637,1
1507243536,22835645,297.30,3.15305532,1
1507243479,22835589,297.24,0.06000000,0
1507243462,22835586,297.23,0.90967769,1
1507243417,22835565,297.23,0.06000000,1
1507243415,22835564,297.23,0.04000100,1
1507243328,22835533,297.23,3.72020124,1
1507243271,22835516,297.23,1.16916000,1
1507243235,22835491,297.23,4.71557527,1
1507243212,22835482,297.23,1.95000000,1
1507243187,22835469,297.15,1.73300000,0
1507243178,22835454,297.14,0.22105264,0
1507243171,22835453,297.14,1.88035756,0
1507243167,22835448,297.13,1.08280800,1
1507243155,22835446,297.02,1.07521911,0
1507243142,22835444,297.02,0.47000000,1
1507243141,22835443,297.03,0.47000000,0
1507243140,22835442,297.02,0.08000000,0
1507243128,22835438,297.01,0.07503440,0
1507243127,22835437,297.00,0.06000000,0
1507243124,22835433,296.99,0.06000000,0
1507243121,22835432,296.98,0.16000000,0
1507243117,22835431,296.96,0.06000000,0
1507243112,22835428,296.87,0.10147421,0
1507243101,22835427,296.79,0.06000000,0
1507243095,22835425,296.71,0.07503440,0
1507243084,22835418,296.65,1.62000000,1
1507243083,22835417,296.64,0.06000000,0
1507243078,22835406,296.57,0.06000000,0
1507243078,22835405,296.56,0.06000000,0
1507243078,22835404,296.54,0.06000000,0
1507243077,22835397,296.50,0.42141020,0
1507243067,22835383,296.50,0.26134712,0
1507243067,22835381,296.50,0.68265588,0
1507243067,22835380,296.45,0.06000000,0
1507243066,22835377,296.41,0.07503440,0
1507243066,22835375,296.30,0.99070245,0
1507243058,22835367,296.26,0.06000000,0
1507243047,22835357,296.20,0.67920675,0
1507243047,22835356,296.20,0.06000000,0
1507243047,22835355,296.20,0.20418164,0
1507243039,22835350,296.20,0.47566760,0
1507243039,22835349,296.13,0.50000000,0
1507243039,22835348,296.11,0.07503440,0
1507243036,22835345,296.08,0.68366123,0
1507243029,22835341,296.01,0.06000000,0
1507243029,22835340,296.00,0.00000022,0
1507243028,22835339,296.00,0.05999978,0
1507243027,22835338,296.00,35.80181722,0
1507243022,22835334,296.00,1.07521911,0
1507243007,22835330,296.00,13.12296367,0
1507243007,22835329,295.99,0.68000000,0
1507243007,22835328,295.99,2.02709551,0
1507243007,22835327,295.98,0.03267234,0
1507243006,22835325,295.98,3.66380000,0
1507243000,22835321,295.97,0.03019705,0
1507242991,22835318,295.98,46.30352766,0
1507242991,22835317,295.97,0.86000000,0
1507242991,22835316,295.95,1.07662434,0
1507242991,22835315,295.95,49.23435700,0
1507242988,22835313,295.95,0.76564300,0
1507242975,22835309,295.94,0.23142768,0
1507242975,22835308,295.92,0.18476014,0
1507242975,22835307,295.92,1.28581171,0
1507242966,22835297,295.92,2.83508400,0
1507242953,22835290,295.92,0.30000000,0
1507242903,22835268,295.92,19.93630710,0
1507242901,22835267,295.92,1.07662434,0
1507242863,22835250,295.92,0.34766153,0
1507242830,22835229,295.92,0.07375351,0
1507242742,22835200,295.91,0.44922600,1
1507242734,22835198,295.92,1.04466967,0
1507242728,22835191,295.91,0.90000000,0
1507242694,22835185,295.92,2.62977800,0
1507242693,22835184,295.92,13.73223000,0
1507242693,22835183,295.91,1.02000000,0
1507242627,22835159,295.91,1.22000000,0
1507242619,22835157,295.91,1.45000000,0
1507242503,22835130,295.91,4.34457293,0
1507242496,22835128,295.91,1.72000000,0
1507242484,22835125,295.92,0.23629799,0
1507242367,22835061,295.91,0.87447749,0
1507242355,22835057,295.91,2.21000000,0
1507242355,22835056,295.90,0.16994360,0
1507242341,22835053,295.89,1.04579405,0
1507242280,22834998,295.92,0.93556930,0
1507242250,22834980,295.92,5.56621285,0
1507242240,22834975,295.91,2.62000000,1
1507242238,22834974,295.90,1.81234105,1
1507242226,22834937,295.90,15.00807199,0
1507242225,22834931,295.81,0.06000000,0
1507242225,22834929,295.81,0.07503441,0
1507242212,22834921,295.77,0.50000000,0
1507242212,22834920,295.66,0.06000000,0
1507242212,22834919,295.66,0.06000000,0
1507242212,22834918,295.51,0.50000000,0
1507241728,22834790,295.17,0.09725009,1
1507241726,22834789,295.30,0.50000000,1
1507241645,22834754,295.51,5.03500114,1
1507241645,22834753,295.51,0.50000000,0
1507241645,22834752,295.30,0.14951700,0
1507241508,22834672,295.30,0.35048300,0
1507241496,22834647,295.13,0.14196000,0
1507241496,22834646,295.13,0.21765800,0
1507241494,22834645,295.13,0.14038200,0
1507241489,22834636,295.10,0.67289999,0
1507241171,22834490,294.98,0.50000000,1
1507241101,22834478,295.47,0.93820377,0
1507241101,22834477,295.30,0.50000000,0
1507241089,22834465,295.13,0.50000000,0
1507241077,22834462,295.13,0.50000000,0
1507241077,22834461,294.98,0.50000000,0
1507241065,22834454,294.98,0.39477918,0
1507241065,22834453,294.95,0.06000000,0
1507241065,22834452,294.85,0.50000000,0
1507241055,22834443,294.80,0.06000000,0
1507241055,22834442,294.73,0.50000000,0
1507241040,22834430,294.73,0.50000000,0
1507241040,22834429,294.62,0.50000000,0
1507241040,22834428,294.50,1.00467125,0
1507241035,22834406,294.50,5.68451814,0
1507241008,22834337,294.50,1.72761500,0
1507241002,22834333,294.50,4.73565000,0
1507240996,22834326,294.50,5.68451814,0
1507240996,22834323,294.50,0.73287606,0
1507240988,22834295,294.50,0.11396900,0
1507240987,22834293,294.50,1.23990995,0
1507240973,22834268,294.50,0.68186757,0
1507240958,22834248,294.50,5.53621814,0
1507240957,22834247,294.50,0.14830000,0
1507240950,22834238,294.50,0.88940000,0
1507240947,22834235,294.50,3.63457247,0
1507240936,22834226,294.50,2.04994567,0
1507240930,22834218,294.50,0.88950000,0
1507240929,22834216,294.50,0.14830000,0
1507240926,22834213,294.50,0.88940000,0
1507240926,22834212,294.50,0.14820000,0
1507240925,22834211,294.50,1.55917247,0
1507240919,22834202,294.50,0.88930000,0
1507240890,22834160,294.50,5.16348354,0
1507240871,22834144,294.52,0.50000000,1
1507240871,22834143,294.53,10.27000000,1
1507240834,22834134,294.53,1.06957010,1
1507240833,22834133,294.62,0.50000000,1
1507240808,22834107,294.53,1.40614751,1
1507240808,22834106,294.62,0.12000000,1
1507240808,22834105,294.73,0.50000000,1
1507240725,22834031,294.95,0.05064600,0
1507240681,22834007,294.98,0.10115082,0
1507240669,22834002,294.85,0.35200000,0
1507240649,22833967,294.82,1.70919900,0
1507240590,22833923,294.85,0.14800000,0
1507240567,22833914,294.98,0.00407000,0
1507240566,22833913,294.96,1.25000000,0
1507240564,22833911,294.97,0.12664300,0
1507240558,22833906,294.62,0.38000000,1
1507240558,22833904,294.65,0.06000000,1
1507240558,22833903,294.73,0.06000000,1
1507240438,22833866,294.97,5.22041837,0
1507240434,22833863,294.73,0.44000000,1
1507240434,22833862,294.90,0.06000000,1
1507240421,22833847,294.97,0.29434000,0
1507240407,22833833,294.97,3.24711930,0
1507240406,22833832,294.96,2.08517162,0
1507240387,22833818,294.96,0.42489023,0
1507240379,22833813,294.96,0.13828885,0
1507240355,22833803,294.96,0.87220900,0
1507240340,22833797,294.97,0.06000000,0
1507240340,22833796,294.97,0.06000000,0
1507240326,22833789,295.36,0.42197177,0
1507240313,22833775,295.12,0.05214174,0
1507240312,22833774,294.30,0.27100000,0
1507240312,22833773,294.14,5.81381713,1
1507240312,22833772,294.15,10.26000000,1
1507240312,22833771,294.15,6.29000000,1
1507240311,22833770,294.15,0.33800757,0
1507240311,22833768,294.18,0.06669761,1
1507240311,22833767,294.19,0.75810000,1
1507240311,22833766,294.19,3.94253147,0
1507240310,22833765,294.30,0.76290270,1
1507240310,22833764,294.30,2.04077285,1
1507240310,22833763,294.30,0.42130000,1
1507240310,22833762,294.31,0.06669720,1
1507240309,22833761,294.45,0.33798885,1
1507240309,22833760,294.45,0.05214174,0
1507240309,22833759,294.52,0.50000000,1
1507240309,22833758,294.62,0.50000000,1
1507240308,22833757,294.62,5.00000000,0
1507240308,22833756,294.73,0.50000000,1
1507240308,22833755,294.85,0.50000000,1
1507240307,22833754,294.98,0.50000000,1
1507240307,22833753,295.02,0.27100000,1
1507240307,22833752,295.13,0.50000000,1
1507240307,22833751,295.20,0.42147696,1
1507240305,22833750,295.30,0.50000000,1
1507240287,22833746,295.50,0.63084905,0
1507240287,22833745,295.47,1.49495095,0
1507240256,22833726,295.47,0.23012837,0
1507240251,22833725,295.47,0.27492068,0
1507240247,22833724,295.44,0.46894925,0
1507240195,22833703,295.44,5.42965861,0
1507240131,22833674,295.48,3.44806034,0
1507240093,22833657,295.51,0.50000000,0
1507240071,22833643,295.50,0.06669720,0
1507240071,22833642,295.46,0.06000000,0
1507240071,22833641,295.45,3.93112374,0
1507240071,22833640,295.31,0.06000000,0
1507240071,22833639,295.30,0.06669720,0
1507240071,22833638,295.30,0.28936418,0
1507240034,22833602,295.20,2.99491869,1
1507240034,22833599,295.23,2.03701218,1
1507240029,22833586,295.26,1.25339400,0
1507240025,22833585,295.30,0.21063582,0
1507240025,22833584,295.13,0.50000000,0
1507240025,22833583,294.98,0.50000000,0
1507240020,22833581,295.19,0.20610000,0
1507240020,22833580,295.13,0.50000000,0
1507240020,22833579,295.12,0.55688290,0
1507240020,22833578,294.98,0.11205000,0
1507240020,22833577,294.85,0.31182800,0
1507240001,22833571,294.85,0.18817200,0
1507240000,22833570,294.73,0.50000000,0
1507240000,22833569,294.62,0.21182800,0
1507239976,22833566,294.62,0.28817200,0
1507239969,22833561,294.98,0.00035000,0
1507239969,22833560,294.73,0.50000000,0
1507239968,22833559,294.98,0.38760000,0
1507239968,22833558,294.85,0.50000000,0
1507239951,22833554,294.65,0.27000000,1
1507239948,22833551,294.30,2.04179327,0
1507239947,22833550,294.30,14.49666221,0
1507239947,22833549,294.30,0.06000000,1
1507239947,22833548,294.38,0.06669720,1
1507239946,22833547,294.52,0.50000000,1
1507239946,22833546,294.55,0.06000000,1
1507239946,22833545,294.58,0.06669720,1
1507239946,22833544,294.62,0.50000000,1
1507239946,22833543,294.63,0.91490280,1
1507239946,22833542,294.73,0.50000000,1
1507239946,22833541,294.75,0.06000000,1
1507239946,22833540,294.78,0.06669720,1
1507239946,22833539,294.85,0.50000000,1
1507239946,22833538,294.90,0.06000000,1
1507239946,22833537,294.98,0.50000000,1
1507239945,22833536,294.98,0.06669720,1
1507239945,22833535,295.00,10.00000000,1
1507239945,22833534,295.00,0.99070245,1
1507239945,22833533,295.03,1.54915047,1
1507239894,22833507,295.03,0.18353811,1
1507239888,22833501,295.03,2.32873104,1
1507239888,22833500,295.04,5.00000000,1
1507239822,22833450,295.04,3.71772000,1
1507239800,22833441,295.04,1.10078766,1
1507239800,22833440,295.04,2.43232981,1
1507239699,22833398,295.01,3.19837017,1
1507239699,22833397,295.01,0.20610000,1
1507239687,22833391,295.01,5.00000000,1
1507239687,22833390,295.13,0.68366123,1
1507239675,22833385,295.15,5.00000000,1
1507239500,22833306,295.01,1.11703084,1
1507239500,22833305,295.09,0.06000000,1
1507239500,22833304,295.11,0.06669720,1
1507239489,22833300,295.13,0.50000000,1
1507239489,22833299,295.18,0.27000000,1
1507239488,22833297,295.29,0.06000000,1
1507239488,22833296,295.30,0.50000000,1
1507239488,22833295,295.34,1.92076847,1
1507239365,22833239,295.34,2.16931123,1
1507239352,22833211,295.35,1.83000000,1
1507239253,22833150,295.34,5.63770656,1
1507239252,22833149,295.36,3.93112374,1
1507239252,22833148,295.44,0.06000000,1
1507239252,22833146,295.50,0.36834980,1
1507239250,22833145,295.51,0.00281990,1
1507239228,22833135,295.90,0.24139912,0
1507239223,22833127,295.90,25.51584994,0
1507239223,22833126,295.89,2.29000000,0
1507239223,22833125,295.89,1.57270530,0
1507239221,22833123,295.85,0.06000000,0
1507239207,22833111,295.51,0.49718010,1
1507239207,22833110,295.55,0.67920675,1
1507239198,22833108,295.55,0.68275732,1
1507239198,22833107,295.55,0.00447135,1
1507239198,22833106,295.55,0.67818453,1
1507239198,22833105,295.55,0.67984924,1
1507239185,22833089,295.89,1.85068330,0
1507239155,22833075,295.90,9.23467895,0
1507239154,22833073,295.89,3.08000000,0
1507239086,22833042,295.88,6.38000000,1
1507239086,22833041,295.77,0.50000000,0
1507238984,22832999,295.54,3.00426900,0
1507238906,22832932,295.50,0.00165020,1
1507238906,22832931,295.51,0.50000000,1
1507238894,22832916,295.54,0.92529342,1
1507238894,22832915,295.54,0.06000000,1
1507238862,22832894,295.82,10.09797248,0
1507238841,22832875,295.77,0.01987400,1
1507238801,22832843,295.80,0.63594048,0
1507238779,22832831,295.77,0.48000000,1
1507238701,22832797,296.19,3.72020124,0
1507238700,22832796,296.20,2.00000000,0
1507238677,22832785,295.77,0.00012600,1
1507238677,22832784,295.79,0.06000000,1
1507238677,22832783,295.99,0.06000000,1
1507238677,22832782,296.14,0.06000000,1
1507238376,22832573,296.25,1.95891200,0
1507238375,22832572,296.25,2.02524800,0
1507238361,22832570,296.30,15.47888262,1
1507238361,22832569,296.26,0.67910270,0
1507238361,22832568,296.25,2.32101468,0
1507238360,22832567,296.23,6.52100000,0
1507238360,22832566,296.25,1.60070886,0
1507238360,22832565,296.24,0.04558092,0
1507238359,22832564,296.13,0.50000000,0
1507238359,22832563,296.10,0.48000000,0
1507238358,22832562,296.09,0.27000000,0
1507238334,22832549,295.60,21.94089730,1
1507238334,22832548,295.61,0.67910270,1
1507238332,22832547,295.77,6.88000000,0
1507238332,22832546,295.77,0.50000000,1
1507238198,22832470,296.20,24.50000000,0
1507238198,22832469,296.13,0.50000000,0
1507238116,22832443,295.60,3.93213600,1
1507238116,22832442,295.65,0.27000000,1
1507238115,22832441,295.77,0.50000000,1
1507238103,22832428,296.27,0.26472474,0
1507238101,22832426,296.13,0.50000000,0
1507238097,22832422,295.60,24.44184134,1
1507238072,22832404,295.61,0.04558092,1
1507238072,22832402,295.77,0.50000000,1
1507238071,22832400,296.00,0.20608108,1
1507238063,22832393,296.02,31.82059393,1
1507238046,22832390,296.02,0.71809702,1
1507238045,22832389,296.02,0.65950000,1
1507238026,22832371,296.02,0.01710000,1
1507238016,22832366,296.02,5.80657300,1
1507238013,22832363,296.02,1.12577540,1
1507238010,22832359,296.02,0.12410000,1
1507237999,22832343,296.02,0.46000000,1
1507237991,22832336,296.29,10.00000000,0
1507237989,22832331,296.02,0.44000000,1
1507237984,22832324,296.02,9.12653700,1
1507237974,22832316,296.02,4.72527600,1
1507237960,22832300,296.02,0.80432234,1
1507237956,22832294,296.02,9.53122035,1
1507237954,22832291,296.02,7.32130527,1
1507237941,22832272,296.02,16.51770233,1
1507237896,22832183,296.02,4.07774015,1
1507237885,22832176,296.02,0.81539767,1
1507237885,22832175,296.02,2.66690000,1
1507237806,22832147,296.02,1.58899900,1
1507237806,22832146,296.04,3.92172354,1
1507237798,22832145,296.47,4.67987446,0
1507237798,22832144,296.30,0.06669720,0
1507237798,22832143,296.13,0.50000000,0
1507237798,22832142,296.12,3.93216534,0
1507237769,22832126,296.03,3.70203105,1
1507237769,22832125,296.03,0.03221495,1
1507237745,22832107,296.03,0.16841367,1
1507237705,22832094,296.03,0.20572700,1
1507237700,22832088,296.03,1.32914300,1
1507237686,22832075,296.02,1.65286054,1
1507237637,22832059,296.01,0.29102000,1
1507237562,22832013,296.00,0.26126300,1
1507237556,22832010,295.80,0.06000000,0
1507237556,22832009,295.77,0.50000000,0
1507237152,22831770,295.50,0.17581116,0
1507237151,22831768,295.20,3.80322736,0
1507237151,22831767,295.21,0.06000000,1
1507237151,22831766,295.30,0.50000000,1
1507237150,22831765,295.31,5.00000000,1
1507237150,22831764,295.33,0.47467735,0
1507237148,22831763,295.51,0.16209529,1
1507237142,22831758,295.51,0.33790471,1
1507237129,22831748,295.65,0.17581116,1
1507237129,22831747,295.77,0.16209442,1
1507237128,22831742,295.77,0.33790558,1
1507237112,22831727,296.27,0.29615526,0
1507237108,22831725,296.29,0.46461237,1
1507237108,22831724,296.26,2.02524809,0
1507237108,22831723,296.20,0.20559998,0
1507237106,22831722,296.13,0.50000000,0
1507237100,22831717,295.77,0.50000000,0
1507237100,22831716,295.77,0.06000000,0
1507237100,22831714,295.63,0.05205164,0
1507237099,22831713,295.62,0.06000000,0
1507236939,22831590,295.32,1.00000000,1
1507236915,22831570,295.51,0.50000000,0
1507236915,22831569,295.30,0.50000000,0
1507236914,22831568,295.29,0.27000000,0
1507236885,22831552,295.06,0.35365244,1
1507236885,22831551,295.13,0.19284025,1
1507236884,22831547,295.13,0.30715975,1
1507236883,22831545,295.13,0.05205164,1
1507236883,22831543,295.17,5.00000000,1
1507236876,22831541,295.31,4.62327744,1
1507236874,22831540,295.13,0.23669454,1
1507236874,22831539,295.30,0.50000000,1
1507236874,22831538,295.31,0.08337150,1
1507236874,22831537,295.51,0.50000000,1
1507236872,22831535,295.55,0.27000000,1
1507236872,22831534,295.77,0.50000000,1
1507236872,22831533,295.91,3.44802031,1
1507236872,22831532,295.91,8.72940036,1
1507236871,22831530,295.91,1.27059964,1
1507236853,22831471,295.92,1.30771132,1
1507236853,22831469,295.93,1.00736440,1
1507236833,22831430,295.92,0.71903000,1
1507236797,22831394,296.40,0.33759508,0
1507236796,22831393,296.40,0.33759508,0
1507236796,22831392,296.40,0.33759508,0
1507236782,22831378,295.90,0.19500000,1
1507236715,22831333,295.90,0.05599000,1
1507236714,22831332,296.23,0.55000000,1
1507236711,22831328,296.23,0.47000000,0
1507236567,22831229,295.91,0.20559998,1
1507236509,22831121,296.51,0.72230423,0
1507236437,22831053,295.91,0.22309005,1
1507236437,22831052,296.08,0.06000000,1
1507236435,22831051,296.23,0.06000000,1
1507236394,22831029,296.50,3.39409746,1
1507236394,22831028,296.50,0.49000000,0
1507236394,22831027,296.38,0.08337150,0
1507236380,22831008,296.34,3.91907947,0
1507236380,22831007,296.34,0.20580000,0
1507236368,22830997,296.34,0.06000000,0
1507236368,22830996,296.33,2.02476968,0
1507236368,22830995,296.19,0.06000000,0
1507236368,22830994,296.17,0.18714119,0
1507236368,22830993,296.13,0.50000000,0
1507236252,22830892,296.12,0.50000000,0
1507236252,22830891,295.77,0.50000000,0
1507236247,22830888,295.35,2.01089387,1
1507236240,22830879,295.35,0.03000000,1
1507236234,22830876,295.34,0.27000000,1
1507236232,22830875,295.35,5.00000000,0
1507236230,22830874,295.38,5.00000000,1
1507236229,22830872,295.34,36.36428042,1
1507236228,22830871,295.35,0.20580000,1
1507236228,22830870,295.37,5.00000000,1
1507236228,22830868,295.37,14.50272478,1
1507236228,22830867,295.37,0.92719480,1
1507236213,22830862,295.42,0.06000000,1
1507236213,22830861,295.51,0.50000000,1
1507236213,22830860,295.52,0.15000000,1
1507236213,22830859,295.52,5.00000000,1
1507236213,22830858,295.53,10.99400000,1
1507236213,22830857,295.55,0.27000000,1
1507236213,22830855,295.70,0.20399822,1
1507236160,22830836,296.00,0.14991953,0
1507236069,22830759,295.59,21.52134201,1
1507236069,22830758,295.61,3.72965201,1
1507236045,22830738,295.59,8.06165799,0
1507236043,22830737,295.61,10.20000000,0
1507236043,22830734,295.77,0.30391398,1
1507236029,22830723,295.77,2.02048654,0
1507236026,22830721,295.77,0.50000000,1
1507235973,22830670,296.13,1.10413805,1
1507235952,22830645,296.14,1.10658053,1
1507235935,22830633,296.13,2.00000000,1
1507235913,22830627,296.13,0.14568713,1
1507235871,22830593,296.13,0.50000000,0
1507235871,22830592,296.13,1.02880580,0
1507235870,22830591,296.12,10.19000000,0
1507235856,22830556,295.59,0.18942746,1
1507235856,22830555,295.67,0.06000000,1
1507235856,22830554,295.77,0.50000000,1
1507235856,22830553,295.87,0.06000000,1
1507235855,22830552,296.02,0.06000000,1
1507235797,22830445,296.13,1.00000000,0
1507235738,22830392,296.13,1.89076882,0
1507235738,22830391,296.13,0.50000000,0
1507235738,22830390,296.12,2.02620559,0
1507235738,22830389,295.77,0.50000000,0
1507235738,22830388,295.76,0.24323009,0
1507235576,22830228,295.39,7.85332877,1
1507235563,22830214,295.51,0.50000000,1
1507235408,22830027,296.12,0.24071322,0
1507235407,22830025,295.77,0.50000000,0
1507235407,22830024,295.77,1.58279941,1
1507235407,22830023,295.55,0.44000000,0
1507235405,22830022,295.51,0.50000000,0
1507235405,22830021,295.50,0.20590000,0
1507235380,22830004,295.27,0.90984840,1
1507235353,22829966,295.32,1.00000000,0
1507235348,22829961,295.37,0.13084109,1
1507235242,22829754,295.20,0.07748813,1
1507235233,22829742,295.14,0.24323009,1
1507235225,22829728,295.95,1.00437067,1
1507235225,22829727,295.95,0.27000000,0
1507235224,22829726,295.13,0.26330546,1
1507235224,22829725,295.18,0.06669720,1
1507235224,22829724,295.30,0.31925095,1
1507235224,22829723,295.30,0.18074905,1
1507235224,22829722,295.31,0.20590000,1
1507235223,22829721,295.38,0.06669720,1
1507235223,22829720,295.51,0.25718047,1
1507235217,22829706,295.51,0.24281953,1
1507235216,22829705,295.58,0.06669720,1
1507235190,22829674,295.65,0.27000000,1
1507235189,22829672,295.77,0.50000000,1
1507235189,22829669,295.86,0.97128300,1
1507235176,22829647,296.16,0.46413900,0
1507235058,22829467,295.86,7.88000000,1
1507235058,22829466,295.87,8.12000000,1
1507235000,22829423,295.89,0.00572090,0
1507234948,22829398,295.86,2.47571700,1
1507234946,22829397,295.86,3.28960473,1
1507234934,22829392,295.89,0.85591343,0
1507234934,22829391,295.89,1.49246855,0
1507234793,22829310,295.89,0.50000000,0
1507234765,22829295,295.89,9.03800000,0
1507234755,22829289,295.89,1.63856400,0
1507234754,22829288,295.89,0.17800000,0
1507234731,22829269,295.89,1.29133312,1
1507234526,22829156,295.89,3.42424215,1
1507234526,22829154,295.91,1.68525785,1
1507234525,22829153,295.92,28.58100000,1
1507234523,22829152,296.42,0.06000000,0
1507234439,22829118,295.88,0.23431668,1
1507234436,22829117,295.88,2.00000000,1
1507234421,22829100,296.41,1.19927800,0
1507234408,22829095,296.41,1.51315700,0
1507234401,22829091,296.41,1.19927800,0
1507234361,22829058,295.86,0.62209527,1
1507234347,22829050,295.66,0.06000000,1
1507234347,22829049,295.78,0.06669720,1
1507234347,22829048,295.86,0.06000000,1
1507234340,22829042,296.10,0.59000000,1
1507234340,22829041,296.10,0.59000000,1
1507234299,22829018,296.38,0.20193670,0
1507234271,22829007,296.11,0.22000000,0
1507234261,22829003,296.39,0.08420400,0
1507234180,22828954,295.93,21.80120549,1
1507234180,22828953,295.93,0.10147421,1
1507234180,22828952,296.00,6.42000000,1
1507234179,22828949,296.01,0.06000000,1
1507234179,22828946,296.03,1.53000000,1
1507234179,22828945,296.03,0.47000000,1
1507234177,22828944,296.10,0.59000000,1
1507234177,22828943,296.10,0.59000000,1
1507234177,22828942,296.10,3.90732030,1
1507234175,22828940,296.10,1.17520000,1
1507234175,22828938,296.10,60.76819400,1
1507234172,22828933,296.10,0.64544681,1
1507234170,22828931,296.10,1.26922200,1
1507234155,22828918,296.10,1.71513961,1
1507234155,22828917,296.10,0.64089847,1
1507234154,22828916,296.10,3.96180344,1
1507234154,22828913,296.10,4.29585793,1
1507234154,22828912,296.10,4.74727854,1
1507234153,22828911,296.10,10.48727776,1
1507234153,22828910,296.10,3.17862257,1
1507234153,22828909,296.10,2.67849567,1
1507234153,22828908,296.10,12.16005855,1
1507234153,22828907,296.10,1.07423793,1
1507234153,22828906,296.10,2.01669136,1
1507234153,22828905,296.10,2.35600955,1
1507234152,22828903,296.10,1.37211844,1
1507234151,22828902,296.10,11.25820929,1
1507234151,22828901,296.11,1.47252319,1
1507234151,22828900,296.11,2.47988949,1
1507234151,22828898,296.11,2.82758732,1
1507234150,22828896,296.12,3.16977609,1
1507234147,22828891,296.10,5.85130071,1
1507234147,22828890,296.10,0.73217853,1
1507234146,22828888,296.10,7.01812201,1
1507234145,22828887,296.10,3.60813098,1
1507234145,22828886,296.10,19.58697527,1
1507234140,22828882,296.10,13.95090000,1
1507234140,22828881,296.10,0.70590891,1
1507234139,22828878,296.10,1.23790404,1
1507234139,22828877,296.10,1.90834014,1
1507234138,22828876,296.10,3.75644009,1
1507234138,22828875,296.10,5.24852160,1
1507234138,22828874,296.10,6.33035150,1
1507234138,22828873,296.11,6.46004345,1
1507234138,22828872,296.11,1.02995655,1
1507234128,22828829,296.12,0.74193700,1
1507234100,22828816,296.10,0.35684400,1
1507234074,22828801,296.15,2.13845653,1
1507234012,22828769,296.78,14.72149200,0
1507234001,22828765,296.78,2.05000000,1
1507234000,22828764,296.05,0.36432000,0
1507234000,22828763,296.17,0.06000000,1
1507233999,22828762,296.32,0.06000000,1
1507233930,22828735,296.80,6.46873691,0
1507233930,22828734,296.50,0.27042909,0
1507233806,22828677,296.60,2.28511300,0
1507233779,22828659,296.70,3.41426200,0
1507233770,22828655,296.68,15.44954400,0
1507233481,22828419,296.43,6.90000000,1
1507233442,22828343,296.85,10.72441023,0
1507233433,22828332,296.87,2.90124058,0
1507233432,22828331,296.87,1.30693860,0
1507233432,22828330,296.87,2.53779954,0
1507233432,22828329,296.87,4.49253527,0
1507233431,22828325,296.99,0.33671167,0
1507233431,22828324,296.88,4.00000000,0
1507233431,22828323,296.80,0.50000000,0
1507233431,22828321,296.73,2.90745664,0
1507233407,22828225,296.78,2.28887700,0
1507233407,22828224,296.77,0.20520000,0
1507233368,22828208,296.74,0.74905600,0
1507233342,22828196,296.78,10.30097100,0
1507233106,22828119,296.28,0.65615021,1
1507233104,22828115,296.26,1.16081294,1
1507233102,22828111,296.25,1.47889033,1
1507233100,22828105,296.25,1.79696227,1
1507233041,22828079,296.73,1.00000000,0
1507232913,22827974,296.21,2.14146000,1
1507232912,22827973,296.21,0.27320200,1
1507232912,22827972,296.21,0.67619845,1
1507232911,22827969,296.21,1.52377900,1
1507232910,22827967,296.21,1.52359100,1
1507232909,22827964,296.21,10.42716000,1
1507232908,22827959,296.21,1.52359100,1
1507232896,22827942,296.20,1.01972226,1
1507232896,22827941,296.21,0.00002761,1
1507232894,22827937,296.21,0.86095831,1
1507232892,22827929,296.21,1.52330655,1
1507232889,22827925,296.19,1.52320394,1
1507232887,22827921,296.18,1.52316417,1
1507232885,22827916,296.16,1.40000679,1
1507232758,22827834,295.88,7.46956000,1
1507232756,22827824,296.71,0.19986527,0
1507232753,22827816,296.11,0.20520000,1
1507232752,22827815,296.97,5.93808442,1
1507232752,22827812,296.97,0.06669720,0
1507232751,22827808,296.89,0.39813722,0
1507232751,22827804,296.88,0.16673520,0
1507232751,22827803,296.77,0.06669720,0
1507232750,22827802,296.71,0.04569151,0
1507232750,22827801,296.71,0.39813948,1
1507232750,22827799,296.57,0.06669720,0
1507232748,22827794,296.10,1.85537902,0
1507232745,22827789,296.09,2.70549492,1
1507232744,22827784,296.10,0.04347901,0
1507232744,22827783,296.09,12.57439400,1
1507232743,22827778,296.09,0.39818900,1
1507232726,22827751,296.04,0.39813722,0
1507232714,22827724,296.45,0.06000000,0
1507232714,22827721,296.37,0.06669720,0
1507232713,22827720,296.32,0.06000000,0
1507232703,22827705,296.30,0.06000000,0
1507232703,22827703,296.30,3.00000000,0
1507232702,22827702,296.25,0.50191953,0
1507232701,22827699,296.25,0.05658454,0
1507232701,22827698,296.17,0.06669720,0
1507232701,22827697,296.12,0.06000000,0
1507232701,22827696,296.11,0.06000000,0
1507232701,22827695,296.04,0.10175913,0
1507232701,22827693,296.01,0.10175913,0
1507232695,22827676,295.99,0.24499429,0
1507232682,22827661,295.98,0.49000000,0
1507232682,22827660,295.98,3.90731746,0
1507232682,22827659,295.97,0.40469710,0
1507232681,22827656,295.59,8.54212294,0
1507232681,22827655,295.55,2.53388456,0
1507232677,22827648,295.58,0.03709922,0
1507232670,22827636,295.59,24.96687100,0
1507232670,22827635,295.58,2.44000000,0
1507232669,22827633,295.59,6.50759900,0
1507232669,22827632,295.58,0.28000000,0
1507232669,22827631,295.59,4.29300000,0
1507232668,22827629,295.59,36.38182500,0
1507232667,22827628,295.59,3.85047700,0
1507232667,22827627,295.59,9.18766900,0
1507232666,22827626,295.59,4.50000000,0
1507232666,22827625,295.58,3.00000000,0
1507232666,22827624,295.58,6.92306400,0
1507232664,22827621,295.68,10.00000000,1
1507232664,22827620,295.68,2.02794830,1
1507232663,22827619,295.69,25.79500000,1
1507232663,22827618,295.69,3.90731746,1
1507232641,22827583,295.99,0.21500571,0
1507232641,22827581,295.94,0.54999829,0
1507232641,22827579,295.89,0.06000000,0
1507232631,22827558,295.86,0.06000000,0
1507232631,22827556,295.84,2.02812331,0
1507232631,22827555,295.83,3.90787304,0
1507232631,22827553,295.75,0.44000000,0
1507232631,22827551,295.66,0.06000000,0
1507232615,22827534,295.48,0.20600000,1
1507232459,22827383,295.51,0.06000000,0
1507232347,22827337,295.21,0.14726000,1
1507232338,22827325,295.17,0.12488200,1
1507232337,22827323,295.17,0.10038163,1
1507231943,22827179,295.05,0.00000041,0
1507231941,22827178,295.05,3.54601000,0
1507231939,22827177,295.29,0.06000000,1
1507231938,22827176,295.34,4.00000000,1
1507231938,22827175,295.40,8.77000000,1
1507231938,22827174,295.43,2.02969812,1
1507231938,22827172,295.54,0.06000000,1
1507231938,22827171,295.56,2.05425147,1
1507231935,22827163,295.56,0.06000000,1
1507231934,22827161,295.56,1.79362157,1
1507231934,22827159,295.74,0.06000000,1
1507231934,22827158,295.89,0.06000000,1
1507231769,22827094,296.00,10.50000000,0
1507231768,22827093,296.00,1.31047800,0
1507231768,22827092,295.97,0.06000000,0
1507231768,22827091,295.96,1.04426710,0
1507231768,22827090,295.95,1.70998961,0
1507231756,22827085,295.95,2.20000100,0
1507231742,22827077,295.86,8.00000000,0
1507231739,22827075,295.86,2.20545500,0
1507231732,22827071,295.89,1.78752000,0
1507231732,22827070,295.87,2.02791767,0
1507231712,22827061,295.33,5.48428848,1
1507231712,22827060,295.33,2.02876586,1
1507231712,22827059,295.35,2.28094566,1
1507231712,22827058,295.36,0.20600000,1
1507231675,22827047,295.95,2.27287996,0
1507231675,22827046,295.93,2.02750650,0
1507231675,22827045,295.72,0.20610000,0
1507231675,22827044,295.69,0.48000000,0
1507231675,22827043,295.68,0.61318723,0
1507231665,22827041,295.28,0.83000000,1
1507231663,22827037,295.49,1.13126245,0
1507231663,22827036,295.49,0.10046872,0
1507231663,22827035,295.34,0.01216883,0
1507231661,22827033,295.26,1.24390000,1
1507231659,22827031,295.27,0.20610000,1
1507231551,22826942,295.27,0.31899614,1
1507231548,22826939,295.27,20.47947000,1
1507231546,22826937,295.34,0.08864879,1
1507231544,22826926,295.34,1.91135121,1
1507231516,22826886,295.21,0.76394400,1
1507231464,22826855,295.06,0.87248100,1
1507231464,22826852,295.05,0.27042868,1
1507231459,22826845,295.21,0.06000000,1
1507231459,22826844,295.37,2.04000000,1
1507231458,22826841,295.36,0.06000000,1
1507231456,22826835,295.37,1.91028937,1
1507231318,22826761,295.47,0.55522700,1
1507231282,22826748,295.47,0.50332800,1
1507231277,22826744,295.47,0.12756300,1
1507231214,22826700,295.47,0.10073789,1
1507231211,22826694,295.47,1.90667801,1
1507231210,22826692,295.47,1.10487385,1
1507231209,22826690,295.48,0.04716467,1
1507231209,22826687,295.48,3.36113558,1
1507231209,22826684,295.48,0.10069802,1
1507231208,22826683,295.48,1.90303578,1
1507231206,22826676,295.48,0.14782223,1
1507231205,22826674,295.48,1.89948212,1
1507231205,22826671,295.48,0.10066160,1
1507231204,22826664,295.47,1.89582692,1
1507231201,22826649,295.47,6.35785160,1
1507231200,22826648,295.48,8.35000000,1
1507231200,22826647,295.49,0.14783840,1
1507231031,22826576,295.79,7.28916680,1
1507231013,22826558,295.50,3.90192491,1
1507230954,22826532,295.34,0.10041710,1
1507230954,22826531,295.34,5.07882000,1
1507230911,22826467,295.96,0.34236900,0
1507230896,22826462,295.97,0.06669720,0
1507230896,22826461,295.88,0.48000000,0
1507230896,22826460,295.87,3.89947255,0
1507230896,22826459,295.59,0.06000000,0
1507230896,22826458,295.55,0.09970313,0
1507230896,22826457,295.55,0.09966333,0
1507230896,22826456,295.50,1.68927242,0
1507230836,22826421,295.50,0.31072758,0
1507230836,22826420,295.20,0.06000000,0
1507230834,22826419,295.00,0.10055840,0
1507230821,22826408,294.99,0.28471184,0
1507230821,22826407,294.99,0.00000031,0
1507230814,22826399,294.99,3.49889800,0
1507230807,22826389,294.99,0.10066992,1
1507230566,22826206,294.90,0.05904120,1
1507230533,22826199,294.84,0.31849728,1
1507230504,22826193,294.90,1.25297900,1
1507230497,22826189,295.52,2.25196264,1
1507230496,22826188,295.39,0.06000000,0
1507230496,22826187,295.24,0.06000000,0
1507230494,22826186,295.23,0.16289100,0
1507230463,22826153,294.84,0.78907204,1
1507230451,22826147,294.86,0.10042847,0
1507230412,22826134,294.81,0.10063440,0
1507230409,22826133,294.79,1.00000000,0
1507230342,22826091,294.79,0.57909600,1
1507230322,22826074,294.81,0.57908274,1
1507230303,22826064,294.79,0.02205690,1
1507230289,22826044,294.83,0.06000000,1
1507230278,22826023,295.23,2.44599800,0
1507230269,22826017,294.99,2.04317445,0
1507230269,22826016,294.99,3.15627642,0
1507230268,22826014,294.99,0.05755141,0
1507230265,22826012,294.99,0.04269200,0
1507230251,22826007,294.92,0.18534600,0
1507230249,22826005,294.92,0.79400000,0
1507230249,22826004,294.91,0.20600000,0
1507230166,22825952,294.94,1.11401000,0
1507230161,22825944,294.99,12.90843100,1
1507230160,22825941,294.99,0.10020355,1
1507230160,22825940,294.99,0.57908400,1
1507230158,22825933,294.99,0.57892905,1
1507230157,22825929,294.99,0.10016031,1
1507230156,22825923,294.99,0.57884919,1
1507230155,22825919,294.99,0.57872939,1
1507230154,22825917,294.99,0.10008059,1
1507230153,22825914,294.99,0.57864882,1
1507230150,22825908,294.97,0.10004073,1
1507230149,22825906,294.95,0.10020090,1
1507230147,22825899,294.96,0.57858856,0
1507230112,22825865,295.04,0.13591403,1
1507230111,22825863,295.07,0.20600000,1
1507230106,22825861,295.51,0.19999994,0
1507230106,22825860,295.51,1.72365779,0
1507230106,22825859,295.36,0.45999980,0
1507230077,22825848,295.36,0.00000020,0
1507230077,22825847,295.12,1.67708048,0
1507230077,22825846,295.12,0.10002532,0
1507230076,22825845,295.09,0.16819000,1
1507230071,22825839,295.08,2.05621877,1
1507229934,22825730,295.12,2.05481442,1
1507229934,22825729,295.12,0.46477102,1
1507229933,22825727,295.14,2.07045810,1
1507229933,22825725,295.20,0.81632273,1
1507229932,22825717,295.20,0.09994555,1
1507229931,22825713,295.20,1.29342845,1
1507229930,22825706,295.20,2.05481000,1
1507229886,22825653,295.21,3.17560381,0
1507229884,22825652,295.20,0.32449000,1
1507229874,22825636,295.19,0.25100327,0
1507229873,22825635,295.19,4.58899802,1
1507229873,22825634,295.19,0.25100198,1
1507229873,22825633,295.21,0.03314000,1
1507229873,22825632,295.50,0.20000000,1
1507229872,22825626,295.51,1.73452672,0
1507229872,22825625,295.51,2.02516896,0
1507229869,22825617,295.55,0.02962404,1
1507229869,22825614,295.55,1.71543198,1
1507229868,22825607,295.55,2.05479300,1
1507229866,22825597,295.55,0.09962353,1
1507229763,22825506,295.86,1.33164000,0
1507229684,22825454,295.93,22.78000000,0
1507229659,22825445,295.21,0.02686000,1
1507229659,22825444,295.41,0.06000000,1
1507229659,22825443,295.56,0.06000000,1
1507229657,22825442,295.79,3.49304500,0
1507229649,22825435,295.90,0.06000000,0
1507229649,22825434,295.82,3.89965898,0
1507229649,22825433,295.82,23.82079100,0
1507229649,22825432,295.81,0.10000000,0
1507229618,22825416,295.67,0.55419100,0
1507229618,22825415,295.66,0.20610000,0
1507229608,22825409,295.55,0.24308866,0
1507229597,22825399,295.52,1.81760800,0
1507229592,22825396,295.52,0.09963818,0
1507229518,22825336,295.43,1.71000000,1
1507229408,22825222,294.95,1.71056750,1
1507229408,22825221,295.09,0.20610000,1
1507229400,22825203,295.55,4.53399264,0
1507229400,22825202,295.23,0.12231136,0
1507229400,22825201,295.10,0.80833100,0
1507229397,22825196,295.10,4.53399300,0
1507229397,22825195,295.08,0.80833100,0
1507229359,22825160,295.09,9.18235697,0
1507229359,22825159,295.09,0.09964303,0
1507229349,22825150,295.06,1.13073616,1
1507229348,22825147,295.06,3.04515101,1
1507229348,22825145,295.06,0.10175913,1
1507229329,22825126,295.05,0.40000000,1
1507229164,22825044,295.05,3.83834093,1
1507229164,22825043,295.07,0.10175913,1
1507229163,22825042,295.10,0.10175913,1
1507229150,22825004,295.25,3.36816800,0
1507229148,22825003,295.25,6.63183200,0
1507229131,22824997,295.55,4.65767600,0
1507229131,22824996,295.54,0.12232400,0
1507229131,22824994,295.54,4.22000000,0
1507229119,22824988,295.14,0.06000000,1
1507229119,22824987,295.34,0.06000000,1
1507229119,22824985,295.49,0.06000000,1
1507229086,22824961,295.60,1.98163987,1
1507229070,22824956,295.74,8.07300000,0
1507229068,22824955,295.73,21.81300000,0
1507229064,22824950,295.60,0.31933000,1
1507229061,22824949,295.60,0.09953666,1
1507229058,22824940,295.60,0.09949347,1
1507228912,22824846,295.23,0.12232400,1
1507228867,22824814,295.79,3.83089377,0
1507228867,22824813,295.77,0.09915807,0
1507228867,22824812,295.30,0.13999320,0
1507228867,22824810,295.12,3.77503301,0
1507228867,22824809,295.12,0.09921131,0
1507228866,22824808,295.12,0.20618725,0
1507228855,22824799,295.11,0.20620000,0
1507228855,22824798,295.11,0.09954957,0
1507228855,22824797,295.07,0.09959286,0
1507228843,22824787,295.05,0.09964544,0
1507228810,22824765,294.95,0.97632800,1
1507228808,22824759,294.95,0.69619699,1
1507228808,22824758,295.05,0.00005607,1
1507228808,22824757,295.05,0.13994393,1
1507228808,22824755,295.06,0.00003720,1
1507228807,22824752,295.06,0.13996280,1
1507228807,22824750,295.07,0.00001358,1
1507228806,22824748,295.07,0.13998642,1
1507228806,22824746,295.07,0.06000000,1
1507228802,22824737,295.11,9.52045700,1
1507228800,22824731,295.11,0.97625800,1
1507228800,22824729,295.11,0.09950965,1
1507228799,22824726,295.11,3.77255936,1
1507228797,22824722,295.11,3.77005178,1
1507228795,22824718,295.11,0.63496725,1
1507228794,22824716,295.11,0.48449728,1
1507228794,22824708,295.11,0.20599096,1
1507228794,22824704,295.11,3.29736300,1
1507228793,22824668,295.11,0.28897120,1
1507228793,22824665,295.12,0.00020904,1
1507228793,22824664,295.12,0.20599096,1
1507228788,22824649,295.77,0.54000000,0
1507228785,22824647,295.77,0.06669720,0
1507228724,22824630,295.31,1.34193700,0
1507228722,22824625,295.31,0.14000000,0
1507228718,22824622,295.31,0.31117100,0
1507228715,22824615,295.49,5.59963962,1
1507228715,22824614,295.31,3.08814325,0
1507228712,22824605,295.48,0.55239912,1
1507228712,22824603,295.49,3.89221182,1
1507228712,22824599,295.48,0.09897234,1
1507228711,22824595,295.47,1.00000000,1
1507228709,22824581,295.47,1.15313738,1
1507228709,22824580,295.47,0.46000000,0
1507228706,22824578,295.31,13.06275000,1
1507228703,22824575,295.31,1.14652471,1
1507228703,22824573,295.31,0.09898521,1
1507228702,22824571,295.31,1.23043734,1
1507228688,22824553,295.31,1.92000000,1
1507228645,22824523,295.31,0.23967425,1
1507228639,22824514,295.31,0.09890132,1
1507228638,22824513,295.31,0.87444891,1
1507228637,22824508,295.31,0.88001870,1
1507228633,22824489,295.62,1.00000000,0
1507228596,22824443,295.31,9.58324700,1
1507228566,22824399,295.61,15.04330280,0
1507228566,22824397,295.57,0.06669720,0
1507228566,22824395,295.52,0.06000000,0
1507228566,22824393,295.52,0.06000000,0
1507228555,22824379,295.31,0.09890247,1
1507228554,22824375,295.31,1.23016503,1
1507228553,22824369,295.31,3.56694187,1
1507228552,22824365,295.51,0.48765051,0
1507228551,22824364,295.50,26.51041800,0
1507228535,22824358,295.46,0.00000022,0
1507228534,22824357,295.43,14.50272478,0
1507228524,22824353,295.49,3.41502538,0
1507228520,22824352,295.51,0.05330200,0
1507228520,22824351,295.42,0.06000000,0
1507228520,22824350,295.39,1.00000000,0
1507228515,22824349,295.37,0.06669761,0
1507228511,22824345,294.74,0.23480900,0
1507228505,22824340,295.18,0.23480900,1
1507228505,22824339,295.18,5.49074575,1
1507228505,22824338,295.19,1.30805425,1
1507228504,22824337,295.27,1.14298900,0
1507228503,22824334,295.19,0.23477400,1
1507228502,22824330,295.27,0.43701100,0
1507228500,22824326,295.18,0.23477400,1
1507228496,22824320,295.16,0.23477400,1
1507228495,22824318,295.14,0.49000000,1
1507228495,22824317,295.27,0.40140572,0
1507228495,22824316,295.27,0.00001145,0
1507228494,22824307,295.27,1.58000000,1
1507228486,22824286,295.27,0.06000000,0
1507228486,22824285,295.23,0.06000000,0
1507228484,22824283,295.23,0.06000000,0
1507228484,22824282,295.20,0.06000000,0
1507228484,22824281,295.17,0.06000000,0
1507228482,22824280,295.11,0.04107675,0
1507228481,22824279,295.10,4.84000000,0
1507228481,22824278,295.10,9.60000000,0
1507228481,22824277,295.09,0.49000000,0
1507228480,22824276,295.09,0.06000000,0
1507228480,22824275,295.08,0.06000000,0
1507228480,22824274,295.08,0.06000000,0
1507228480,22824273,295.07,0.06000000,0
1507228480,22824272,295.05,0.06000000,0
1507228461,22824245,295.00,10.00000000,0
1507228438,22824241,294.63,0.49000000,1
1507228429,22824227,295.00,10.00000000,0
1507228301,22824170,294.96,3.26231904,1
1507228276,22824166,294.96,2.69295800,1
1507228269,22824159,294.96,0.44000000,1
1507228266,22824158,294.96,0.69490776,1
1507228263,22824149,294.96,0.09902932,1
1507228262,22824144,294.96,1.43885500,1
1507228262,22824143,294.96,1.82356600,1
1507228252,22824136,294.96,0.79840522,1
1507228240,22824127,294.96,0.20323000,1
1507228225,22824118,294.96,13.73005000,1
1507228204,22824110,294.78,21.63300000,1
1507228202,22824106,294.77,19.57800000,0
1507228180,22824096,294.72,1.06996629,0
1507227810,22823778,294.64,10.00000000,0
1507227778,22823724,294.63,0.73000000,0
1507227664,22823631,294.39,0.32970000,1
1507227661,22823629,294.74,0.59060300,0
1507227547,22823550,295.00,17.92298079,1
1507227547,22823548,295.00,1.10664233,0
1507227547,22823547,295.00,0.25000000,0
1507227547,22823546,294.99,3.35822806,0
1507227547,22823545,294.92,0.06000000,0
1507227547,22823544,294.90,0.08211000,0
1507227547,22823543,294.89,71.56200000,0
1507227546,22823542,294.88,4.84000000,0
1507227546,22823541,294.87,25.93013200,0
1507227505,22823490,294.81,0.08211000,1
1507227497,22823486,294.80,19.68100000,1
1507227497,22823485,294.80,77.70000000,1
1507227497,22823484,294.80,1.71500000,1
1507227497,22823483,294.81,5.06000000,1
1507227485,22823474,294.81,4.84000000,1
1507227485,22823473,294.81,0.04569151,0
1507227484,22823471,294.80,0.25000000,0
1507227484,22823470,294.73,0.06000000,0
1507227484,22823469,294.72,0.10221558,0
1507227484,22823468,294.69,0.10221558,0
1507227484,22823467,294.66,0.10221558,0
1507227484,22823466,294.65,2.03631427,0
1507227484,22823465,294.65,0.04337764,0
1507227484,22823464,294.64,74.51400000,0
1507227483,22823463,294.63,0.10221558,0
1507227483,22823462,294.61,0.45000000,0
1507227483,22823461,294.58,0.06000000,0
1507227483,22823460,294.41,0.06000000,0
1507227483,22823458,294.29,0.10270676,0
1507227453,22823450,294.29,0.06000000,1
1507227074,22823210,294.40,2.28242100,0
1507226892,22823082,294.37,0.91599008,0
1507226892,22823081,294.37,0.66697241,0
1507226890,22823080,294.36,0.27000000,0
1507226781,22823039,293.48,0.27200000,0
1507226769,22823028,293.49,1.24510100,0
1507226767,22823027,293.40,0.66994834,1
1507226766,22823026,293.72,0.27200000,1
1507226766,22823025,293.72,1.01610000,1
1507226766,22823024,293.72,1.01610000,1
1507226766,22823023,293.72,1.01610000,1
1507226766,22823022,293.72,1.01610000,1
1507226766,22823021,293.72,1.01610000,1
1507226766,22823020,293.77,1.98136741,1
1507226766,22823019,293.79,3.90876113,1
1507226707,22822987,294.38,5.26588083,0
1507226707,22822986,294.37,3.90225082,0
1507226706,22822985,294.33,0.48000000,0
1507226706,22822984,294.32,0.20264407,0
1507226706,22822983,294.29,0.06000000,0
1507226706,22822982,294.21,0.06000000,0
1507226704,22822980,294.06,0.03756596,0
1507226663,22822930,294.06,0.02243404,0
1507226663,22822929,294.04,0.06000000,0
1507226661,22822928,293.84,0.06000000,0
1507226660,22822926,293.75,0.06000000,1
1507226616,22822903,293.39,0.20264407,1
1507226615,22822902,293.43,0.04529189,1
1507226615,22822901,293.45,0.13187880,1
1507226615,22822900,293.50,0.06000000,1
1507226615,22822899,293.57,0.06000000,1
1507226614,22822898,293.65,0.06000000,1
1507226614,22822897,293.65,0.13187850,1
1507226614,22822896,293.69,0.10221558,1
1507226614,22822895,293.72,0.10221558,1
1507226613,22822894,293.75,0.10221558,1
1507226355,22822801,293.76,0.12419042,1
1507226355,22822800,293.78,0.10221558,1
1507226355,22822799,293.82,0.06000000,1
1507226355,22822798,293.85,0.13187850,1
1507226355,22822797,294.02,0.05986550,1
1507226302,22822765,294.52,6.05381637,0
1507226302,22822764,294.51,0.16546940,0
1507226302,22822763,294.30,1.00126189,0
1507226301,22822762,294.28,2.03887454,0
1507226301,22822761,294.28,0.87525824,0
1507226278,22822744,294.02,0.00013450,1
1507226277,22822743,294.05,0.13187850,1
1507226277,22822740,294.17,0.06000000,1
1507226118,22822662,294.28,2.96277800,0
1507226116,22822661,294.28,1.00126200,0
1507225975,22822603,294.28,0.02953346,1
1507225877,22822519,294.28,6.09882000,1
1507225835,22822497,294.28,2.90473655,1
1507225835,22822496,294.29,2.03756063,1
1507225835,22822495,294.29,0.05770282,1
1507225766,22822464,294.29,0.00229718,1
1507225766,22822463,294.30,3.27720282,1
1507225765,22822462,294.30,0.62504800,1
1507225726,22822441,294.74,6.01117941,1
1507225724,22822434,294.74,1.80312812,0
1507225724,22822433,294.74,2.03569247,0
1507225698,22822426,294.49,15.00000000,0
1507225636,22822398,294.43,14.91258000,1
1507225636,22822397,294.44,4.37000000,1
1507225636,22822396,294.49,0.06000000,1
1507225636,22822395,294.64,0.06000000,1
1507225442,22822320,294.75,0.06112188,0
1507225429,22822308,294.36,1.86425000,1
1507225419,22822292,294.35,2.03714500,1
1507225147,22822173,294.34,0.11353600,1
1507225147,22822172,294.52,0.00323200,1
1507225145,22822170,294.52,0.05676800,1
1507225145,22822169,294.67,0.06000000,1
1507224804,22822068,294.78,0.72743400,0
1507224804,22822067,294.65,0.10000000,0
1507224718,22822041,294.70,4.46581200,1
1507224706,22822035,294.70,2.00000000,1
1507224702,22822032,294.70,0.16995700,1
1507224698,22822026,294.70,0.08648000,1
1507224693,22822023,294.70,0.74801000,1
1507224688,22822019,294.70,0.02566400,1
1507224683,22822016,294.70,0.30000000,1
1507224666,22822013,294.70,0.01706000,1
1507224641,22822007,294.70,0.01706000,1
1507224623,22822000,294.99,21.64177194,0
1507224623,22821999,294.98,2.03403621,0
1507224623,22821998,294.97,1.08014600,0
1507224622,22821997,294.80,0.87920000,0
1507224622,22821996,294.80,3.94344085,0
1507224622,22821995,294.79,27.28916400,0
1507224617,22821993,294.37,0.09998000,1
1507224582,22821969,294.30,5.05007000,1
1507224555,22821945,294.79,10.16000000,0
1507224545,22821910,294.12,19.90500000,1
1507224544,22821909,294.32,0.06000000,1
1507224544,22821908,294.52,0.03500000,1
1507224531,22821898,294.77,6.51289000,0
1507224507,22821882,294.79,8.63525400,0
1507224503,22821880,294.80,1.38695915,0
1507224502,22821879,294.80,5.33040000,0
1507224502,22821878,294.80,0.10000000,0
1507224502,22821877,294.70,3.34264085,0
1507224407,22821831,294.52,0.02500000,1
1507224405,22821829,294.67,0.06000000,1
1507224391,22821820,294.78,3.94517500,0
1507224379,22821815,294.75,0.84812500,0
1507224379,22821814,294.75,0.20670000,0
1507224228,22821744,294.17,9.79330000,1
1507224226,22821743,294.18,0.20670000,1
1507224208,22821732,294.16,0.84812500,1
1507224208,22821731,294.23,0.06000000,1
1507224207,22821730,294.38,0.06000000,1
1507224145,22821696,294.75,6.06786700,0
1507224133,22821691,294.88,3.98000000,0
1507223951,22821623,294.98,0.10011900,0
1507223947,22821621,294.98,4.84619500,0
1507223940,22821620,294.90,0.06000000,0
1507223940,22821619,294.89,3.52000000,0
1507223939,22821618,294.88,1.94420000,0
1507223939,22821617,294.88,9.59580700,0
1507223935,22821614,294.88,1.94419300,0
1507223933,22821613,294.87,20.00000000,1
1507223927,22821612,294.88,2.99596700,0
1507223919,22821610,294.87,0.06000000,0
1507223918,22821609,294.80,0.13187850,0
1507223918,22821608,294.65,0.06000000,0
1507223918,22821607,294.62,0.06000000,0
1507223918,22821606,294.60,0.13187850,0
1507223918,22821605,294.52,0.10228509,0
1507223909,22821602,294.51,2.53460800,0
1507223907,22821600,294.51,4.38319600,0
1507223828,22821532,294.49,2.65744500,1
1507223800,22821522,294.49,2.34255500,1
1507223711,22821493,294.50,2.66400000,0
1507223711,22821492,294.49,30.00000000,0
1507223652,22821463,294.49,0.58712100,0
1507223650,22821460,294.49,0.42138800,0
1507223647,22821458,294.25,0.90000000,1
1507223508,22821414,294.49,6.04551289,0
1507223508,22821413,294.48,0.60517311,0
1507223478,22821407,294.49,2.90290388,0
1507223476,22821406,294.49,1.01777800,0
1507223389,22821369,294.51,0.54058159,0
1507223389,22821368,294.45,0.06000000,0
1507223389,22821367,294.43,0.10231641,0
1507223388,22821366,294.42,0.06000000,0
1507223384,22821362,294.21,20.00000000,1
1507223369,22821360,294.20,0.59523000,1
1507223331,22821356,294.41,3.89065446,0
1507223331,22821355,294.40,0.13187850,0
1507223313,22821353,294.40,0.10231641,0
1507223313,22821352,294.40,0.06000000,0
1507223313,22821351,294.39,0.10233033,0
1507223313,22821350,294.37,0.10231641,0
1507223313,22821349,294.36,0.10233033,0
1507223313,22821348,294.34,0.10231641,0
1507223312,22821346,294.33,0.10232999,0
1507223213,22821294,294.12,5.00000000,1
1507222904,22821112,294.12,1.63137492,1
1507222901,22821105,294.12,1.63131970,1
1507222899,22821100,294.12,3.65669965,1
1507222898,22821096,294.12,1.63127975,1
1507222897,22821091,294.12,3.65653985,1
1507222893,22821088,294.12,1.63123981,1
1507222891,22821083,294.12,3.65638005,1
1507222890,22821079,294.12,1.63119986,1
1507222889,22821073,294.12,3.65622026,1
1507222888,22821070,294.12,1.63119986,1
1507222886,22821065,294.11,3.90059757,1
1507222840,22821021,294.33,0.00000034,0
1507222840,22821020,294.31,0.48000000,0
1507222840,22821019,294.30,0.06000000,0
1507222840,22821017,294.30,0.10233033,0
1507222840,22821016,294.27,0.06000000,0
1507222840,22821015,294.25,0.06000000,0
1507222840,22821014,294.25,0.06000000,0
1507222840,22821013,294.24,0.16619265,0
1507222836,22821009,294.24,0.07748813,0
1507222835,22821008,294.24,0.44295122,0
1507222835,22821007,294.24,0.68666608,0
1507222835,22821006,294.23,0.28810370,0
1507222827,22821004,294.24,0.11180150,0
1507222827,22821003,294.20,0.13187880,0
1507222827,22821002,294.17,0.10240697,0
1507222827,22821001,294.14,0.10240697,0
1507222827,22821000,294.14,0.34186369,0
1507222827,22820999,294.11,0.10240697,0
1507222827,22820998,294.08,0.10240697,0
1507222822,22820992,294.00,1.00000000,0
1507222822,22820991,294.00,0.06187977,0
1507222814,22820987,293.99,1.87014900,1
1507222797,22820973,294.00,6.79289450,0
1507222777,22820970,293.99,1.45348900,1
1507222733,22820950,293.99,0.55320900,1
1507222723,22820946,293.99,0.66452321,1
1507222709,22820940,294.00,5.41000000,0
1507222670,22820925,293.97,3.52895875,1
1507222670,22820924,293.97,0.20740000,0
1507222670,22820922,293.97,0.27200000,0
1507222638,22820909,293.98,2.37020000,0
1507222631,22820904,293.76,2.00000000,1
1507222609,22820899,293.76,0.93500000,1
1507222601,22820897,293.25,0.93500000,1
1507222601,22820896,293.41,2.67500000,1
1507222599,22820895,293.75,6.39000000,1
1507222594,22820894,293.74,3.52895875,0
1507222511,22820867,293.74,0.31854400,0
1507222430,22820832,293.74,0.02697400,0
1507222415,22820822,293.74,0.03350000,0
1507222407,22820785,293.73,5.42440825,0
1507222333,22820745,292.45,8.24000000,1
1507222333,22820744,292.45,1.76000000,1
1507222329,22820743,292.44,10.71260763,1
1507222329,22820742,292.45,6.81000000,1
1507222329,22820741,292.60,1.10664233,1
1507222329,22820740,292.64,0.06000000,1
1507222329,22820739,292.99,0.06000000,1
1507222328,22820738,293.00,10.00000000,1
1507222328,22820737,293.01,4.30282114,1
1507222328,22820736,293.14,0.10240697,1
1507222328,22820735,293.15,1.61270420,0
1507222327,22820734,293.17,0.10240697,1
1507222327,22820733,293.20,0.10240697,1
1507222327,22820732,293.23,0.10240697,1
1507222327,22820731,293.26,0.13187880,1
1507222326,22820730,293.29,0.06000000,1
1507222326,22820729,293.29,5.00000000,0
1507222326,22820728,293.44,2.04346277,1
1507222326,22820727,293.44,19.99100000,1
1507222326,22820726,293.46,3.90797675,1
1507222326,22820725,293.46,0.13187850,1
1507222325,22820724,293.47,0.20740000,1
1507222325,22820723,293.54,0.06000000,1
1507222325,22820722,293.58,0.27200000,0
1507222325,22820721,293.74,0.06000000,1
1507222323,22820715,293.89,0.06000000,1
1507222282,22820701,294.00,2.87458400,0
1507222230,22820682,294.00,1.93074829,0
1507222228,22820681,293.99,2.04088574,0
1507221969,22820531,294.00,1.00000000,1
1507221866,22820495,294.24,0.57479643,0
1507221866,22820494,294.23,0.28003100,0
1507221854,22820490,294.21,0.13187850,0
1507221854,22820489,294.10,0.06000000,0
1507221854,22820488,294.10,0.06000000,0
1507221854,22820487,294.01,0.13187880,0
1507221854,22820486,293.95,0.68378392,0
1507221854,22820485,293.94,0.85149230,0
1507221785,22820446,293.73,1.09984184,0
1507221747,22820428,293.79,0.85907100,0
1507221747,22820427,293.78,0.27200000,0
1507221688,22820359,293.79,1.09661400,0
1507221606,22820326,293.01,5.31510479,0
1507221606,22820324,293.01,1.22000000,1
1507221606,22820323,293.09,0.06000000,1
1507221606,22820322,293.34,0.06000000,1
1507221606,22820321,293.54,0.06000000,1
1507221604,22820316,293.69,0.06000000,1
1507221550,22820290,293.80,1.09476800,0
1507221386,22820235,293.73,0.65614000,0
1507221340,22820207,293.01,0.07794993,1
1507221332,22820202,293.01,0.37360057,1
1507221332,22820201,293.02,2.04118882,1
1507221331,22820200,293.04,0.06000000,1
1507221331,22820199,293.14,0.04167773,1
1507221331,22820198,293.14,0.03458937,1
1507221331,22820197,293.19,0.06000000,1
1507221331,22820196,293.29,0.27200000,0
1507221330,22820195,293.30,0.44596495,1
1507221330,22820194,293.30,0.68666608,1
1507221330,22820193,293.30,0.68663200,1
1507221330,22820192,293.36,0.80200000,1
1507221330,22820191,293.38,3.90701914,1
1507221329,22820190,293.40,0.10231641,1
1507221329,22820189,293.43,0.10231641,1
1507221329,22820188,293.46,0.10231641,1
1507221327,22820186,293.49,0.10231641,1
1507221173,22820102,293.99,3.77023012,0
1507221173,22820101,293.98,2.04095517,0
1507221173,22820099,293.95,0.06000000,0
1507221173,22820098,293.94,3.90681471,0
1507221173,22820097,293.81,0.27200000,0
1507221173,22820096,293.75,0.06000000,0
1507221173,22820095,293.60,0.06000000,0
1507220741,22819808,293.30,0.23781897,1
1507220741,22819807,293.36,0.44601803,1
1507220717,22819786,293.30,0.68659793,1
1507220716,22819785,293.36,0.10233033,1
1507220716,22819784,293.39,0.10232999,1
1507220716,22819782,293.39,0.00000034,1
1507220716,22819781,293.42,0.10233033,1
1507220716,22819779,293.45,0.10233033,1
1507220716,22819778,293.49,0.06000000,1
1507220716,22819777,293.55,0.43000000,1
1507220716,22819776,293.59,0.27200000,1
1507220715,22819775,293.69,0.06000000,1
1507220715,22819774,293.84,0.06000000,1
1507220713,22819771,293.95,0.44170429,1
1507220689,22819755,293.95,0.03398268,1
1507220681,22819746,293.95,0.10589000,1
1507220440,22819588,293.95,0.21741305,1
1507220347,22819523,294.05,0.24005011,1
1507220331,22819513,293.95,0.06000000,0
1507220330,22819510,293.94,0.04022000,1
1507220244,22819412,293.94,3.74414600,1
1507220230,22819400,293.94,0.24499556,1
1507220228,22819398,293.94,0.27200000,1
1507220225,22819393,293.66,0.45000000,0
1507219933,22819197,293.30,1.22916785,1
1507219904,22819182,293.25,0.55975000,1
1507219904,22819181,293.33,0.27200000,1
1507219904,22819180,293.39,0.06000000,1
1507219904,22819179,293.54,0.06000000,1
1507219876,22819152,293.65,12.19903749,1
1507219876,22819151,293.66,0.02030000,1
1507219876,22819149,293.67,1.88323251,1
1507219831,22819078,293.69,1.40857800,1
1507219830,22819077,293.70,0.50000000,1
1507219794,22819045,294.19,7.84234214,0
1507219794,22819044,294.19,0.28893318,0
1507219660,22818897,294.07,0.46007978,0
1507219660,22818896,294.05,0.19992022,0
1507219645,22818877,294.07,2.83002618,0
1507219634,22818866,294.06,0.22907170,0
1507219634,22818865,294.05,0.28598630,0
1507219613,22818845,293.93,0.19351732,0
1507219613,22818844,293.92,0.24705588,0
1507219606,22818837,293.95,0.50011500,0
1507219587,22818804,293.99,0.02494412,0
1507219584,22818780,294.00,0.66247266,0
1507219519,22818592,293.22,3.00000000,1
1507219519,22818591,293.22,1.45168987,1
1507219519,22818590,293.24,0.06000000,1
1507219519,22818589,293.32,0.27200000,1
1507219519,22818588,293.34,0.07626710,1
1507219518,22818587,293.44,0.06000000,1
1507219518,22818586,293.50,0.46594369,1
1507219518,22818585,293.53,3.43835059,1
1507219406,22818495,293.54,0.07626710,1
1507219378,22818478,293.58,1.02552123,0
1507219378,22818477,293.58,0.10228509,1
1507219376,22818476,293.59,8.03000000,0
1507219376,22818475,293.59,0.06000000,1
1507219262,22818376,293.70,2.86779139,0
1507219262,22818374,293.70,6.26060427,1
1507219262,22818373,293.71,0.20720000,1
1507219249,22818362,293.73,1.59228137,1
1507219249,22818361,293.73,1.65679969,1
1507219249,22818360,293.75,1.86562016,1
1507219173,22818265,293.73,0.07089290,1
1507219173,22818263,293.74,0.07626710,1
1507219144,22818228,294.16,0.35274201,0
1507219126,22818206,294.40,9.98838315,1
1507219095,22818198,294.39,0.36000000,0
1507219071,22818177,293.77,4.47307416,0
1507219064,22818166,293.75,0.10949000,1
1507219062,22818165,293.75,1.93000000,1
1507219057,22818144,294.98,4.10387144,1
1507219056,22818143,294.94,0.06000000,0
1507219056,22818142,294.92,0.06000000,0
1507219056,22818140,294.91,0.07626710,0
1507219056,22818139,294.84,1.24000000,0
1507219055,22818138,294.83,4.84000000,0
1507219055,22818137,294.75,0.49000000,0
1507219055,22818136,294.74,4.46314200,0
1507219055,22818135,294.27,4.74863413,0
1507219053,22818128,294.26,0.24705421,0
1507219035,22818104,294.59,9.07288095,1
1507219035,22818103,294.30,0.45000000,0
1507219033,22818099,294.27,0.46000000,0
1507219029,22818084,293.88,0.24705421,1
1507219017,22818047,294.87,5.46318716,0
1507219017,22818046,294.78,0.02330390,0
1507219017,22818045,294.74,0.06000000,0
1507219017,22818044,294.71,0.07626710,0
1507219016,22818043,294.69,0.06000000,0
1507219016,22818042,294.63,0.47000000,0
1507219016,22818041,294.58,0.02330390,0
1507219016,22818040,294.54,0.06000000,0
1507219015,22818039,294.51,0.07626710,0
1507219015,22818038,294.49,0.06000000,0
1507219015,22818037,294.40,2.95030150,0
1507219015,22818036,294.12,0.45000000,0
1507219013,22818035,294.09,0.20700006,0
1507218839,22817895,294.09,3.11929209,0
1507218839,22817894,294.08,0.20700000,0
1507218839,22817893,294.08,1.51532891,0
1507218767,22817811,294.08,2.38109400,0
1507218593,22817673,293.70,16.13939573,1
1507218593,22817671,293.71,0.20700000,1
1507218593,22817670,293.71,1.59535136,1
1507218593,22817668,293.74,2.05825291,1
1507218588,22817655,293.74,1.83817000,1
1507218542,22817546,294.47,1.59077571,0
1507218542,22817545,294.46,10.88000000,0
1507218542,22817544,294.44,0.06000000,0
1507218542,22817543,294.43,0.10231641,0
1507218542,22817542,294.40,0.10231641,0
1507218542,22817541,294.38,0.02330390,0
1507218542,22817540,294.37,3.32410757,0
1507218516,22817512,294.37,0.25524545,0
1507218516,22817511,294.36,0.20680000,0
1507218496,22817484,294.37,0.31117508,0
1507218496,22817483,294.37,0.10231641,0
1507218496,22817482,294.34,0.10231641,0
1507218496,22817480,294.34,0.06000000,0
1507218496,22817478,294.19,0.06000000,0
1507218496,22817476,293.99,0.06000000,0
1507218495,22817474,293.84,0.06000000,0
1507218076,22816955,293.54,2.74000000,1
1507218076,22816954,293.55,4.07000000,1
1507218075,22816949,293.55,6.81000000,1
1507218067,22816944,293.76,5.00000000,1
1507218058,22816927,293.72,15.90267190,1
1507218057,22816926,293.74,3.89052810,1
1507218057,22816925,293.75,0.20680000,1
1507218037,22816908,294.33,1.50000000,0
1507218011,22816893,294.33,1.50000000,0
1507217977,22816850,294.33,3.27547311,0
1507217940,22816826,294.26,0.10924194,1
1507217940,22816825,294.26,3.88600036,0
1507217779,22816703,293.20,0.03725628,1
1507217769,22816694,293.18,4.94000000,1
1507217768,22816693,293.33,0.06000000,1
1507217768,22816692,293.40,0.10231641,1
1507217768,22816691,293.43,0.10231641,1
1507217768,22816690,293.46,0.10231641,1
1507217768,22816689,293.49,0.10231641,1
1507217768,22816688,293.63,0.06000000,1
1507217736,22816646,293.67,3.88600036,1
1507217724,22816637,293.88,0.06000000,1
1507217724,22816636,294.08,0.06000000,1
1507217724,22816634,294.23,0.06000000,1
1507217590,22816464,294.34,0.03627220,1
1507217588,22816459,294.31,0.04167773,0
1507217577,22816420,294.31,0.03458937,0
1507217577,22816419,294.18,0.02330390,0
1507217575,22816416,293.99,0.02007390,0
1507217474,22816236,293.99,0.03992610,0
1507217474,22816234,293.98,0.02330390,0
1507217473,22816233,293.94,0.06000000,0
1507217473,22816232,293.79,0.06000000,0
1507217473,22816231,293.67,0.47000000,0
1507217419,22816157,293.39,7.00000000,0
1507217418,22816156,293.39,5.00000000,1
1507217360,22816014,293.49,2.95673979,0
1507217118,22815796,293.49,1.50000000,0
1507216926,22815715,293.49,8.44037337,0
1507216909,22815704,293.49,30.00000000,0
1507216896,22815694,293.49,24.66668316,0
1507216883,22815685,293.49,5.33331684,0
1507216812,22815655,293.50,15.97596105,1
1507216812,22815654,293.51,2.03655898,1
1507216797,22815639,293.50,0.20528600,1
1507216581,22815543,293.41,0.00259225,1
1507216581,22815542,293.50,1.15906068,1
1507216548,22815527,293.50,3.84093932,1
1507216548,22815526,293.60,1.31315705,1
1507216535,22815516,293.60,3.68684295,1
1507216535,22815515,293.61,0.06000000,1
1507216534,22815514,293.76,0.06000000,1
1507216534,22815513,293.80,0.91282512,1
1507216527,22815510,293.80,4.08717488,1
1507216527,22815509,293.86,0.90281656,1
1507216521,22815501,293.87,5.00000000,0
1507216490,22815464,293.87,4.79669571,0
1507216490,22815462,293.79,0.06000000,0
1507216490,22815461,293.78,0.02330429,0
1507216490,22815460,293.66,0.06000000,0
1507216490,22815459,293.64,0.06000000,0
1507216375,22815393,293.63,0.17199248,1
1507216375,22815390,293.63,1.30531541,1
1507216247,22815301,293.55,9.10717909,0
1507216246,22815300,293.55,1.63830993,0
1507216191,22815257,293.55,7.12598556,0
1507216191,22815256,293.54,2.04401444,0
1507216191,22815255,293.54,1.03000000,0
1507216111,22815208,293.54,3.91610234,0
1507216097,22815201,293.54,3.89012088,0
1507216097,22815199,293.42,0.06000000,0
1507216097,22815197,293.23,0.06000000,0
1507216073,22815184,293.22,3.64003138,0
1507216068,22815180,292.68,4.08814666,1
1507216056,22815176,293.00,1.15386171,0
1507216056,22815175,293.00,2.00000000,1
1507215991,22815116,293.09,3.33520558,1
1507215991,22815115,293.09,0.20467620,1
1507215980,22815103,293.08,0.06000000,0
1507215978,22815096,293.07,9.74256900,0
1507215733,22814871,292.78,4.00000000,0
1507215687,22814834,292.62,0.07854054,1
1507215683,22814833,293.27,0.95121563,1
1507215683,22814832,293.27,0.12878437,0
1507215679,22814830,292.62,0.80000000,1
1507215502,22814713,293.28,0.18705674,0
1507215493,22814706,292.61,5.82000000,1
1507215493,22814704,292.65,0.06000000,1
1507215493,22814703,292.90,0.06000000,1
1507215493,22814702,293.10,0.06000000,1
1507215426,22814673,293.49,0.07854054,0
1507215420,22814672,293.19,1.49698148,0
1507215397,22814662,293.24,0.06000000,0
1507215362,22814632,293.36,1.04342787,1
1507215362,22814631,293.25,0.06000000,0
1507215362,22814630,293.05,0.06000000,0
1507215362,22814629,292.90,0.06000000,0
1507215361,22814628,292.89,0.27330428,0
1507215278,22814583,292.80,4.26161300,1
1507215269,22814576,292.80,5.53013800,1
1507215269,22814575,292.80,2.27074800,1
1507215269,22814574,292.80,3.69580000,1
1507215268,22814573,292.80,6.01838670,1
1507215264,22814570,292.80,10.28000000,1
1507215253,22814568,292.80,2.94331398,1
1507215226,22814552,292.60,4.51852949,1
1507215220,22814545,292.60,1.56194872,1
1507215212,22814531,292.60,21.24246900,1
1507215194,22814521,292.60,16.60680000,1
1507215182,22814518,292.60,15.62080600,1
1507215180,22814515,292.60,0.12886900,1
1507215171,22814489,292.60,1.44510000,1
1507215140,22814469,292.60,2.76429024,1
1507215125,22814461,292.60,0.23543200,1
1507215113,22814453,292.60,1.00000000,1
1507215104,22814452,292.60,0.61897000,1
1507215096,22814448,292.60,0.10000000,1
1507215095,22814447,292.60,0.11189200,1
1507215094,22814445,292.60,7.98457600,1
1507215092,22814444,292.60,0.09221000,1
1507215046,22814413,292.60,1.12217100,1
1507215043,22814412,292.60,4.49000000,1
1507215043,22814411,292.60,1.00000000,1
1507215038,22814396,292.60,3.00000000,1
1507215037,22814395,292.60,2.19160958,1
1507214986,22814340,292.60,20.20559100,1
1507214986,22814338,292.60,1.67019300,1
1507214977,22814330,292.60,1.00153200,1
1507214940,22814310,292.60,40.24410500,1
1507214803,22814224,292.60,5.00000000,1
1507214752,22814199,292.60,18.63806800,1
1507214747,22814198,292.60,3.13212577,1
1507214729,22814193,292.60,0.18284300,1
1507214704,22814131,292.60,10.00000000,1
1507214662,22814103,292.60,0.19900600,1
1507214638,22814090,292.60,7.30318283,1
1507214637,22814087,292.60,3.34285900,1
1507214629,22814081,292.60,22.79769100,1
1507214629,22814080,292.61,0.27300000,1
1507214537,22814015,292.60,0.07891563,1
1507214523,22814011,292.60,20.00000000,1
1507214514,22814007,293.15,0.07891563,0
1507214502,22813999,293.16,0.29443380,0
1507214502,22813998,293.09,0.46000000,0
1507214502,22813997,293.09,0.35326620,0
1507214496,22813989,292.60,2.63943100,1
1507214494,22813988,292.60,4.49795300,1
1507214469,22813976,292.61,2.00000000,1
1507214466,22813975,292.61,1.61363200,1
1507214461,22813939,292.61,1.17070000,1
1507214451,22813933,292.60,0.43884800,1
1507214451,22813932,292.61,0.56156000,1
1507214446,22813927,292.61,2.95923100,1
1507214443,22813924,292.61,1.16920900,1
1507214415,22813915,292.61,0.12902300,1
1507214388,22813885,292.60,10.28593100,1
1507214384,22813880,292.61,0.10241429,1
1507214367,22813864,292.60,0.11124000,1
1507214366,22813863,292.60,6.56611278,1
1507214366,22813862,292.60,1.00000000,1
1507214363,22813859,292.60,72.38000000,1
1507214363,22813858,292.61,5.32000000,1
1507214362,22813856,292.61,0.20770000,1
1507214362,22813855,292.61,2.65242100,1
1507214362,22813854,292.61,5.15757900,1
1507214362,22813853,292.62,0.39103900,1
1507214361,22813851,292.62,3.73996100,1
1507214356,22813847,292.62,0.86900000,1
1507214351,22813845,292.60,4.20867213,1
1507214351,22813844,292.61,5.88000000,1
1507214351,22813843,292.63,0.06000000,1
1507214351,22813842,292.71,0.04668330,1
1507214351,22813841,292.71,0.02005059,1
1507214350,22813840,292.74,16.45583164,1
1507214350,22813839,292.78,3.07538980,1
1507214350,22813838,292.78,0.06663874,1
1507214350,22813837,292.88,0.06000000,1
1507214350,22813836,292.91,0.06673380,1
1507214350,22813835,293.08,0.06000000,1
1507214348,22813834,293.11,0.06673380,1
1507214348,22813833,293.23,0.03000000,1
1507214283,22813813,293.23,0.03000000,1
1507214087,22813706,293.34,3.00000000,1
1507214062,22813684,293.47,0.08710000,0
1507214012,22813655,293.36,0.07897728,1
1507214003,22813653,293.58,0.06000000,1
1507213837,22813568,293.78,0.06000000,1
1507213722,22813499,293.93,0.06000000,1
1507213592,22813369,294.04,0.07897728,0
1507213584,22813358,294.07,10.36970000,0
1507213552,22813329,293.29,9.80180320,1
1507213552,22813328,293.31,0.06673380,1
1507213535,22813318,293.36,4.63290000,1
1507213535,22813317,293.39,0.20710000,1
1507213531,22813309,293.41,3.41343800,1
1507213531,22813307,293.60,1.82628000,1
1507213526,22813303,293.38,0.07928156,1
1507213521,22813302,293.60,3.91192363,0
1507213519,22813301,293.60,2.17653800,0
1507213519,22813300,293.60,1.75000000,0
1507213519,22813299,293.60,1.82297400,0
1507213519,22813298,293.60,14.23018400,0
1507213517,22813296,293.61,0.06000000,1
1507213517,22813295,293.71,2.03825949,1
1507213517,22813294,293.71,3.89012088,1
1507213517,22813293,293.91,0.06000000,1
1507213517,22813292,294.16,0.06000000,1
1507213473,22813279,294.33,16.94536744,0
1507213435,22813255,294.33,3.25236978,0
1507213433,22813253,294.32,3.80000000,0
1507213252,22813169,294.36,0.06000000,1
1507213178,22813113,294.40,0.10000000,0
1507213146,22813100,294.41,0.06000000,0
1507213051,22812905,294.62,1.75822415,0
1507213045,22812898,294.60,2.03665988,0
1507213041,22812895,294.61,4.23285930,0
1507212949,22812655,294.52,0.07928156,0
1507212930,22812648,294.58,0.28560012,0
1507212923,22812645,294.57,3.33509402,0
1507212918,22812636,294.50,0.06673380,0
1507212918,22812635,294.45,0.10000000,0
1507212917,22812634,294.44,0.42489253,0
1507212917,22812633,294.43,1.96781091,0
1507212917,22812632,294.43,0.27513350,0
1507212914,22812625,294.32,1.64562173,0
1507212888,22812581,293.43,4.32087384,0
1507212888,22812580,293.54,0.00956003,1
1507212884,22812576,293.54,0.05043997,1
1507212882,22812571,293.74,0.02925105,1
1507212873,22812558,293.74,0.03074895,1
1507212873,22812556,293.76,1.03630664,1
1507212873,22812554,293.78,2.24294441,1
1507212871,22812551,293.89,0.06000000,1
1507212804,22812504,294.19,3.49020997,0
1507212799,22812501,294.20,0.06422902,0
1507212784,22812489,294.31,0.20461642,0
1507212734,22812455,294.39,1.03735070,0
1507212717,22812439,294.03,1.64562173,1
1507212716,22812438,294.04,0.23765827,1
1507212716,22812437,294.05,0.60000000,1
1507212703,22812426,294.44,0.55011796,0
1507212694,22812422,294.01,1.13027600,1
1507212687,22812419,294.02,10.23000000,0
1507212677,22812412,294.01,0.19932559,1
1507212521,22812334,294.00,0.08656999,1
1507212521,22812333,294.00,1.33898607,1
1507212377,22812262,294.00,0.33934300,1
1507212357,22812241,294.00,4.00422299,1
1507212357,22812240,294.01,2.25577701,1
1507212340,22812232,294.01,0.27734900,1
1507212286,22812204,294.01,0.47600000,1
1507212189,22812072,294.44,5.02498951,0
1507212189,22812071,294.44,0.05000000,0
1507212177,22812061,294.43,0.20700000,1
1507212177,22812060,294.43,0.05000000,0
1507212177,22812059,294.41,0.18873011,0
1507212164,22812048,294.30,3.88033427,0
1507212164,22812047,294.05,0.06000000,0
1507212164,22812046,293.85,0.06000000,0
1507212164,22812045,293.75,0.40000000,0
1507212164,22812044,293.70,0.06000000,0
1507211653,22811561,293.40,1.79266573,0
1507211650,22811552,293.40,3.88033427,0
1507211649,22811551,293.41,0.20700000,1
1507211648,22811549,293.54,0.06000000,1
1507211648,22811548,293.74,0.06000000,1
1507211615,22811518,293.89,0.06000000,1
1507211614,22811516,294.41,1.81126989,0
1507211614,22811515,294.41,2.00000000,0
1507211614,22811514,294.30,0.06673380,0
1507211613,22811513,294.10,0.06673380,0
1507211613,22811512,294.03,0.04569151,0
1507211612,22811511,294.00,10.35699182,0
1507211612,22811510,293.99,0.50005400,0
1507211537,22811464,294.00,0.22607000,0
1507211491,22811418,294.00,0.22619000,0
1507211490,22811416,294.00,0.00100000,0
1507211489,22811414,293.99,0.49900000,0
1507211424,22811327,294.00,5.05577718,0
1507211373,22811303,294.00,0.21940000,0
1507211316,22811253,294.00,1.26365800,0
1507211272,22811209,294.00,0.77932800,0
1507211270,22811208,294.00,1.00000000,0
1507211181,22811079,293.99,1.18418000,0
1507211181,22811078,293.90,0.04668330,0
1507211156,22811052,293.48,1.18418000,1
1507211081,22810968,293.80,3.15355193,0
1507211080,22810967,293.80,2.20699392,0
1507211060,22810943,293.13,4.21779712,1
1507211059,22810940,293.80,0.24279300,0
1507211057,22810938,293.80,0.40086500,0
1507211054,22810930,293.80,0.24279900,0
1507211051,22810920,293.80,2.00000000,0
1507211051,22810919,293.80,0.25509200,0
1507211051,22810918,293.79,0.77538500,0
1507211028,22810872,293.79,0.17324500,0
1507211028,22810871,293.59,0.49000000,0
1507210861,22810718,293.09,0.94863000,1
1507210856,22810714,293.80,3.00112321,0
1507210839,22810677,293.80,0.07969102,0
1507210825,22810664,293.79,0.23664658,1
1507210825,22810663,293.79,0.64000000,0
1507210824,22810661,293.66,0.46000000,0
1507210824,22810660,293.65,3.87789564,0
1507210823,22810657,293.64,0.03400000,1
1507210823,22810656,293.42,0.06000000,0
1507210822,22810655,293.27,0.06000000,0
1507210802,22810629,293.01,1.67796529,0
1507210802,22810627,293.01,0.02480000,1
1507210779,22810593,292.99,1.78251000,0
1507210726,22810524,292.97,1.00000000,1
1507210586,22810402,292.99,0.22249000,0
1507210452,22810305,292.98,0.19830000,0
1507210439,22810293,292.97,0.10184522,1
1507210436,22810291,292.97,0.54911855,1
1507210435,22810288,292.97,0.10180526,1
1507210432,22810278,292.97,0.39578165,1
1507210430,22810274,292.97,0.10176526,1
1507210423,22810258,292.97,2.52235000,1
1507210355,22810160,292.98,0.08005059,1
1507210328,22810115,292.97,0.73190300,1
1507210312,22810103,292.97,0.46422800,1
1507210284,22810081,293.00,0.56484900,1
1507210191,22809884,293.65,16.60000000,0
1507210149,22809854,292.96,1.52726190,1
1507210149,22809853,293.00,5.00000000,1
1507210148,22809852,293.14,0.06000000,1
1507210148,22809851,293.17,2.32997411,1
1507210148,22809850,293.18,1.23915799,1
1507210123,22809827,293.20,0.20750000,0
1507210123,22809826,293.20,3.87789564,1
1507210123,22809825,293.29,0.06000000,1
1507210063,22809778,293.89,0.00003736,1
1507210062,22809774,293.89,0.33239600,1
1507210061,22809773,293.89,4.94049257,1
1507210060,22809771,293.89,3.53302000,1
1507210058,22809764,293.89,3.86521737,1
1507210057,22809762,293.89,0.10349169,1
1507210056,22809759,293.89,0.49900000,1
1507210055,22809753,293.89,3.86479981,1
1507210055,22809751,293.89,0.02009067,1
1507210053,22809750,293.90,0.02005059,0
1507210051,22809742,293.85,0.06000000,0
1507209915,22809578,293.85,0.10227410,0
1507209914,22809575,293.85,0.02454812,0
1507209914,22809573,293.85,0.06000000,0
1507209914,22809572,293.78,0.01772598,0
1507209913,22809567,293.78,0.04227402,0
1507209912,22809564,293.70,0.06000000,0
1507209912,22809562,293.64,0.00000008,0
1507209820,22809481,293.64,0.68681025,0
1507209819,22809480,293.64,0.68667375,0
1507209763,22809440,293.53,0.06000000,0
1507209740,22809377,293.40,0.00000010,0
1507209732,22809342,293.37,1.84363996,1
1507209695,22809283,293.40,1.19561400,0
1507209676,22809264,293.40,1.14000000,0
1507209663,22809236,293.40,9.72368200,0
1507209663,22809235,293.33,0.06000000,0
1507209633,22809186,293.18,0.06000000,0
1507209631,22809178,293.17,2.67002589,0
1507209614,22809135,293.17,0.67087117,0
1507209581,22809101,293.16,0.11800000,1
1507209567,22809096,293.16,0.49900000,1
1507209566,22809092,293.17,0.54623740,0
1507209552,22809064,293.16,0.49900000,1
1507209525,22809026,293.16,0.39319822,1
1507209515,22809012,293.16,0.32371395,1
1507209507,22809000,293.16,0.32377000,1
1507209468,22808935,293.16,0.98301520,1
1507209446,22808897,293.16,0.49900000,0
1507209256,22808670,292.88,1.71281434,0
1507209256,22808669,292.88,0.52000000,0
1507209244,22808665,292.70,5.00000000,1
1507209223,22808618,292.90,0.66733809,0
1507209222,22808616,292.91,1.92397813,0
1507209205,22808599,292.50,2.99827924,1
1507209205,22808598,292.50,0.51386633,1
1507209205,22808597,292.62,0.06000000,1
1507209204,22808596,292.77,0.06000000,1
1507209198,22808586,292.50,1.52316097,1
1507209184,22808568,292.88,2.33030493,1
1507209182,22808566,292.80,0.01990157,0
1507209141,22808532,292.80,0.22603066,0
1507209141,22808530,292.79,0.08000000,0
1507209100,22808507,292.61,0.41432893,0
1507209076,22808500,291.94,0.08074902,0
1507209066,22808488,292.66,0.39638033,0
1507209014,22808460,292.70,9.22595474,1
1507209013,22808459,292.70,7.22000000,0
1507209013,22808458,292.19,0.59545284,0
1507209013,22808457,292.19,0.06000000,1
1507208883,22808396,292.47,4.80000000,1
1507208848,22808364,292.47,0.04000000,1
1507208838,22808362,292.49,0.06000000,1
1507208838,22808361,292.60,0.00000027,1
1507208684,22808237,292.60,0.94200754,1
1507208684,22808236,293.00,0.17064846,1
1507208659,22808219,292.60,0.66873657,1
1507208657,22808218,292.60,8.38925562,1
1507208657,22808217,292.68,1.49074438,1
1507208657,22808216,292.74,0.06000000,1
1507208657,22808215,292.94,0.06000000,1
1507208641,22808198,293.09,0.66873657,0
1507208640,22808197,293.09,0.06000000,1
1507208637,22808192,292.66,0.66860068,1
1507208636,22808191,292.66,2.89706996,1
1507208636,22808190,292.70,1.74927704,1
1507208635,22808189,292.70,8.25072296,1
1507208635,22808188,292.75,5.00000000,1
1507208635,22808187,292.80,1.58927704,1
1507208635,22808185,292.80,3.57044300,1
1507208627,22808177,293.20,0.06074902,0
1507208623,22808173,292.80,1.00571100,1
1507208622,22808172,292.80,0.93721900,1
1507208603,22808154,292.82,0.94620000,1
1507208588,22808149,292.82,1.45019008,1
1507208588,22808148,293.14,0.07436402,1
1507208127,22807941,293.47,0.03628000,0
1507208047,22807846,293.50,5.83524491,0
1507208047,22807845,293.15,6.39492809,0
1507208046,22807843,293.15,3.07041400,0
1507208044,22807833,293.15,2.76483029,0
1507208044,22807826,293.15,0.07446305,0
1507208043,22807823,293.15,2.76455738,0
1507208019,22807806,293.15,0.61096900,0
1507208016,22807802,293.15,0.07448150,0
1507208012,22807797,293.15,0.07444147,0
1507208009,22807789,293.15,0.07444147,0
1507207992,22807773,293.15,3.19212008,0
1507207985,22807761,293.15,0.07270991,0
1507207983,22807753,293.15,1.08954460,0
1507207981,22807744,293.14,0.42733761,0
1507207814,22807611,292.80,2.89734996,1
1507207814,22807610,292.90,2.10265004,1
1507207708,22807545,292.90,1.55000000,1
1507207659,22807499,292.90,1.34734996,1
1507207659,22807498,293.00,4.42305012,1
1507207658,22807497,293.10,3.05959992,1
1507207634,22807472,293.10,5.00000000,1
1507207625,22807455,293.10,1.94040008,1
1507207625,22807454,293.20,0.98648592,1
1507207602,22807433,293.20,5.00000000,1
1507207598,22807432,293.20,0.50890100,1
1507207575,22807416,293.20,3.50461308,0
1507207535,22807379,293.00,5.57694988,0
1507207516,22807349,293.00,0.66860068,0
1507207515,22807346,293.00,6.81311734,0
1507207515,22807345,292.99,3.68688266,0
1507207430,22807212,292.30,0.00002999,0
1507207387,22807168,292.30,0.05997001,0
1507207231,22807098,292.29,1.49530481,0
1507207164,22807067,292.29,0.72399500,1
1507207162,22807066,292.29,1.00000000,0
1507207153,22807063,292.29,0.42440800,0
1507207140,22807056,292.00,0.00498300,0
1507207088,22806988,292.00,2.52333634,0
1507207056,22806963,292.00,3.65160526,0
1507206971,22806907,292.00,8.42935715,0
1507206963,22806906,292.00,3.15355193,0
1507206838,22806866,292.00,1.58746575,0
1507206790,22806823,292.00,7.66945500,0
1507206786,22806820,292.00,0.28000000,0
1507206784,22806813,292.00,1.81783400,0
1507206783,22806810,292.00,4.52196700,0
1507206782,22806804,292.00,2.39222000,0
1507206780,22806798,292.00,9.99827800,0
1507206779,22806796,292.00,40.00000000,0
1507206777,22806795,292.00,0.18000000,0
1507206761,22806782,292.00,0.87156800,0
1507206757,22806777,292.00,1.58648804,0
1507206757,22806776,291.74,0.35132717,0
1507206757,22806773,291.89,0.26288969,0
1507206756,22806771,291.89,0.06000000,1
1507206751,22806770,292.00,6.48340767,0
1507206651,22806685,292.00,29.21140534,1
1507206651,22806683,292.02,3.63707752,1
1507206650,22806682,292.70,0.19301686,1
1507206650,22806681,292.70,0.27300000,1
1507206649,22806680,292.59,0.20820000,0
1507206644,22806678,292.03,0.16053087,1
1507206623,22806671,292.02,0.24282200,1
1507206314,22806512,292.00,1.10000000,1
1507206306,22806505,292.83,2.01761823,1
1507206300,22806499,292.01,0.31771365,1
1507206299,22806498,292.01,0.27300000,1
1507206299,22806497,292.02,0.20820000,1
1507206295,22806495,292.00,9.61668100,1
1507206293,22806493,292.01,2.01761823,0
1507206293,22806492,292.01,10.38331875,0
1507206289,22806490,292.00,0.79891366,1
1507206259,22806472,292.00,0.27300000,1
1507206254,22806467,292.01,0.30668125,1
1507206254,22806466,292.01,9.19000000,1
1507206254,22806465,292.03,0.04000000,1
1507206254,22806464,292.19,0.04000000,1
1507206254,22806463,292.33,0.04000000,1
1507206235,22806453,292.34,10.00000000,0
1507206234,22806452,292.34,0.27300000,0
1507206230,22806451,292.40,0.90061294,0
1507206230,22806450,292.40,0.02332306,1
1507206208,22806438,292.40,0.02000000,1
1507206204,22806435,292.40,0.26667694,1
1507206179,22806426,292.58,0.04000000,1
1507206127,22806401,292.61,2.04554547,0
1507206125,22806400,292.61,4.84000000,0
1507206111,22806399,293.50,11.15427597,0
1507206111,22806398,293.49,0.10000000,0
1507206111,22806397,293.49,0.10000000,0
1507206111,22806396,293.49,0.10000000,0
1507206111,22806395,293.34,0.10000000,0
1507206111,22806394,293.34,0.10000000,0
1507206111,22806393,293.34,0.10000000,0
1507206110,22806392,293.34,0.10269717,0
1507206110,22806391,293.34,0.68462510,0
1507206110,22806390,293.34,0.68520555,0
1507206110,22806389,293.33,1.52781186,0
1507206110,22806388,293.30,3.96668940,0
1507206110,22806387,293.30,6.03331060,0
1507206109,22806385,293.29,14.74981700,1
1507206108,22806383,293.29,65.28400000,0
1507206108,22806382,293.29,7.13000000,0
1507206108,22806381,293.29,0.49900000,0
1507206091,22806373,292.68,0.28099900,1
1507205985,22806248,293.33,0.97218814,0
1507205985,22806247,293.31,4.84000000,0
1507205985,22806245,293.31,0.10269717,0
1507205985,22806244,293.30,0.05934000,0
1507205985,22806243,293.30,0.27577469,0
1507205970,22806191,293.30,0.22322531,0
1507205970,22806190,293.28,0.10269717,0
1507205952,22806174,293.25,0.10269717,0
1507205952,22806173,293.16,0.10000000,0
1507205952,22806172,293.16,0.10000000,0
1507205952,22806170,293.13,0.46456935,0
1507205952,22806167,293.13,0.22333715,0
1507205841,22805964,292.60,0.05934000,0
1507205841,22805963,292.78,0.04000000,1
1507205819,22805929,292.93,0.04000000,1
1507205773,22805881,293.04,4.84000000,0
1507205718,22805833,293.12,7.26136053,0
1507205718,22805832,293.11,2.04701307,1
1507205718,22805831,293.10,0.04000000,0
1507205718,22805830,293.02,0.04000000,0
1507205717,22805829,292.92,0.04000000,0
1507205717,22805828,292.90,0.04000000,0
1507205717,22805827,292.90,0.04000000,0
1507205717,22805826,292.76,0.10000000,0
1507205717,22805825,292.76,0.10000000,0
1507205716,22805824,292.75,0.04000000,0
1507205716,22805823,292.75,0.37925300,1
1507205716,22805822,292.67,0.04000000,0
1507205716,22805821,292.65,0.04569151,0
1507205714,22805818,292.62,0.00000049,0
1507205705,22805809,292.62,7.94283800,0
1507205705,22805808,292.61,0.49900000,0
1507205584,22805649,292.40,0.19000000,1
1507205549,22805611,292.62,10.05716151,0
1507205549,22805610,292.60,0.45145461,0
1507205549,22805609,292.54,0.66321172,0
1507205549,22805608,292.50,0.14360816,0
1507205518,22805537,292.46,2.57000000,0
1507205450,22805488,292.21,0.94727711,1
1507205276,22805335,292.34,1.04606700,0
1507205276,22805334,292.34,0.04000000,1
1507205257,22805328,292.40,1.46915100,1
1507205253,22805323,292.40,0.18787500,1
1507205251,22805321,292.40,10.11544000,1
1507205200,22805270,292.45,0.49900000,1
1507205195,22805267,292.49,2.73698900,0
1507205189,22805263,292.49,0.18390800,0
1507205186,22805258,292.49,1.73519500,0
1507205185,22805257,292.47,0.04000000,0
1507205171,22805242,292.41,5.81155100,1
1507205170,22805238,292.41,0.07861924,1
1507205169,22805237,292.41,3.85696200,1
1507205169,22805235,292.41,9.65894000,1
1507205166,22805232,292.45,0.04000000,0
1507205166,22805231,292.41,0.10000000,0
1507205166,22805230,292.41,0.10000000,0
1507205144,22805221,292.40,2.73700431,1
1507205126,22805201,292.37,0.04000000,0
1507205125,22805199,292.30,2.00587497,0
1507205125,22805198,292.30,1.00000000,0
1507205125,22805197,292.12,0.04000000,0
1507205125,22805196,292.11,0.10000000,0
1507205124,22805195,292.11,0.10000000,0
1507205124,22805192,292.07,0.04000000,0
1507205124,22805191,292.05,0.04000000,0
1507205087,22805143,292.00,6.83498887,1
1507205085,22805142,292.00,2.97605692,0
1507205084,22805141,292.00,0.10874625,0
1507205084,22805139,292.00,3.28554075,0
1507205080,22805135,292.00,0.16409893,0
1507205080,22805134,292.00,0.93483907,0
1507205080,22805133,291.99,0.04000000,0
1507205071,22805118,292.00,0.67811900,0
1507205071,22805117,291.99,0.49900000,0
1507205071,22805116,291.92,0.04000000,0
1507205071,22805115,291.86,0.10000000,0
1507205071,22805114,291.86,0.10000000,0
1507205071,22805113,291.77,0.04000000,0
1507205070,22805112,291.72,0.04000000,0
1507205070,22805111,291.70,0.04000000,0
1507205070,22805109,291.66,0.09779600,0
1507205069,22805103,291.66,0.00220400,0
1507205069,22805102,291.66,0.10000000,0
1507205068,22805101,291.51,0.10000000,0
1507205066,22805093,291.51,0.10000000,0
1507205066,22805092,291.42,0.04000000,0
1507205065,22805087,291.40,0.04000000,0
1507204936,22804952,291.33,3.64614255,0
1507204935,22804951,291.33,0.46260011,0
1507204926,22804943,291.33,0.01631400,0
1507204926,22804942,291.17,0.04000000,0
1507204926,22804941,291.15,0.04000000,0
1507204926,22804940,290.97,0.04000000,0
1507204926,22804939,290.95,0.04000000,0
1507204926,22804938,290.82,0.04000000,0
1507204926,22804937,290.80,0.04000000,0
1507204926,22804936,290.79,0.24431600,0
1507204547,22804822,290.52,0.02711242,1
1507204069,22804603,290.50,0.24431600,1
1507204057,22804596,290.96,10.14782101,0
1507203996,22804554,290.51,0.44669600,1
1507203875,22804462,290.52,2.15782732,1
1507203870,22804460,291.14,0.52108589,0
1507203853,22804450,290.53,0.28146600,1
1507203836,22804436,290.51,1.00000000,0
1507203835,22804435,290.57,0.04000000,1
1507203835,22804434,290.69,0.04000000,1
1507203835,22804433,290.72,0.04000000,1
1507203835,22804431,290.76,0.04000000,1
1507203833,22804430,291.01,0.04000000,1
1507203754,22804410,291.19,3.11000000,0
1507203750,22804406,291.21,0.04000000,1
1507203658,22804376,291.36,0.04000000,1
1507203630,22804363,291.41,0.02000000,0
1507203319,22804203,291.47,0.03719079,0
1507203319,22804202,291.45,0.04000000,0
1507203318,22804201,291.45,0.04000000,0
1507203318,22804200,291.44,0.04000000,0
1507203318,22804199,291.40,0.04000000,0
1507203318,22804198,291.40,0.04000000,0
1507203316,22804197,291.39,0.04000000,0
1507203193,22804152,291.35,1.80959600,0
1507203117,22804117,291.39,4.80000000,0
1507203117,22804116,291.30,0.04000000,0
1507203117,22804115,291.30,0.04000000,0
1507203117,22804114,291.29,0.04000000,0
1507203117,22804113,291.28,0.04000000,0
1507203117,22804111,291.27,0.04000000,0
1507203117,22804110,291.25,0.04000000,0
1507203067,22804043,291.18,1.22874838,0
1507203051,22803998,291.21,0.15823699,0
1507203051,22803996,291.13,0.04000000,0
1507202433,22803594,290.83,0.04000000,0
1507202405,22803576,290.95,2.36701908,0
1507202397,22803567,290.97,1.33393408,0
1507202299,22803537,290.32,1.33378631,1
1507202299,22803536,290.32,1.52577540,1
1507202297,22803535,290.36,0.77149799,1
1507202170,22803507,290.36,4.85283785,1
1507202170,22803506,290.38,2.09316215,1
1507202007,22803194,290.38,1.80602800,1
1507202007,22803193,290.53,0.04000000,1
1507202007,22803192,290.73,0.04000000,1
1507202007,22803191,290.88,0.04000000,1
1507201838,22803113,290.99,0.14740025,0
1507201838,22803112,290.99,0.20000000,0
1507201795,22803088,290.48,0.20000000,1
1507201774,22803086,291.10,1.37668729,0
1507201762,22803084,291.08,1.28000000,0
1507201762,22803083,291.02,0.28173720,0
1507201745,22803076,291.01,1.52000000,0
1507201731,22803072,290.96,4.84000000,0
1507201731,22803071,290.95,0.20960000,0
1507201724,22803068,290.95,0.68382830,1
1507201724,22803065,290.95,3.88973584,0
1507201715,22803062,290.36,6.25066416,1
1507201715,22803061,290.37,0.20960000,1
1507201715,22803060,290.38,3.88973584,1
1507201701,22803041,290.95,0.20950000,0
1507201701,22803040,290.95,3.88329596,0
1507201470,22802809,290.49,6.51670404,0
1507201470,22802808,290.50,3.88329596,1
1507201338,22802741,291.07,1.43185006,0
1507201337,22802740,291.06,3.87815594,0
1507201298,22802718,291.04,10.93000000,0
1507201074,22802569,290.32,1.52577540,0
1507201068,22802567,290.32,1.51802000,0
1507201067,22802566,290.32,0.20950000,0
1507201048,22802563,290.67,3.87815594,1
1507201026,22802559,291.21,1.80920802,0
1507201026,22802558,291.15,0.04000000,0
1507201026,22802557,291.12,0.04000000,0
1507201026,22802556,291.11,3.87467998,0
1507201026,22802555,290.95,0.04000000,0
1507201026,22802554,290.80,0.04000000,0
1507201014,22802537,290.32,0.23676927,0
1507201006,22802532,290.34,1.14753673,0
1507201005,22802531,290.34,18.25400000,0
1507201005,22802530,290.34,0.04000000,0
1507200996,22802524,290.39,0.04000000,1
1507200995,22802523,290.40,9.98000000,0
1507200989,22802522,290.50,0.34169400,0
1507200972,22802513,290.50,0.95678931,0
1507200949,22802501,290.28,2.18533593,1
1507200949,22802500,290.29,0.04000000,1
1507200949,22802499,290.29,0.04000000,1
1507200949,22802498,290.35,0.23150000,1
1507200947,22802497,290.36,0.04000000,1
1507200862,22802480,290.50,0.06540100,0
1507200825,22802473,290.53,0.04000000,1
1507200825,22802472,290.54,0.04000000,1
1507200825,22802471,290.54,0.04000000,1
1507200825,22802470,290.56,0.04000000,1
1507200825,22802469,290.71,0.04000000,1
1507200770,22802458,290.74,0.04000000,1
1507200770,22802457,290.74,0.04000000,1
1507200550,22802328,290.82,3.87467998,1
1507200534,22802316,290.77,2.43033462,1
1507200534,22802315,290.78,0.04000000,1
1507200534,22802314,290.89,0.04000000,1
1507200534,22802313,290.89,0.04000000,1
1507200534,22802312,290.98,0.04000000,1
1507200534,22802311,291.00,0.26353897,1
1507200534,22802310,291.13,0.04000000,1
1507200534,22802309,291.21,0.10612641,1
1507200428,22802273,291.29,1.28604769,0
1507200277,22802169,291.29,0.89721583,0
1507200275,22802168,291.28,0.10612641,0
1507200219,22802148,291.29,1.68756222,0
1507199851,22801964,291.24,0.38039484,0
1507199689,22801868,291.00,0.48276900,1
1507199659,22801828,291.05,2.78792974,1
1507199659,22801827,291.05,1.08289600,1
1507199646,22801812,291.00,0.25369200,1
1507199260,22801591,291.00,0.00000003,0
1507199252,22801582,291.00,6.15422400,0
1507199233,22801565,291.00,0.06779700,0
1507199198,22801556,291.72,0.39471319,1
1507199187,22801553,291.71,0.23000000,0
1507199187,22801552,291.71,1.11272090,0
1507199187,22801551,291.65,0.04000000,0
1507199186,22801550,291.55,0.06975748,0
1507199186,22801549,291.45,0.04000000,0
1507199186,22801548,291.30,0.04000000,0
1507199177,22801545,291.29,0.10297359,0
1507199174,22801531,291.29,3.86922304,0
1507199174,22801530,291.00,0.00314285,0
1507199110,22801507,290.36,1.11749128,1
1507199110,22801506,290.54,0.04000000,1
1507199110,22801505,290.60,9.86735945,1
1507199110,22801504,290.60,3.50544927,0
1507199110,22801503,290.60,5.00000000,0
1507199109,22801502,290.68,25.17800000,1
1507199109,22801501,290.74,0.04000000,1
1507199109,22801500,290.78,5.00000000,1
1507199109,22801499,290.79,0.20910000,0
1507199108,22801498,290.89,0.04000000,1
1507198799,22801286,291.00,1.22424155,0
1507198790,22801279,291.00,4.74052400,0
1507198782,22801266,291.00,0.26566700,0
1507198770,22801254,291.00,1.33941300,0
1507198759,22801243,291.00,0.42192360,0
1507198759,22801242,290.99,0.17113740,0
1507198682,22801179,291.00,4.00508800,0
1507198651,22801148,291.18,0.03806260,0
1507198613,22801124,290.67,0.23151366,1
1507198519,22801067,290.60,0.11021200,1
1507198519,22801066,290.61,0.20920000,1
1507198507,22801053,290.67,0.20746100,1
1507198506,22801050,290.67,0.15631277,1
1507198506,22801049,291.08,0.07520089,1
1507198506,22801046,291.68,0.43897421,0
1507198496,22801009,291.69,3.79641464,0
1507198485,22801008,291.62,1.55328093,0
1507198484,22801007,291.62,0.04000000,0
1507198484,22801006,291.55,0.10000000,0
1507198484,22801005,291.55,0.10000000,0
1507198484,22801004,291.47,0.01806268,0
1507198483,22801003,291.47,0.02193732,0
1507198483,22801002,291.41,0.10000000,0
1507198483,22801001,291.41,0.10000000,0
1507198457,22800953,291.14,17.34237616,0
1507198457,22800952,291.13,5.86000000,0
1507198457,22800951,291.08,1.99133384,0
1507198430,22800857,291.12,4.80140386,0
1507198430,22800856,291.12,11.61215331,0
1507198430,22800855,291.12,8.79215807,0
1507198415,22800823,291.13,1.47562000,0
