date,tid,price,amount,type
1507247691,22838159,1.17425,503.29657,1
1507247688,22838149,1.17424,85.77587,1
1507247688,22838144,1.17424,93.72330,1
1507247687,22838140,1.17424,17.22393,1
1507247687,22838138,1.17424,1543.58005,1
1507247686,22838132,1.17424,397.77663,1
1507246978,22837853,1.17425,100.00000,1
1507246740,22837761,1.17428,58.70313,1
1507246733,22837729,1.17428,429.69879,1
1507246427,22837584,1.17428,90.31768,1
1507246425,22837568,1.17429,522.32176,1
1507246424,22837567,1.17429,377.67824,1
1507245924,22837273,1.17430,100.00000,1
1507245469,22836974,1.17940,37.05069,1
1507245469,22836972,1.17940,716.90691,1
1507245464,22836969,1.17940,42.33031,1
1507245459,22836965,1.17940,42.33031,1
1507245437,22836954,1.17940,36.46279,1
1507245403,22836945,1.17940,67.78050,1
1507245400,22836943,1.17940,15.06293,1
1507245396,22836940,1.17939,536.39430,0
1507245395,22836936,1.17940,124.09279,0
1507245394,22836933,1.17940,955.90721,0
1507244612,22836597,1.17429,100.00000,1
1507243736,22836131,1.17985,801.22100,0
1507243597,22835967,1.17983,97.87831,0
1507243594,22835961,1.17984,35.44114,0
1507243575,22835903,1.17429,40.00000,1
1507243570,22835865,1.17428,86.25349,1
1507243570,22835863,1.17429,80.00000,1
1507243568,22835847,1.17428,87.45436,1
1507243567,22835844,1.17426,227.85146,0
1507243566,22835833,1.17426,108.85241,0
1507243565,22835821,1.17426,288.57684,0
1507243564,22835815,1.17426,357.18000,0
1507243563,22835805,1.17428,17.53929,1
1507243558,22835771,1.17426,17.56098,0
1507243557,22835767,1.17425,406.71157,1
1507243556,22835757,1.17426,152.43902,1
1507243556,22835751,1.17426,17.56098,1
1507243553,22835734,1.17426,318.50442,1
1507243525,22835598,1.17426,70.00000,1
1507243515,22835597,1.17426,100.00000,1
1507243006,22835326,1.17986,310.42537,0
1507243004,22835324,1.17800,27.79627,0
1507242229,22834971,1.17426,80.00000,1
1507242219,22834924,1.17426,100.00000,1
1507241463,22834581,1.17425,96.11582,1
1507241463,22834580,1.17425,92.54417,1
1507241269,22834513,1.17425,28.60999,1
1507241098,22834474,1.17952,281.17000,0
1507241095,22834472,1.17953,209.20000,0
1507241037,22834423,1.17987,713.56652,0
1507241036,22834414,1.17425,53.06887,0
1507241036,22834412,1.17425,17.03215,0
1507241026,22834376,1.17424,494.84000,1
1507241023,22834372,1.17424,494.84000,1
1507241021,22834364,1.17424,494.84000,1
1507241017,22834361,1.17424,494.84000,1
1507241015,22834350,1.17424,420.41520,1
1507240991,22834303,1.17424,205.79415,1
1507240990,22834298,1.17425,171.23000,0
1507240987,22834292,1.17424,50.08000,1
1507240955,22834245,1.17424,100.00000,1
1507240944,22834233,1.17424,100.00000,1
1507240904,22834185,1.17425,2245.85474,1
1507240900,22834183,1.17425,517.36000,1
1507240898,22834180,1.17425,1572.07009,1
1507240896,22834174,1.17425,640.53633,1
1507240895,22834170,1.17425,517.36000,1
1507240893,22834162,1.17425,414.65422,1
1507240884,22834157,1.17425,67.78532,1
1507240882,22834151,1.17425,67.75823,1
1507240881,22834150,1.17426,70.00000,1
1507240880,22834148,1.17426,70.49569,1
1507240652,22833986,1.17431,242.88424,1
1507240648,22833958,1.17432,210.00000,1
1507240435,22833865,1.17432,87.16491,1
1507240034,22833601,1.17431,2.82621,1
1507240034,22833598,1.17432,510.00000,1
1507239950,22833553,1.17433,512.24316,1
1507239949,22833552,1.17432,612.18010,1
1507239872,22833486,1.17432,653.31751,1
1507239870,22833475,1.17432,197.58421,1
1507239719,22833411,1.17429,250.51453,0
1507239718,22833408,1.17429,447.71768,1
1507239718,22833406,1.17429,196.67687,1
1507239698,22833396,1.17428,100.00000,1
1507239688,22833392,1.17429,100.00000,1
1507239678,22833388,1.17448,100.00000,0
1507239188,22833095,1.17492,454.03705,1
1507238549,22832685,1.17998,100.45541,1
1507238549,22832684,1.17998,120.00000,1
1507238548,22832678,1.17997,52.01389,0
1507238537,22832675,1.17997,61.46950,0
1507238488,22832636,1.17432,100.00000,1
1507238478,22832634,1.17425,100.00000,0
1507238414,22832601,1.17998,24.21246,0
1507238409,22832599,1.17998,182.27549,0
1507238108,22832436,1.17998,214.82435,0
1507238013,22832364,1.17998,282.13955,0
1507237520,22832001,1.17998,68.40797,1
1507237510,22831994,1.17998,270.96872,0
1507237503,22831988,1.17997,160.25122,0
1507237278,22831879,1.17435,90.00000,0
1507237268,22831874,1.17432,100.00000,1
1507237191,22831795,1.17998,518.13459,0
1507237189,22831793,1.17999,517.49925,0
1507237189,22831791,1.17998,0.63095,0
1507237184,22831783,1.17998,582.31850,0
1507237142,22831757,1.17998,288.84161,0
1507237133,22831754,1.17998,289.60000,0
1507237123,22831738,1.17998,0.01748,1
1507237119,22831735,1.17998,362.38750,1
1507237118,22831734,1.17998,146.74541,0
1507237117,22831732,1.17998,508.87999,0
1507236965,22831612,1.17998,47.96529,1
1507236964,22831610,1.17998,150.28408,0
1507236752,22831365,1.17427,60.00000,1
1507236567,22831231,1.17998,51.50790,0
1507236385,22831022,1.17998,207.10991,0
1507236380,22831011,1.17998,591.09811,0
1507236151,22830826,1.17998,119.06176,0
1507236149,22830822,1.17998,515.62446,0
1507236149,22830820,1.17924,4.69421,0
1507236090,22830782,1.17924,2141.16279,0
1507235954,22830654,1.17924,46.92852,0
1507235853,22830547,1.17924,203.27737,0
1507235852,22830546,1.17923,0.36263,0
1507235844,22830531,1.17923,218.22772,0
1507235349,22829962,1.17924,32.73000,0
1507235044,22829454,1.17924,108.73235,0
1507235042,22829448,1.17924,108.73145,0
1507235041,22829442,1.17924,108.73055,0
1507234925,22829383,1.17924,108.72965,0
1507234923,22829365,1.17924,108.66474,0
1507234069,22828796,1.17802,90.90296,1
1507234066,22828792,1.17802,284.67618,1
1507233806,22828676,1.17802,500.18000,1
1507233753,22828648,1.17802,0.12579,1
1507233753,22828647,1.17803,82.87727,1
1507233659,22828562,1.17803,86.89000,1
1507233659,22828561,1.17803,63.11000,1
1507233569,22828484,1.17924,176.33000,0
1507233432,22828328,1.17924,61.06535,0
1507233431,22828326,1.17924,157.87435,0
1507233425,22828292,1.17924,100.24304,0
1507233425,22828290,1.17924,16.96008,0
1507233422,22828273,1.17924,352.27000,0
1507233421,22828269,1.17924,222.96064,0
1507233421,22828264,1.17924,350.74094,0
1507233418,22828248,1.17924,303.95295,0
1507233416,22828238,1.17924,285.22102,0
1507233415,22828236,1.17922,18.58262,0
1507233361,22828204,1.17803,50.00000,1
1507233107,22828120,1.17857,164.74000,0
1507233105,22828116,1.17857,291.44000,0
1507233103,22828112,1.17857,371.29000,0
1507233100,22828106,1.17857,451.14000,0
1507233016,22828043,1.17857,382.25081,0
1507233012,22828037,1.17857,382.25081,0
1507232912,22827971,1.17826,0.00086,0
1507232911,22827968,1.17826,988.75000,0
1507232909,22827963,1.17826,382.55000,0
1507232907,22827955,1.17826,3000.24000,0
1507232896,22827945,1.17826,256.03000,0
1507232895,22827938,1.17826,216.17000,0
1507232893,22827934,1.17826,156.25914,0
1507232892,22827933,1.17824,113.11086,0
1507232890,22827926,1.17824,382.42000,0
1507232887,22827922,1.17824,382.41000,0
1507232885,22827917,1.17824,351.47000,0
1507232835,22827891,1.17824,5.18855,0
1507232826,22827887,1.17824,340.84059,0
1507232765,22827855,1.17800,3119.96009,0
1507232764,22827847,1.17800,880.04646,0
1507232764,22827845,1.17798,1000.00000,0
1507232758,22827831,1.17798,108.82529,0
1507232751,22827805,1.17798,99.95000,0
1507232749,22827795,1.17798,111.91343,0
1507232746,22827791,1.17798,488.92807,0
1507232745,22827788,1.17798,190.27011,0
1507232745,22827787,1.17797,0.00689,0
1507232742,22827776,1.17797,3256.65000,0
1507232738,22827772,1.17797,5398.86761,0
1507232734,22827764,1.17797,5395.42089,0
1507232730,22827760,1.17797,3644.47483,0
1507232730,22827755,1.17797,99.93000,0
1507232725,22827749,1.17797,5392.22317,0
1507232723,22827741,1.17797,5389.94149,0
1507232720,22827732,1.17797,369.27078,0
1507232716,22827728,1.17797,673.63667,0
1507232712,22827716,1.17797,221.46997,0
1507232708,22827713,1.17797,184.66170,0
1507232691,22827670,1.17797,50.02000,0
1507232679,22827653,1.17797,127.35000,0
1507232557,22827458,1.17797,43.67000,0
1507232336,22827322,1.17297,37.00000,0
1507231943,22827181,1.17797,5078.99635,0
1507231943,22827180,1.17796,65.69801,0
1507231937,22827167,1.17796,5.80000,0
1507231935,22827165,1.17796,15.00000,0
1507231935,22827164,1.17796,15.05624,0
1507231934,22827157,1.17796,479.55787,0
1507231553,22826948,1.17796,5132.40186,0
1507231551,22826941,1.17796,79.85839,0
1507231546,22826936,1.17796,25.25189,0
1507231544,22826928,1.17796,478.42031,0
1507231515,22826882,1.17796,2911.33111,0
1507231465,22826857,1.17796,67.65084,0
1507231458,22826839,1.17796,15.02928,0
1507231456,22826833,1.17796,477.91095,0
1507231214,22826701,1.17796,25.24303,0
1507231211,22826696,1.17796,477.67000,0
1507231210,22826691,1.17796,1130.71000,0
1507231209,22826686,1.17796,25.23389,0
1507231208,22826681,1.17796,476.75641,0
1507231206,22826675,1.17796,475.86504,0
1507231205,22826672,1.17796,3725.60975,0
1507231205,22826670,1.17796,25.22391,0
1507231204,22826665,1.17796,474.95669,0
1507231202,22826655,1.17796,474.07380,0
1507231202,22826654,1.17796,25.17728,0
1507231014,22826562,1.17797,977.63000,0
1507230954,22826530,1.17797,25.14880,0
1507230807,22826390,1.17797,25.18395,0
1507230805,22826388,1.17797,25.15775,0
1507230804,22826385,1.17797,671.49417,0
1507230342,22826093,1.17797,1344.73712,0
1507230324,22826078,1.17797,25.16055,0
1507230323,22826077,1.17797,144.74000,0
1507230289,22826046,1.17797,15.00218,0
1507230286,22826039,1.17797,25.11332,0
1507230166,22825953,1.17797,897.24000,0
1507230164,22825950,1.17797,25.07810,0
1507230163,22825949,1.17797,789.53622,0
1507230162,22825946,1.17797,644.62103,0
1507230162,22825945,1.17797,144.83030,0
1507230161,22825942,1.17797,25.06813,0
1507230159,22825938,1.17797,3372.56000,0
1507230158,22825934,1.17797,144.79000,0
1507230157,22825930,1.17797,25.05731,0
1507230156,22825924,1.17797,144.77000,0
1507230155,22825922,1.17797,144.74000,0
1507230154,22825918,1.17797,25.03652,0
1507230153,22825915,1.17797,144.71000,0
1507230152,22825911,1.17797,144.69000,0
1507230151,22825910,1.17797,25.02485,0
1507230148,22825904,1.17797,25.06322,0
1507230071,22825842,1.17797,514.26000,0
1507230070,22825838,1.17797,25.03457,0
1507230070,22825834,1.17797,419.65414,0
1507229935,22825731,1.17797,514.17000,0
1507229934,22825728,1.17797,838.66311,0
1507229932,22825719,1.17797,25.02138,0
1507229931,22825711,1.17797,838.06038,0
1507229875,22825638,1.17797,80.68575,0
1507229873,22825631,1.17797,24.99029,0
1507229872,22825628,1.17797,1382.64977,0
1507229870,22825620,1.17797,946.73038,0
1507229870,22825618,1.17797,434.59510,0
1507229869,22825616,1.17797,24.98031,0
1507229869,22825613,1.17797,944.79485,0
1507229866,22825596,1.17797,24.96780,0
1507229800,22825548,1.17797,499.27841,0
1507229645,22825428,1.17797,206.68705,0
1507229594,22825398,1.17797,60.90137,0
1507229590,22825392,1.17797,24.97147,0
1507229403,22825209,1.17798,30.61145,0
1507229361,22825162,1.17798,770.61102,0
1507229351,22825152,1.17798,282.88256,0
1507229349,22825151,1.17798,761.54943,0
1507229349,22825149,1.17798,25.44185,0
1507229348,22825148,1.17798,24.93614,0
1507229348,22825146,1.17798,785.46803,0
1507229256,22825078,1.17798,49.92000,0
1507229157,22825027,1.17285,233.20247,1
1507229155,22825019,1.17285,277.94824,1
1507229061,22824948,1.17799,24.95236,0
1507229060,22824947,1.17799,505.62000,0
1507229058,22824941,1.17799,24.94153,0
1507229052,22824935,1.17256,50.00000,1
1507228880,22824827,1.17799,446.75251,0
1507228870,22824817,1.17799,35.04273,0
1507228835,22824783,1.17799,943.16589,0
1507228833,22824779,1.17799,487.42000,0
1507228810,22824767,1.17799,24.93336,0
1507228809,22824761,1.17799,717.60500,0
1507228809,22824760,1.17798,318.55500,0
1507228808,22824756,1.17798,244.13000,0
1507228807,22824751,1.17799,24.92168,0
1507228806,22824749,1.17799,50.02588,0
1507228804,22824744,1.17799,24.91423,0
1507228803,22824741,1.17799,944.57507,0
1507228800,22824730,1.17799,24.90424,0
1507228799,22824728,1.17799,2624.71000,0
1507228799,22824725,1.17799,943.95537,0
1507228797,22824723,1.17799,943.32718,0
1507228795,22824717,1.17799,24.83041,0
1507228794,22824713,1.17799,121.22343,0
1507228794,22824698,1.17799,51.52844,0
1507228793,22824663,1.17799,1035.51810,0
1507228791,22824658,1.17799,136.38531,0
1507228788,22824650,1.17799,24.87175,0
1507228769,22824645,1.17798,72.35204,0
1507228744,22824637,1.17799,51.52844,0
1507228717,22824620,1.17799,454.45000,0
1507228716,22824619,1.17799,773.58350,0
1507228716,22824618,1.17798,629.34650,0
1507228715,22824613,1.17799,77.81898,0
1507228713,22824610,1.17799,579.97854,0
1507228713,22824608,1.17799,1113.51000,0
1507228712,22824602,1.17799,288.87000,0
1507228712,22824601,1.17799,24.79998,0
1507228711,22824597,1.17799,3274.04752,0
1507228703,22824574,1.17798,263.83227,0
1507228703,22824572,1.17798,24.78999,0
1507228702,22824570,1.17798,406.78819,0
1507228645,22824521,1.17797,60.00000,0
1507228640,22824516,1.17798,122.18000,0
1507228639,22824515,1.17798,24.76919,0
1507228638,22824510,1.17797,120.00000,0
1507228637,22824507,1.17797,218.90000,0
1507228556,22824382,1.17798,65.97678,1
1507228555,22824378,1.17799,24.76843,0
1507228554,22824372,1.17798,761.16257,0
1507228554,22824370,1.17798,65.97678,0
1507228507,22824342,1.17798,58.54000,0
1507228506,22824341,1.17798,58.54000,0
1507228504,22824336,1.17798,100.36448,1
1507228504,22824335,1.17798,393.42000,1
1507228501,22824329,1.17799,58.54000,0
1507228498,22824322,1.17799,58.54000,0
1507228497,22824321,1.17799,58.54000,0
1507228494,22824311,1.17799,992.18752,0
1507228494,22824309,1.17798,702.79447,0
1507228494,22824308,1.17798,395.55848,0
1507228266,22824157,1.17798,173.78053,0
1507228264,22824154,1.17798,301.02782,0
1507228263,22824150,1.17798,24.77185,0
1507227787,22823761,1.17798,101.09433,0
1507227786,22823759,1.17798,993.50000,0
1507227786,22823754,1.17798,173.31462,0
1507227693,22823640,1.17353,70.00000,1
1507227592,22823592,1.17798,645.22084,0
1507227586,22823589,1.17797,215.48608,0
1507227586,22823588,1.17700,5.81759,0
1507227379,22823353,1.17700,994.18241,0
1507227379,22823338,1.17700,2325.42714,0
1507227374,22823330,1.17700,291.55017,0
1507227374,22823329,1.17697,0.05126,0
1507227368,22823322,1.17697,54.25913,0
1507226511,22822851,1.17253,100.00000,1
1507226501,22822849,1.17253,100.00000,1
1507225194,22822195,1.17700,199.89804,0
1507225189,22822192,1.17700,298.09363,0
1507225188,22822191,1.17699,200.00000,0
1507225188,22822190,1.17630,496.35956,0
1507225188,22822189,1.17500,0.09835,0
1507225178,22822180,1.17500,19.57194,0
1507224688,22822021,1.17270,24.73391,1
1507224688,22822020,1.17270,111.50239,1
1507224572,22821959,1.17300,9.42930,1
1507224571,22821955,1.17300,107.39185,1
1507224101,22821669,1.17300,50.00000,1
1507224091,22821667,1.17300,33.17885,1
1507224091,22821666,1.17301,66.82115,1
1507223282,22821322,1.17500,66.84639,0
1507222911,22821119,1.17350,27.95000,1
1507222911,22821118,1.17351,72.05000,1
1507222905,22821114,1.17500,87.44894,0
1507222904,22821113,1.17500,320.41488,0
1507222902,22821107,1.17500,407.85000,0
1507222901,22821104,1.17500,97.76950,0
1507222900,22821103,1.17500,816.45050,0
1507222899,22821099,1.17500,407.84000,0
1507222898,22821094,1.17500,914.18000,0
1507222896,22821089,1.17500,407.83000,0
1507222892,22821086,1.17500,914.14000,0
1507222891,22821081,1.17500,407.82000,0
1507222890,22821075,1.17500,914.10000,0
1507222888,22821071,1.17500,407.82000,0
1507222887,22821066,1.17500,975.17000,0
1507222764,22820967,1.17500,71.71914,0
1507222735,22820954,1.17500,43.65106,0
1507222718,22820944,1.17500,127.93191,0
1507222718,22820941,1.17500,95.08935,0
1507222666,22820921,1.17500,72.16002,0
1507222525,22820873,1.17500,33.28899,0
1507222188,22820659,1.17500,33.28898,0
1507222166,22820654,1.17350,1000.00000,1
1507222135,22820633,1.17500,5454.60889,0
1507222132,22820626,1.17500,33.10200,0
1507222130,22820619,1.17500,307.83940,0
1507222129,22820614,1.17500,491.95976,0
1507221885,22820506,1.17350,200.00000,1
1507221882,22820505,1.17350,100.00000,1
1507221871,22820501,1.17350,100.00000,1
1507221870,22820499,1.17500,70.01000,0
1507221870,22820498,1.17400,0.01000,0
1507221606,22820325,1.17350,56.97343,1
1507220758,22819828,1.17350,677.68328,1
1507220681,22819744,1.17400,26.47000,0
1507220495,22819615,1.17389,90.00000,1
1507220485,22819610,1.17389,100.00000,1
1507219798,22819046,1.17790,72.06000,0
1507219704,22818959,1.17798,106.08065,0
1507219704,22818956,1.17798,387.91966,0
1507219703,22818955,1.17790,0.00001,0
1507219703,22818954,1.17790,99.99999,0
1507219703,22818953,1.17790,61.88486,0
1507219663,22818899,1.17790,49.84000,0
1507219636,22818867,1.17790,71.29000,0
1507219621,22818854,1.17790,16.98514,0
1507219587,22818806,1.17798,328.19344,0
1507219587,22818805,1.17798,50.16000,0
1507219585,22818794,1.17798,31.89408,0
1507219585,22818793,1.17798,62.23196,0
1507219585,22818789,1.17798,538.10460,0
1507219584,22818786,1.17798,45.92461,0
1507219584,22818784,1.17790,54.44318,0
1507219582,22818771,1.17790,45.55682,0
1507219581,22818754,1.17789,93.43019,0
1507219580,22818743,1.17750,200.00000,0
1507219396,22818489,1.17376,128.43000,0
1507219394,22818488,1.17376,61.60000,1
1507219394,22818487,1.17376,99.99000,1
1507219394,22818486,1.17376,9.98000,1
1507219372,22818473,1.17376,90.00000,1
1507219362,22818464,1.17376,0.01000,1
1507219362,22818463,1.17376,99.99000,1
1507219131,22818215,1.17798,1577.42579,0
1507219131,22818214,1.17797,358.37181,0
1507219131,22818213,1.17790,100.00000,0
1507219131,22818212,1.17789,460.00000,0
1507219057,22818153,1.17797,723.23089,0
1507219057,22818151,1.17790,100.00000,0
1507219057,22818149,1.17770,100.00000,0
1507219057,22818147,1.17750,100.00000,0
1507219057,22818146,1.17740,0.00911,0
1507219030,22818087,1.17740,61.58000,0
1507219021,22818070,1.17740,36.98262,0
1507219021,22818069,1.17739,1.44738,0
1507219020,22818065,1.17739,677.51000,0
1507219020,22818063,1.17720,1.44000,0
1507219020,22818062,1.17720,98.56000,0
1507219019,22818061,1.17700,0.01000,0
1507219019,22818060,1.17700,99.99000,0
1507218568,22817633,1.17739,39.40481,0
1507218567,22817629,1.17739,281.63781,0
1507218563,22817607,1.17736,1077.99225,1
1507218559,22817586,1.17737,723.82190,1
1507218558,22817583,1.17736,920.00000,0
1507218558,22817579,1.17737,284.20181,0
1507218486,22817458,1.17736,284.01099,0
1507218277,22817174,1.17271,137.55065,1
1507218273,22817171,1.17300,100.00000,1
1507218268,22817165,1.17305,712.36196,1
1507218087,22816961,1.17305,90.00000,1
1507218077,22816956,1.17305,100.00000,1
1507218076,22816953,1.17305,50.00001,1
1507218076,22816952,1.17306,49.99999,1
1507217982,22816859,1.17308,50.00000,1
1507217653,22816569,1.17740,1.42827,0
1507217653,22816568,1.17700,100.00000,0
1507217132,22815800,1.17306,845.00000,1
1507216906,22815703,1.17307,60.00000,1
1507216896,22815695,1.17307,100.00000,1
1507216886,22815687,1.17307,100.00000,1
1507216876,22815683,1.17308,100.00000,1
1507216873,22815681,1.17307,100.00000,1
1507216847,22815663,1.17316,431.51973,0
1507216846,22815660,1.17316,939.55026,0
1507215703,22814838,1.17310,100.00000,1
1507214581,22814057,1.17302,90.00000,1
1507214571,22814055,1.17316,100.00000,1
1507214561,22814051,1.17310,100.00000,1
1507214481,22813981,1.17307,100.00000,1
1507214471,22813977,1.17301,100.00000,0
1507214461,22813951,1.17338,100.00000,1
1507214384,22813883,1.17822,416.96660,0
1507214384,22813882,1.17821,130.00000,0
1507214384,22813881,1.17800,55.34343,0
1507214384,22813879,1.17780,0.00001,0
1507214183,22813779,1.17780,99.99999,0
1507214110,22813727,1.17779,31.07174,0
1507214065,22813688,1.17779,52.40550,0
1507212201,22812079,1.17318,100.00000,1
1507212191,22812074,1.17318,50.00000,1
1507212191,22812073,1.17319,17.98573,1
1507212180,22812064,1.17318,100.00000,1
1507211674,22811583,1.17800,44.65657,0
1507210855,22810712,1.17822,327.27000,0
1507210855,22810709,1.17822,288.74464,0
1507210619,22810434,1.17819,50.41672,0
1507210436,22810290,1.17268,111.59838,0
1507210434,22810286,1.17268,25.40853,0
1507210433,22810284,1.17268,98.75000,0
1507210431,22810275,1.17268,25.39768,0
1507210427,22810271,1.17268,230.34000,0
1507210427,22810269,1.17270,137.00000,1
1507210361,22810177,1.17822,192.78372,1
1507210358,22810175,1.17822,96.68063,1
1507210355,22810165,1.17822,51.73200,0
1507210355,22810163,1.17822,16.97476,0
1507210250,22810043,1.17799,4.99661,1
1507210234,22810032,1.17803,25.40630,1
1507210062,22809775,1.17824,1230.82000,0
1507210060,22809768,1.17824,2193.74000,0
1507210059,22809767,1.17822,962.96000,1
1507210057,22809761,1.17822,255.23409,0
1507210056,22809760,1.17801,230.34591,0
1507210055,22809755,1.17799,104.99339,0
1507210055,22809752,1.17799,5.00661,0
1507209998,22809682,1.17800,218.59242,1
1507209943,22809611,1.17801,219.99999,0
1507209941,22809606,1.17801,52.28110,0
1507209916,22809585,1.17801,101.67759,0
1507209916,22809582,1.17800,220.00000,0
1507209886,22809540,1.17800,137.44106,0
1507209885,22809534,1.17800,138.18610,0
1507209867,22809515,1.17800,152.34038,0
1507209858,22809499,1.17800,73.80997,0
1507209797,22809473,1.17800,141.44357,0
1507209758,22809434,1.17724,120.76677,1
1507209750,22809412,1.17801,395.69541,0
1507209749,22809410,1.17726,169.92459,0
1507209746,22809403,1.17726,565.62000,0
1507209745,22809402,1.17726,4264.45541,0
1507209745,22809401,1.17724,4894.10000,0
1507209744,22809398,1.17716,357.12131,1
1507209744,22809397,1.17716,94.85468,1
1507209742,22809388,1.17724,105.90000,0
1507209740,22809373,1.17716,302.16469,0
1507209732,22809343,1.17217,54.07302,0
1507209731,22809340,1.17217,459.17697,0
1507209731,22809339,1.17217,280.59430,1
1507209731,22809338,1.17217,355.60118,1
1507209731,22809337,1.17217,270.55453,1
1507209716,22809305,1.17716,25.69663,0
1507209709,22809294,1.17716,289.65000,0
1507209678,22809267,1.17723,114.97000,0
1507209669,22809249,1.17723,182.51000,0
1507209659,22809229,1.17716,182.38840,1
1507209656,22809226,1.17716,482.75000,1
1507209650,22809214,1.17718,280.49809,0
1507209647,22809210,1.17720,280.47580,0
1507209645,22809209,1.17720,202.31663,0
1507209637,22809197,1.17719,177.10643,0
1507209635,22809193,1.17720,177.10178,0
1507209630,22809174,1.17719,156.25431,0
1507209628,22809169,1.17719,182.38841,0
1507209627,22809166,1.17719,355.63304,0
1507209624,22809160,1.17719,355.62491,0
1507209624,22809157,1.17719,182.29920,0
1507209618,22809151,1.17719,182.21002,0
1507209618,22809149,1.17719,355.59011,0
1507209616,22809144,1.17720,355.57248,1
1507209614,22809136,1.17720,182.13199,0
1507209608,22809126,1.17720,182.05244,0
1507209602,22809120,1.17720,182.00491,0
1507209595,22809115,1.17720,181.97338,0
1507209591,22809110,1.17720,181.94985,0
1507209585,22809104,1.17722,181.93432,0
1507209563,22809078,1.17720,20.51678,1
1507209538,22809050,1.17721,101.87942,0
1507209532,22809036,1.17718,193.07055,0
1507209526,22809028,1.17720,97.79136,1
1507209515,22809014,1.17722,80.51033,0
1507209512,22809006,1.17723,80.61117,1
1507209481,22808970,1.17720,82.25011,1
1507209458,22808916,1.17710,32.59000,0
1507209452,22808914,1.17715,32.59000,0
1507209140,22808529,1.17679,48.11631,0
1507209138,22808527,1.17322,11.19245,0
1507208724,22808297,1.17126,2941.39916,1
1507208724,22808295,1.17128,375.62281,1
1507208719,22808288,1.17224,379.11133,1
1507208616,22808170,1.17224,360.76231,1
1507208612,22808162,1.17224,785.92972,1
1507208372,22808030,1.17224,1842.06101,1
1507208351,22808021,1.17229,18.59237,0
1507208117,22807908,1.17224,460.81152,1
1507208113,22807902,1.17224,434.96147,1
1507208045,22807838,1.17224,315.03914,1
1507208045,22807837,1.17225,377.22525,1
1507208044,22807831,1.17224,18.64069,1
1507208042,22807822,1.17224,314.96447,1
1507208042,22807821,1.17226,0.00517,1
1507208042,22807820,1.17226,377.22008,1
1507208012,22807799,1.17231,18.63380,1
1507208009,22807791,1.17230,18.63380,1
1507207985,22807763,1.17266,18.19964,1
1507207983,22807752,1.17266,272.70712,1
1507207983,22807749,1.17266,18.61293,1
1507207981,22807743,1.17265,106.96287,1
1507207808,22807605,1.17230,250.50487,1
1507207780,22807587,1.17227,382.16728,1
1507207767,22807579,1.17236,324.37243,1
1507207715,22807556,1.17224,87.71834,1
1507207715,22807555,1.17226,1431.56631,1
1507207712,22807554,1.17226,1883.38988,1
1507207707,22807544,1.17226,364.25087,1
1507207705,22807540,1.17226,1.97002,1
1507207705,22807539,1.17227,391.75030,1
1507207698,22807531,1.17226,5.15578,1
1507207698,22807530,1.17228,391.75030,1
1507207691,22807524,1.17233,394.91620,1
1507207668,22807513,1.17226,400.33173,1
1507207663,22807507,1.17226,913.33541,1
1507207660,22807501,1.17228,398.17247,0
1507207641,22807488,1.17227,367.76810,1
1507207636,22807479,1.17324,2265.17603,1
1507207631,22807469,1.17324,327.11380,1
1507207630,22807466,1.17324,1841.49109,1
1507207629,22807463,1.17324,563.11621,1
1507207629,22807462,1.17325,325.22891,1
1507207628,22807460,1.17325,81.93262,1
1507207624,22807451,1.17326,325.70238,1
1507207615,22807441,1.17339,410.52858,1
1507207552,22807400,1.17346,36.92877,1
1507207445,22807237,1.17384,425.71337,0
1507207445,22807235,1.17373,0.31653,0
1507207434,22807220,1.17373,394.39384,0
1507207388,22807169,1.17348,14.95324,1
1507207100,22807006,1.17324,3.10287,1
1507207100,22807005,1.17326,3838.98582,1
1507207093,22807001,1.17326,1161.01418,1
1507207093,22807000,1.17326,96.28016,1
1507207093,22806999,1.17327,419.43655,1
1507207093,22806998,1.17327,1989.23571,1
1507207090,22806991,1.17326,3.94468,1
1507207090,22806990,1.17329,419.43655,1
1507207088,22806987,1.17327,0.48260,1
1507207087,22806986,1.17328,422.89863,1
1507207083,22806981,1.17327,579.23462,1
1507207080,22806970,1.17348,422.89863,1
1507206993,22806916,1.17362,122.72295,1
1507206990,22806913,1.17359,0.33386,0
1507206989,22806911,1.17361,427.12747,1
1507206840,22806871,1.17353,395.48201,0
1507206318,22806520,1.17383,1.78313,0
1507206317,22806518,1.17385,426.08082,1
1507206089,22806372,1.17329,70.00000,1
1507206081,22806369,1.17398,100.00000,1
1507205819,22805928,1.17814,9.93531,0
1507205250,22805320,1.17497,19.53576,1
1507205250,22805319,1.17498,46.64832,1
1507205182,22805252,1.17859,181.37034,1
1507205178,22805246,1.17859,181.36485,1
1507205170,22805240,1.17495,0.01000,0
1507205169,22805236,1.17495,2399.99000,0
1507205091,22805153,1.17340,60.00000,1
1507204871,22804918,1.17348,100.00000,1
1507203354,22804217,1.17366,200.00000,1
1507203078,22804085,1.17328,200.57000,1
1507203069,22804058,1.17331,57.37000,1
1507203066,22804042,1.17327,0.17953,1
1507203066,22804041,1.17330,260.01047,1
1507203052,22804001,1.17328,152.59000,1
1507203052,22804000,1.17333,110.00000,1
1507203050,22803994,1.17333,158.13000,1
1507203048,22803991,1.17332,31.98000,1
1507203036,22803966,1.17328,0.18597,1
1507203036,22803965,1.17399,267.66403,1
1507203026,22803954,1.17396,261.77898,1
1507202696,22803715,1.17364,70.00000,1
1507202546,22803662,1.17379,369.99805,1
1507202471,22803611,1.17328,100.00000,1
1507202409,22803587,1.17328,93.68608,1
1507202408,22803582,1.17328,369.15897,1
1507202407,22803579,1.17919,113.73333,0
1507202016,22803202,1.17346,310.01114,0
1507202016,22803201,1.17349,275.63931,1
1507202009,22803196,1.17346,153.44952,1
1507201694,22803016,1.17919,180.74212,0
1507201266,22802704,1.17424,90.00000,1
1507201006,22802533,1.17480,283.95534,1
1507200573,22802342,1.17487,291.41134,1
1507200570,22802338,1.17484,1.28888,0
1507200569,22802335,1.17486,292.70022,1
1507200069,22802101,1.17447,218.29000,1
1507199755,22801938,1.17536,237.56028,1
1507199755,22801937,1.17536,34.40501,1
1507199751,22801933,1.17535,52.70000,1
1507199725,22801914,1.17512,1613.95119,0
1507199674,22801854,1.17424,1402.23800,1
1507199671,22801846,1.17424,1799.06042,1
1507199660,22801832,1.17424,77.54999,1
1507199660,22801831,1.17424,860.44181,1
1507199657,22801826,1.17424,860.70978,1
1507199657,22801825,1.17425,314.47821,1
1507199652,22801818,1.17430,314.47821,1
1507199629,22801790,1.17497,77.55499,1
1507199179,22801546,1.17512,397.31000,0
1507198968,22801455,1.17481,3197.72606,0
1507198965,22801453,1.17484,350.27615,1
1507198963,22801450,1.17483,494.75319,1
1507198963,22801449,1.17483,470.00000,1
1507198957,22801441,1.17478,112.22522,0
1507198956,22801440,1.17480,350.05234,1
1507198947,22801427,1.17474,567.73561,0
1507198931,22801417,1.17469,100.00000,1
1507198930,22801415,1.17468,93.93755,1
1507198928,22801409,1.17468,41.17683,1
1507198828,22801330,1.17444,103.97959,1
1507198825,22801326,1.17442,926.12889,1
1507198798,22801285,1.17477,37.99198,0
1507198788,22801274,1.17474,304.82439,1
1507198650,22801147,1.17477,1.68219,0
1507198649,22801146,1.17479,349.20210,1
1507198553,22801100,1.17430,91.52000,1
1507198546,22801096,1.17484,355.29810,1
1507198541,22801093,1.17480,243.65021,0
1507198540,22801092,1.17482,356.72389,1
1507198538,22801087,1.17482,172.50420,1
1507198534,22801083,1.17480,172.50420,1
1507198529,22801075,1.17478,391.64135,0
1507198522,22801070,1.17475,37.98999,1
1507198518,22801062,1.17474,70.21378,1
1507198457,22800955,1.17924,99.39680,1
1507198455,22800938,1.17998,119.09981,0
1507198455,22800937,1.17980,6.83235,0
1507198455,22800935,1.17962,93.86213,0
1507198455,22800934,1.17960,6.83352,0
1507198455,22800933,1.17955,8.46717,0
1507198455,22800931,1.17924,99.39681,0
1507198438,22800867,1.17511,20.19509,1
1507198433,22800863,1.17923,20.19511,1
1507198412,22800802,1.17955,28.97978,0
1507198412,22800801,1.17955,80.23245,0
1507198412,22800800,1.17940,6.83469,0
1507198412,22800798,1.17926,99.03102,0
1507198411,22800797,1.17923,20.22425,0
1507198408,22800761,1.17923,361.35221,0
1507198408,22800760,1.17923,18.60444,0
1507198408,22800758,1.17923,380.95820,0
1507198388,22800661,1.17926,215.90654,0
1507198334,22800581,1.17452,2040.39255,1
1507198328,22800576,1.17448,2040.49066,1
1507198328,22800575,1.17588,8.50567,1
1507198328,22800574,1.17588,10.65741,1
1507198188,22800483,1.17926,56.92552,0
1507198178,22800474,1.17926,56.92552,0
1507198168,22800469,1.17926,56.92552,0
1507198158,22800465,1.17926,56.92552,0
1507198149,22800457,1.17926,56.92552,0
1507198138,22800450,1.17926,56.92552,0
1507198128,22800449,1.17926,56.92552,0
1507198127,22800446,1.17926,56.55240,0
1507198122,22800440,1.17520,341.63901,0
1507198122,22800439,1.17523,12.37338,1
1507197840,22799831,1.17926,442.85310,0
1507197838,22799826,1.17926,806.85830,0
1507197837,22799812,1.17926,289.06000,0
1507197836,22799809,1.17926,27.87000,0
1507197835,22799804,1.17926,517.44000,0
1507197833,22799793,1.17926,2090.21000,0
1507197833,22799792,1.17926,27.87000,0
1507197832,22799791,1.17926,27.87000,0
1507197826,22799776,1.17924,1350.76358,0
1507197826,22799775,1.17923,10.00000,0
1507197821,22799761,1.17924,2088.58000,0
1507197820,22799760,1.17924,453.39000,0
1507197820,22799759,1.17923,20.00000,0
1507197810,22799742,1.17923,24.50000,0
1507197810,22799740,1.17924,368.33000,0
1507197808,22799731,1.17924,0.04000,0
1507197808,22799730,1.17923,60.00000,0
1507197805,22799718,1.17923,119.99000,0
1507197791,22799685,1.17924,189.15000,0
1507197786,22799676,1.17924,486.99000,0
1507197781,22799664,1.17337,100.00000,1
1507197780,22799661,1.17924,62.75642,0
1507197779,22799660,1.17920,6.83585,0
1507197779,22799659,1.17900,6.83702,0
1507197779,22799658,1.17850,0.00319,0
1507197768,22799633,1.17850,298.20000,0
1507197742,22799586,1.17850,290.39681,0
1507197742,22799585,1.17850,195.48319,0
1507197720,22799544,1.17850,24.50000,0
1507197718,22799538,1.17850,485.62000,0
1507197703,22799518,1.17850,37.08706,0
1507197703,22799516,1.17849,39.16343,0
1507197268,22799235,1.17389,59.04962,0
1507197268,22799234,1.17391,18.06625,1
1507197268,22799233,1.17392,89.99000,1
1507197268,22799232,1.17392,32.29451,1
1507197230,22799184,1.17850,94.51096,0
1507197068,22798980,1.17850,240.26000,0
1507197061,22798970,1.17846,0.10549,0
1507197059,22798962,1.17848,94.51561,1
1507197050,22798922,1.17850,62.09000,0
1507197050,22798921,1.17849,32.41000,0
1507197048,22798912,1.17848,80.00000,0
1507197047,22798907,1.17849,337.00000,0
1507197047,22798906,1.17848,32.40000,0
1507197047,22798904,1.17848,137.60000,0
1507197032,22798830,1.17849,630.59000,0
1507197031,22798829,1.17848,0.01000,0
1507197031,22798827,1.17848,319.99000,0
1507197024,22798823,1.17848,629.99000,0
1507196984,22798800,1.17848,111.74648,0
1507196905,22798713,1.17848,84.49704,0
1507196697,22798380,1.17849,128.25710,0
1507196691,22798372,1.17849,506.94000,0
1507196684,22798361,1.17849,1013.84811,0
1507196675,22798349,1.17850,1544.24359,0
1507196662,22798335,1.17850,2205.45000,0
1507196627,22798301,1.17762,501.33880,1
1507196598,22798227,1.17850,1013.82000,0
1507196575,22798191,1.17850,1013.82000,0
1507196560,22798170,1.17850,3062.96240,0
1507196554,22798166,1.17849,61.60411,0
1507196528,22798133,1.17849,94.60052,0
1507196520,22798092,1.17325,147.48145,1
1507196519,22798091,1.17326,47.56137,1
1507196519,22798087,1.17526,88.60045,1
1507196518,22798083,1.17527,182.84546,1
1507196518,22798081,1.17527,48.60247,0
1507196517,22798076,1.17596,34.90880,1
1507196498,22798050,1.17850,20.15280,0
1507196497,22798048,1.17826,74.46108,0
1507196484,22798027,1.17826,82.40337,0
1507196424,22797966,1.17826,99.24411,0
1507196420,22797962,1.17826,534.10000,0
1507196410,22797947,1.17826,847.82000,0
1507196408,22797938,1.17826,1807.03000,0
1507196406,22797935,1.17826,822.36000,0
1507196403,22797928,1.17826,732.58144,0
1507196403,22797927,1.17824,0.00856,0
1507196397,22797914,1.17606,157.87000,0
1507196394,22797906,1.17606,303.75000,0
1507196393,22797903,1.17606,31.96483,0
1507196393,22797902,1.17606,94.51697,0
1507196360,22797853,1.17824,818.37000,0
1507196358,22797848,1.17824,1468.97000,0
1507196355,22797843,1.17824,1467.78000,0
1507196353,22797834,1.17824,1244.87144,0
1507196353,22797833,1.17822,139.59161,0
1507196352,22797832,1.17800,82.13695,0
1507196350,22797817,1.17800,1635.39000,0
1507196348,22797811,1.17800,1140.74000,0
1507196347,22797808,1.17800,95.90511,0
1507196345,22797798,1.17800,1761.00489,0
1507196342,22797787,1.17800,564.07000,0
1507196341,22797782,1.17800,61.15152,0
1507196339,22797773,1.17800,938.97000,0
1507196338,22797768,1.17800,128.72732,0
1507196336,22797754,1.17800,61.04419,0
1507196336,22797750,1.17800,822.60188,0
1507196333,22797737,1.17800,304.05814,0
1507196331,22797725,1.17800,33.50000,0
1507196329,22797717,1.17800,475.67000,0
1507196327,22797708,1.17800,474.78000,0
1507196324,22797694,1.17800,473.88000,0
1507196317,22797669,1.17800,473.42000,0
1507196315,22797661,1.17800,472.95000,0
1507196312,22797647,1.17750,1519.02823,0
1507196311,22797645,1.17750,472.60000,0
1507196308,22797627,1.17750,2461.23000,0
1507196307,22797624,1.17750,554.27000,0
1507196305,22797615,1.17750,384.74000,0
1507196303,22797608,1.17750,553.55000,0
1507196302,22797603,1.17750,384.24000,0
1507196301,22797597,1.17750,552.83000,0
1507196299,22797592,1.17750,302.20000,0
1507196297,22797587,1.17750,300.04387,0
1507196297,22797586,1.17591,1.79613,0
1507196294,22797583,1.17593,383.83000,1
1507196294,22797582,1.17593,249.89056,1
1507196294,22797580,1.17593,32.21950,1
1507196248,22797445,1.17750,299.16000,0
1507196247,22797434,1.17750,2216.10790,0
1507196247,22797433,1.17726,0.00210,0
1507196247,22797432,1.17726,242.46000,0
1507196244,22797427,1.17726,354.80000,0
1507196242,22797417,1.17726,2455.83000,0
1507196241,22797415,1.17726,298.73000,0
1507196239,22797411,1.17726,298.26000,0
1507196237,22797406,1.17726,297.78000,0
1507196235,22797401,1.17726,297.32000,0
1507196233,22797394,1.17726,161.92000,0
1507196230,22797376,1.17726,296.67000,0
1507196221,22797365,1.17726,114.96000,0
1507196219,22797357,1.17726,181.26790,0
1507196219,22797356,1.17724,0.00210,0
1507196219,22797355,1.17724,114.92000,0
1507196216,22797345,1.17724,295.98000,0
1507196206,22797316,1.17724,33.99000,0
1507196204,22797305,1.17724,283.88000,0
1507196201,22797286,1.17724,153.52000,0
1507196201,22797285,1.17724,94.42961,0
1507196198,22797281,1.17724,141.80000,0
1507196189,22797256,1.17724,294.78000,0
1507196186,22797238,1.17724,948.47000,0
1507196183,22797221,1.17724,1195.79000,0
1507196181,22797207,1.17724,1442.43829,0
1507196181,22797205,1.17700,0.00171,0
1507196178,22797188,1.17700,1441.19000,0
1507196168,22797161,1.17700,250.11000,0
1507196166,22797149,1.17700,286.88000,0
1507196162,22797127,1.17700,286.66000,0
1507196160,22797117,1.17700,2139.79000,0
1507196158,22797111,1.17700,286.44000,0
1507196156,22797107,1.17700,286.21000,0
1507196153,22797102,1.17700,285.99000,0
1507196151,22797096,1.17700,285.78000,0
1507196148,22797088,1.17700,285.58000,0
1507196146,22797081,1.17700,285.38000,0
1507196144,22797070,1.17700,285.18000,0
1507196140,22797064,1.17700,346.59000,0
1507196137,22797050,1.17700,596.30000,0
1507196134,22797042,1.17700,595.97000,0
1507196133,22797037,1.17700,284.46000,0
1507196131,22797031,1.17700,284.30000,0
1507196128,22797023,1.17700,284.14000,0
1507196126,22797017,1.17700,283.98000,0
1507196124,22797014,1.17700,33.94000,0
1507196122,22797008,1.17700,283.83000,0
1507196120,22796999,1.17700,283.76000,0
1507196117,22796993,1.17700,283.72000,0
1507196099,22796979,1.17700,33.81829,0
1507196099,22796978,1.17667,249.90171,0
1507196063,22796941,1.17650,204.29944,0
1507196063,22796940,1.17650,249.90000,0
1507196060,22796931,1.17650,90.70000,0
1507196059,22796928,1.17650,826.60000,0
1507196052,22796922,1.17650,917.00000,0
1507196050,22796916,1.17650,352.60000,0
1507196050,22796915,1.17650,179.69000,0
1507196048,22796909,1.17650,73.86201,0
1507196042,22796902,1.17650,92.31815,0
1507196030,22796892,1.17650,2446.34000,0
1507196028,22796889,1.17650,532.69000,0
1507196026,22796882,1.17650,3117.34391,0
1507196026,22796879,1.17650,824.58000,0
1507196024,22796873,1.17650,92.07649,0
1507196023,22796872,1.17626,0.00351,0
1507196022,22796865,1.17626,822.12000,0
1507196020,22796861,1.17626,528.63000,0
1507196018,22796854,1.17626,526.93000,0
1507196015,22796849,1.17626,525.25000,0
1507196013,22796846,1.17626,523.57000,0
1507196010,22796840,1.17626,521.90000,0
1507196005,22796830,1.17626,520.24000,0
1507196002,22796823,1.17626,1031.35649,0
1507196002,22796822,1.17624,2768.51000,0
1507196000,22796817,1.17624,518.74000,0
1507195998,22796813,1.17624,382.76000,0
1507195995,22796803,1.17624,517.27000,0
1507195991,22796789,1.17624,515.84000,0
1507195988,22796779,1.17624,296.88000,0
1507195987,22796766,1.17585,703.52507,0
1507195986,22796741,1.17585,381.67000,0
1507195985,22796739,1.17585,297.02000,0
1507195984,22796734,1.17585,514.44000,0
1507195982,22796724,1.17585,380.53000,0
1507195982,22796720,1.17585,297.65000,0
1507195980,22796709,1.17585,512.93000,0
1507195978,22796702,1.17585,379.39000,0
1507195978,22796699,1.17585,297.65000,0
1507195976,22796680,1.17585,511.45000,0
1507195973,22796672,1.17585,378.27000,0
1507195971,22796650,1.17585,369.15552,0
1507195965,22796631,1.17585,511.05000,0
1507195963,22796623,1.17585,377.97000,0
1507195962,22796620,1.17585,369.14537,0
1507195961,22796615,1.17585,510.64000,0
1507195959,22796609,1.17585,377.69000,0
1507195958,22796605,1.17585,134.80923,0
1507195957,22796601,1.17585,510.27000,0
1507195955,22796594,1.17585,377.40000,0
1507195954,22796591,1.17585,509.92000,0
1507195952,22796587,1.17585,212.02000,0
1507195946,22796572,1.17585,576.74000,0
1507195945,22796567,1.17585,508.66481,0
1507195945,22796565,1.17550,0.79519,0
1507195941,22796560,1.17550,990.78924,0
1507195937,22796551,1.17550,2869.09973,0
1507195931,22796539,1.17550,29.41000,0
1507195931,22796537,1.17550,2867.60352,0
1507195917,22796521,1.17550,2865.67869,0
1507195912,22796516,1.17550,376.62363,0
1507195912,22796515,1.17549,123.70115,0
1507195910,22796512,1.17549,377.18000,0
1507195908,22796508,1.17549,987.57000,0
1507195907,22796503,1.17549,376.83000,0
1507195905,22796498,1.17549,986.50000,0
1507195903,22796489,1.17549,302.57066,0
1507195899,22796463,1.17549,1030.51137,0
1507195897,22796452,1.17549,874.91173,0
1507195895,22796446,1.17549,74.19033,0
1507195895,22796444,1.17549,369.13522,0
1507195894,22796439,1.17549,1008.40598,0
1507195893,22796431,1.17549,3686.15692,0
1507195892,22796426,1.17549,2109.25000,0
1507195891,22796422,1.17549,980.90000,0
1507195889,22796418,1.17549,376.48000,0
1507195888,22796413,1.17549,978.75000,0
1507195887,22796408,1.17549,375.64759,0
1507195876,22796349,1.17548,60.00000,1
1507195817,22796155,1.17548,30.50520,0
1507195803,22796038,1.17526,204.06039,1
1507195073,22795965,1.17534,23.31847,0
1507195072,22795964,1.17526,27.89152,1
1507195072,22795963,1.17534,23.31847,1
1507195022,22795934,1.17549,1040.77228,0
1507195020,22795932,1.17549,324.44651,0
1507195018,22795930,1.17549,198.49000,0
1507195018,22795927,1.17549,55.94000,0
1507195016,22795913,1.17549,207.66685,0
1507195015,22795910,1.17549,366.06441,0
1507195014,22795903,1.17549,324.31830,0
1507195012,22795894,1.17549,195.01000,0
1507194861,22795683,1.17549,6.00000,0
1507194816,22795670,1.17549,4760.01406,0
1507194755,22795635,1.17549,1962.72263,0
1507194730,22795609,1.17544,40.50702,1
1507194634,22795507,1.17549,2369.04390,0
1507194633,22795504,1.17549,2369.04390,0
1507194633,22795502,1.17549,801.77621,0
1507194633,22795501,1.17526,1000.00000,0
1507194632,22795500,1.17526,567.26769,0
1507194631,22795491,1.17526,324.04044,0
1507194629,22795474,1.17526,217.56091,0
1507194618,22795443,1.17526,68.69396,0
1507194615,22795435,1.17526,357.02143,0
1507194611,22795429,1.17526,76.57164,0
1507194607,22795418,1.17526,356.99847,0
1507194604,22795408,1.17526,356.96610,0
1507194600,22795395,1.17526,356.10935,0
1507194600,22795394,1.17525,0.82438,0
1507194597,22795388,1.17525,117.61940,0
1507194500,22795292,1.17525,176.75901,0
1507193967,22794748,1.17525,18.31860,0
1507193967,22794747,1.17525,18.31860,0
1507193913,22794721,1.17526,1179.37710,0
1507193886,22794718,1.17210,142.88928,1
1507193886,22794717,1.17211,15.27635,1
1507193886,22794716,1.17287,9.91633,1
1507193553,22794539,1.17210,637.94899,1
1507193176,22794290,1.17101,67.73275,1
1507193176,22794289,1.17188,12.26725,1
1507192798,22794075,1.17525,253.33790,0
1507192089,22793808,1.17100,34.19477,1
1507192089,22793806,1.17124,6.20705,1
1507191845,22793730,1.17100,65.80523,1
1507191844,22793729,1.17141,14.19477,1
1507191664,22793671,1.17101,65.43841,1
1507191664,22793670,1.17241,14.56159,1
1507190764,22793287,1.17526,730.94940,0
1507190764,22793286,1.17525,1000.00000,0
1507190763,22793285,1.17524,70.00000,1
1507190762,22793260,1.17290,0.05591,0
1507190423,22793178,1.17293,17.08895,1
1507189334,22792811,1.17021,81.55012,1
1507189334,22792810,1.17124,18.44988,1
1507189062,22792645,1.17526,408.44351,0
1507189062,22792644,1.17520,1000.00000,0
1507189061,22792643,1.17518,3591.55649,0
1507188898,22792590,1.17022,0.00705,0
1507188308,22792381,1.17022,401.31000,0
1507188189,22792346,1.17021,255.71895,0
1507188163,22792333,1.17021,102.30017,0
1507188158,22792331,1.17021,43.31914,0
1507188148,22792320,1.17017,337.76222,1
1507188142,22792313,1.17016,311.84443,1
1507188133,22792305,1.17015,357.18727,0
1507188132,22792304,1.17016,44.12978,1
1507188124,22792289,1.17013,44.34408,1
1507188121,22792280,1.17010,401.33826,0
1507188098,22792270,1.17004,25.50976,1
1507188098,22792269,1.17069,44.49024,1
1507188088,22792265,1.17004,55.14637,1
1507188088,22792264,1.17066,44.85363,1
1507187882,22792200,1.17008,379.81000,1
1507187638,22792146,1.17014,290.07028,1
1507187638,22792145,1.17015,43.57317,1
1507187633,22792143,1.17014,41.62000,1
1507187629,22792140,1.17012,41.62000,1
1507187457,22792078,1.17519,361.39683,0
1507186886,22791753,1.17016,31.63978,1
1507186886,22791752,1.17017,38.36022,1
1507186876,22791744,1.17013,100.00000,1
1507186855,22791738,1.17024,276.36250,0
1507186824,22791729,1.17022,0.19440,0
1507186824,22791728,1.17022,42.79552,1
1507186818,22791721,1.17485,79.65649,1
1507186817,22791719,1.17485,76.48151,1
1507186817,22791716,1.17476,71.59100,0
1507186783,22791677,1.17473,137.60184,1
1507186782,22791676,1.17473,18.54309,0
1507186782,22791675,1.17473,83.85507,0
1507186778,22791669,1.17473,520.00000,0
1507186778,22791668,1.17472,520.00000,0
1507186772,22791660,1.17475,62.04825,1
1507186772,22791657,1.17475,18.53308,1
1507186771,22791656,1.17475,52.17017,1
1507186771,22791655,1.17475,132.75150,1
1507186771,22791654,1.17475,132.75150,1
1507186771,22791653,1.17475,132.75150,1
1507186771,22791651,1.17475,71.56725,1
1507186771,22791649,1.17475,61.18425,1
1507186770,22791647,1.17475,132.75150,1
1507186770,22791646,1.17475,132.75150,1
1507186770,22791645,1.17475,132.75150,1
1507186770,22791644,1.17475,132.75150,1
1507186770,22791643,1.17475,132.75150,1
1507186769,22791642,1.17475,52.19021,1
1507186769,22791641,1.17474,71.56729,0
1507186768,22791640,1.17469,8.99400,0
1507186768,22791639,1.17469,132.75150,0
1507186768,22791638,1.17469,132.75150,0
1507186767,22791637,1.17469,132.75150,0
1507186767,22791635,1.17469,132.75150,0
1507186742,22791583,1.17475,0.00487,1
1507186741,22791580,1.17475,6.11953,1
1507186741,22791579,1.17475,6.12440,1
1507186740,22791578,1.17475,6.12440,1
1507186740,22791577,1.17475,6.12440,1
1507186740,22791576,1.17475,6.12440,1
1507186740,22791574,1.17475,6.12440,1
1507186740,22791572,1.17475,6.12440,1
1507186740,22791570,1.17475,6.12440,1
1507186740,22791568,1.17475,6.12440,1
1507186740,22791566,1.17475,6.12440,1
1507186739,22791565,1.17475,6.12440,1
1507186739,22791564,1.17475,6.12440,1
1507186739,22791563,1.17475,0.00004,1
1507186739,22791562,1.17476,0.00001,1
1507186738,22791560,1.17476,71.42185,1
1507186736,22791559,1.17089,6.12436,0
1507186705,22791546,1.17001,51.20470,1
1507186703,22791542,1.17002,142.08220,0
1507186702,22791538,1.17002,503.21447,1
1507186699,22791536,1.17002,383.59074,1
1507186698,22791534,1.17003,0.00100,1
1507186698,22791533,1.17003,149.54397,1
1507186698,22791531,1.17003,112.15873,1
1507186694,22791529,1.17090,30.83732,1
1507186694,22791528,1.17090,43.93516,1
1507186692,22791524,1.17005,466.25315,1
1507186692,22791523,1.17089,36.96168,1
1507186685,22791521,1.17519,5000.00000,0
1507186210,22791241,1.17120,1.02246,0
1507186210,22791238,1.17120,149.25381,1
1507186097,22791140,1.17513,139.93463,1
1507186095,22791135,1.17514,42.24628,1
1507186091,22791133,1.17514,18.53683,1
1507186088,22791121,1.17514,18.53683,1
1507185823,22790969,1.17443,41.66982,1
1507185810,22790960,1.17525,327.03968,1
1507185807,22790955,1.17440,61.11997,0
1507185806,22790952,1.17439,0.38130,0
1507185769,22790944,1.17439,364.78953,0
1507185729,22790938,1.17092,42.41318,0
1507185720,22790927,1.17091,0.21840,0
1507185719,22790926,1.17093,52.69690,1
1507185686,22790899,1.17089,36.88663,1
1507185685,22790898,1.17124,53.11337,1
1507185646,22790879,1.17439,172.78664,0
1507185645,22790878,1.17439,119.38159,0
1507185517,22790755,1.17103,43.09028,1
1507185458,22790736,1.17089,2.23302,1
1507185458,22790735,1.17092,40.86241,1
1507185189,22790658,1.17439,342.65456,0
1507185189,22790657,1.17436,19.98242,0
1507185052,22790573,1.17089,254.68025,1
1507185052,22790571,1.17135,31.03561,1
1507184821,22790429,1.17438,48.08010,1
1507184819,22790423,1.17438,19.87428,0
1507184818,22790417,1.17438,21.00148,0
1507184818,22790416,1.17438,27.49191,0
1507184526,22790299,1.17089,49.05214,1
1507184526,22790298,1.17116,40.94786,1
1507184270,22790177,1.17112,18.57399,1
1507184257,22790168,1.17436,34.76779,0
1507184255,22790165,1.17436,199.98242,0
1507184080,22790087,1.17129,26.26187,1
1507183999,22790064,1.17436,4.26052,0
1507183999,22790063,1.17436,18.52129,0
1507183907,22789990,1.17435,32.07615,0
1507183872,22789973,1.17435,110.13975,1
1507183872,22789971,1.17435,69.22036,1
1507183868,22789968,1.17435,32.12000,1
1507183840,22789944,1.17435,358.65964,0
1507183840,22789941,1.17435,101.34036,0
1507183836,22789932,1.17434,46.28942,0
1507183834,22789925,1.17435,129.69528,0
1507183657,22789786,1.17089,43.10397,1
1507183310,22789595,1.17003,58.70411,1
1507183310,22789594,1.17034,31.29589,1
1507183118,22789537,1.17439,0.00638,0
1507183118,22789535,1.17438,238.82390,1
1507183116,22789534,1.17438,1460.00000,0
1507182263,22789096,1.17001,138.01995,1
1507182260,22789094,1.17001,349.71697,1
1507182259,22789090,1.17001,226.23635,1
1507182258,22789086,1.17001,349.12514,1
1507182242,22789082,1.17001,90.74000,1
1507182209,22789073,1.17001,60.00000,1
1507181952,22788969,1.17002,205.30142,1
1507181148,22788580,1.17439,94.57675,0
1507181093,22788542,1.17001,1584.18163,1
1507181058,22788506,1.17001,531.91854,1
1507181056,22788502,1.17001,18.56447,1
1507181055,22788500,1.17001,547.31999,1
1507181055,22788497,1.17002,221.49001,1
1507181054,22788495,1.17002,98.50999,1
1507180970,22788418,1.17002,60.00000,1
1507180915,22788397,1.17002,7.89051,1
1507180909,22788396,1.17002,29.93352,1
1507180903,22788389,1.17002,140.82649,1
1507180885,22788378,1.17439,42.93720,0
1507180774,22788344,1.17442,15.27070,1
1507180774,22788342,1.17442,15.27070,1
1507180774,22788341,1.17442,15.27070,1
1507180774,22788340,1.17442,15.27069,1
1507180772,22788337,1.17442,0.00001,0
1507180771,22788336,1.17442,15.27070,0
1507180767,22788334,1.17442,984.72929,0
1507180767,22788333,1.17442,57.92492,0
1507180767,22788332,1.17442,18.46109,0
1507180285,22788173,1.17441,621.25690,0
1507180088,22788112,1.17001,1920.15071,1
1507180065,22788098,1.17001,96.10000,1
1507179814,22787978,1.17001,358.38644,1
1507179680,22787928,1.17001,100.00000,1
1507178530,22787453,1.17001,229.23656,1
1507178500,22787439,1.17001,1110.25547,1
1507178490,22787430,1.17001,94.26293,1
1507178490,22787429,1.17002,5.73707,1
1507178431,22787392,1.17001,424.94581,1
1507178430,22787391,1.17001,52.21769,1
1507178150,22787235,1.17001,187.81037,1
1507178149,22787230,1.17001,68.51224,1
1507178130,22787222,1.17001,9.84415,1
1507178127,22787219,1.17001,18.54464,1
1507178126,22787216,1.17001,68.45999,1
1507178056,22787194,1.17001,7.28437,1
1507178055,22787193,1.17002,7.75921,1
1507177680,22787088,1.17001,145.25615,1
1507177448,22786975,1.17001,99.10074,1
1507177436,22786965,1.17001,519.17926,1
1507177435,22786963,1.17001,59.37000,1
1507177435,22786961,1.17001,18.55550,1
1507177435,22786960,1.17001,411.75061,1
1507177434,22786954,1.17001,99.10072,1
1507177380,22786909,1.17399,18.49326,0
1507177380,22786908,1.17399,99.11614,0
1507177351,22786885,1.17398,26.18450,0
1507177346,22786877,1.17001,524.48484,1
1507177346,22786874,1.17002,6.36608,1
1507177343,22786865,1.17401,35.58410,1
1507177343,22786864,1.17401,32.63430,1
1507177342,22786859,1.17401,2.94980,1
1507177342,22786858,1.17401,35.58410,1
1507177342,22786857,1.17401,35.58410,1
1507177341,22786856,1.17401,24.78236,1
1507177340,22786851,1.17401,10.80174,1
1507177340,22786850,1.17401,35.58410,1
1507177340,22786849,1.17401,35.58410,1
1507177340,22786848,1.17401,16.72599,1
1507177338,22786844,1.17401,18.85811,1
1507177338,22786843,1.17401,35.58410,1
1507177338,22786842,1.17401,35.58410,1
1507177338,22786841,1.17401,8.46519,1
1507177337,22786838,1.17401,27.11891,1
1507177337,22786837,1.17401,35.58410,1
1507177337,22786836,1.17401,35.58406,1
1507177334,22786832,1.17003,0.00004,0
1507177334,22786831,1.17003,35.58410,0
1507177301,22786805,1.17003,6.00940,0
1507177280,22786780,1.17001,60.00000,1
1507177270,22786775,1.17001,100.00000,1
1507177235,22786721,1.17001,818.95999,1
1507177210,22786700,1.17001,2687.37300,1
1507177209,22786699,1.17001,771.11000,1
1507177208,22786697,1.17001,770.80000,1
1507177206,22786694,1.17002,899.19159,1
1507177206,22786692,1.17002,818.95999,1
1507177205,22786690,1.17003,149.87620,0
1507177205,22786689,1.17003,0.00003,0
1507177205,22786688,1.17003,149.87617,0
1507177202,22786669,1.17003,187.90930,1
1507177007,22786531,1.17002,9.83787,1
1507177003,22786525,1.17001,9.83296,1
1507176960,22786499,1.17002,398.05000,1
1507176887,22786284,1.17004,44.10008,1
1507176682,22786198,1.17444,11.55840,1
1507176682,22786197,1.17444,11.55840,1
1507176682,22786196,1.17444,11.55840,1
1507176682,22786195,1.17444,11.55840,1
1507176682,22786194,1.17444,11.55840,1
1507176681,22786192,1.17444,11.55840,1
1507176681,22786191,1.17444,11.55840,1
1507176681,22786190,1.17444,11.55840,1
1507176681,22786189,1.17444,11.55840,1
1507176680,22786188,1.17444,11.55840,1
1507176680,22786187,1.17444,0.00004,1
1507176678,22786184,1.17443,11.55836,0
1507176674,22786180,1.17443,6.90012,0
1507176673,22786179,1.17445,0.00004,1
1507176670,22786176,1.17404,210.39553,0
1507176670,22786175,1.17403,211.04243,0
1507176660,22786169,1.17003,228.56008,0
1507176580,22786097,1.17001,864.14000,1
1507176579,22786092,1.17001,849.85795,1
1507176579,22786091,1.17002,12.25205,1
1507176467,22786035,1.17002,143.63498,1
1507176467,22786033,1.17003,7.42783,1
1507176310,22785928,1.17403,0.01964,1
1507176309,22785924,1.17403,210.90603,1
1507176307,22785922,1.17402,0.00003,0
1507176307,22785920,1.17402,210.92570,0
1507176300,22785914,1.17404,0.02002,1
1507176298,22785906,1.17404,210.10358,1
1507176297,22785905,1.17021,210.12360,0
1507176294,22785901,1.17023,12.19252,1
1507176287,22785889,1.17021,580.47714,1
1507176172,22785767,1.17250,103.69611,1
1507176172,22785765,1.17251,6.76333,1
1507176167,22785762,1.17250,622.21905,1
1507176166,22785760,1.17285,6.76333,1
1507176067,22785698,1.17250,92.95223,1
1507176067,22785697,1.17260,7.04777,1
1507176038,22785660,1.17250,2279.13261,1
1507176037,22785658,1.17251,10.80581,1
1507176037,22785657,1.17253,7.20388,1
1507175120,22785417,1.17475,86.71014,0
1507175092,22785405,1.17471,191.25899,0
1507174895,22785297,1.17002,47.98093,1
1507174895,22785296,1.17003,40.80739,1
1507174895,22785295,1.17019,11.21168,1
1507174470,22785045,1.17002,205.11724,1
1507174467,22785042,1.17003,900.00652,1
1507174465,22785040,1.17002,57.90663,1
1507174463,22785033,1.17001,221.64244,1
1507174462,22785025,1.17001,297.78261,1
1507174415,22784968,1.17001,271.67751,1
1507174262,22784797,1.17001,309.11983,1
1507174248,22784745,1.17002,119.70422,1
1507174242,22784731,1.17002,110.53111,1
1507174242,22784728,1.17003,41.47999,1
1507174241,22784726,1.17003,41.47757,1
1507174233,22784715,1.17002,1.26197,1
1507174233,22784713,1.17003,210.00000,1
1507174217,22784677,1.17002,150.46780,1
1507174210,22784654,1.17003,223.52378,0
1507174204,22784632,1.17003,6.93657,1
1507174202,22784630,1.17428,87.03550,0
1507174198,22784625,1.17428,2.92600,1
1507174198,22784624,1.17428,225.88450,1
1507174194,22784620,1.17002,229.81868,1
1507174193,22784619,1.17003,5.82080,1
1507174193,22784618,1.17004,201.18949,1
1507174193,22784617,1.17004,228.81051,1
1507174131,22784556,1.17004,86.60867,1
1507174128,22784554,1.17004,72.24826,1
1507174118,22784544,1.17004,86.56541,1
1507173750,22784234,1.17484,144.45127,1
1507173683,22784194,1.17484,47.07687,1
1507173683,22784193,1.17485,52.92313,1
1507173555,22784137,1.17485,86.65200,0
1507173554,22784135,1.17486,86.78694,0
1507173515,22784118,1.17486,255.13985,0
1507173489,22784114,1.17486,5.18130,0
1507173236,22783942,1.17488,464.90288,0
1507173230,22783926,1.17488,100.46106,0
1507173223,22783903,1.17484,133.97568,0
1507173222,22783893,1.17484,179.60469,0
1507172608,22783685,1.17484,64.95264,0
1507172606,22783681,1.17484,130.15736,0
1507172583,22783670,1.17004,100.00000,1
1507172526,22783642,1.17485,85.46503,0
1507172168,22783522,1.17368,191.17450,0
1507172108,22783488,1.17004,49.92000,1
1507172107,22783486,1.17485,13.53345,0
1507172106,22783484,1.17485,1.23831,1
1507172106,22783481,1.17485,189.93622,1
1507172017,22783444,1.17485,592.87000,0
1507172015,22783440,1.17486,2042.79659,0
1507171329,22782786,1.17001,29.29031,1
1507171329,22782785,1.17002,11.83411,1
1507171329,22782784,1.17002,8.87558,1
1507170924,22782442,1.17489,9.99391,0
1507170415,22782196,1.17491,68.78130,0
1507170085,22781989,1.17001,60.00000,1
1507170043,22781951,1.17491,2090.57821,1
1507170034,22781936,1.17489,19.35027,0
1507168935,22781336,1.17001,90.00000,1
1507168070,22780946,1.17001,190.30964,1
1507168069,22780942,1.17001,190.39999,1
1507167574,22780567,1.17001,77.11229,1
1507167574,22780564,1.17001,102.30168,1
1507166772,22780403,1.17497,486.39632,1
1507166189,22780251,1.17001,94.97000,1
1507165484,22780060,1.17001,32.37000,1
1507165292,22780014,1.17001,131.28668,1
1507165286,22780010,1.17001,64.55000,1
1507165156,22779960,1.17001,172.18322,1
1507165151,22779953,1.17007,270.65346,1
1507165147,22779945,1.17007,78.37970,1
1507165146,22779942,1.17007,714.70413,1
1507165143,22779937,1.17007,78.28724,1
1507165143,22779930,1.17007,714.70413,1
1507165141,22779924,1.17007,78.19094,1
1507165140,22779921,1.17007,78.09497,1
1507165139,22779917,1.17007,714.70413,1
1507165138,22779912,1.17007,78.00347,1
1507165106,22779882,1.17007,32.17000,1
1507165099,22779872,1.17007,32.30000,1
1507165061,22779848,1.17007,370.96376,1
1507165052,22779843,1.17007,370.78289,1
1507165048,22779838,1.17007,100.20593,1
1507165046,22779833,1.17007,100.20593,1
1507164971,22779788,1.17008,31.33802,1
1507164248,22779218,1.17024,236.30000,1
1507164248,22779217,1.17028,10.46265,1
