date,tid,price,amount,type
1507247009,22837868,43.87,12.64941874,0
1507247002,22837866,43.88,3.50764813,1
1507247001,22837865,43.88,2.13000000,0
1507246426,22837582,43.99,11.76000000,1
1507246426,22837580,44.02,1.90000000,1
1507246426,22837576,44.03,0.92980310,0
1507246425,22837573,44.02,1.90000000,0
1507246425,22837571,43.99,11.75999990,0
1507246425,22837570,43.95,9.51000000,0
1507245469,22836971,44.01,0.96272609,1
1507245469,22836970,44.06,16.27115094,0
1507245464,22836968,44.01,0.96272609,1
1507245459,22836964,44.01,0.96272609,1
1507245080,22836801,44.00,1.07939200,0
1507244778,22836680,43.99,1.68999000,0
1507244522,22836531,44.05,0.56685600,1
1507244476,22836503,44.05,0.20000000,0
1507244192,22836372,44.04,0.20000000,0
1507244192,22836370,44.02,0.12000500,0
1507244192,22836367,44.02,9.87999500,0
1507244192,22836364,43.99,0.12000000,0
1507243924,22836289,43.90,2.30585200,1
1507243920,22836282,43.98,8.64757300,0
1507243889,22836199,43.92,1.11598268,0
1507243827,22836173,43.96,1.92083713,1
1507243822,22836167,43.96,3.82006370,0
1507243816,22836162,43.97,3.81983622,1
1507243814,22836157,43.96,3.81938126,1
1507243527,22835600,43.86,6.45251832,1
1507243023,22835335,43.89,0.12000000,0
1507242998,22835320,43.86,22.32993598,1
1507242963,22835294,43.86,0.20543322,1
1507242963,22835291,43.86,6.79456678,0
1507242891,22835261,43.86,0.15000000,0
1507242835,22835232,43.70,1.26284000,0
1507242823,22835226,43.74,7.69000000,0
1507242820,22835224,43.74,5.00000000,0
1507242817,22835222,43.75,49.00000000,1
1507242753,22835208,43.71,15.08000000,0
1507242748,22835207,43.72,29.87876600,1
1507242748,22835206,43.72,6.68242600,1
1507242748,22835205,43.72,2.33880800,1
1507242747,22835204,43.71,20.00000000,1
1507242690,22835181,43.85,1.00601000,0
1507242562,22835148,43.84,1.13728620,0
1507242558,22835147,43.75,66.32371010,0
1507242556,22835146,43.75,2.84628990,1
1507242556,22835145,43.75,114.00000000,1
1507242556,22835144,43.76,14.83000000,1
1507242556,22835143,43.76,2.00000000,1
1507242384,22835087,43.76,14.05142200,1
1507241794,22834803,43.76,1.00000000,1
1507241479,22834628,43.78,18.34947465,0
1507241475,22834618,43.78,18.34399270,1
1507241474,22834613,43.78,18.33828233,1
1507241462,22834578,43.78,4.30908818,1
1507241462,22834577,43.79,0.00018547,1
1507241461,22834574,43.79,11.49737383,1
1507241341,22834528,43.77,5.00000000,1
1507240989,22834297,43.84,0.65256200,0
1507240534,22833894,43.76,6.52602400,1
1507239953,22833555,43.82,3.00000000,1
1507239516,22833320,43.79,10.22381900,1
1507239400,22833247,43.85,34.35511040,0
1507239293,22833167,43.88,7.03919782,0
1507239056,22833031,43.80,2.84595759,1
1507238920,22832943,43.81,7.03811916,0
1507238791,22832838,43.83,3.31503400,1
1507238782,22832832,43.85,7.00000000,1
1507238733,22832807,43.83,3.11680034,1
1507238691,22832794,43.93,34.35511040,1
1507238582,22832701,43.99,8.26252825,1
1507238582,22832700,43.99,0.12000000,0
1507238582,22832699,43.99,7.03688525,1
1507238238,22832491,43.96,1.88023000,1
1507238238,22832490,43.89,0.12000000,0
1507238154,22832455,43.87,0.00067929,1
1507238105,22832429,43.88,9.11622608,0
1507238097,22832421,43.87,6.23934352,1
1507238095,22832420,43.87,1.88100008,0
1507238095,22832419,43.87,1.87897711,0
1507238001,22832346,43.87,0.12056700,1
1507237999,22832342,43.87,1.87966300,0
1507237997,22832341,43.87,1.13676772,0
1507237988,22832330,43.79,1.39091000,1
1507237988,22832329,43.82,9.92000000,1
1507237957,22832296,43.86,10.33977222,1
1507237957,22832295,43.90,0.00022778,1
1507237950,22832287,43.90,1.87972666,1
1507237948,22832283,43.90,64.12004556,1
1507237942,22832274,43.91,12.11964000,1
1507237928,22832219,43.86,16.22998900,1
1507237823,22832160,44.00,20.00000000,0
1507237812,22832155,44.00,2.35643351,0
1507237812,22832154,44.00,1.87772728,0
1507237781,22832137,44.00,28.27476589,1
1507237780,22832134,44.00,16.86568183,1
1507237778,22832133,44.00,0.08605868,0
1507237778,22832132,43.99,34.77349360,0
1507237642,22832060,43.82,4.27000000,1
1507237622,22832038,43.99,0.11401912,0
1507237609,22832036,43.80,1.00000000,0
1507237423,22831936,43.93,7.00000000,0
1507237380,22831924,44.00,0.11394132,0
1507237350,22831903,43.98,5.22799496,0
1507237238,22831859,43.89,10.00000000,1
1507237238,22831857,43.90,0.92662814,0
1507237236,22831856,43.90,1.26000000,0
1507237057,22831691,43.90,1.36674260,0
1507237036,22831676,43.91,1.26098300,1
1507237022,22831660,43.92,4.27052559,0
1507236997,22831640,43.95,15.60204779,0
1507236978,22831624,43.94,15.26883679,1
1507236857,22831502,43.91,5.82000000,0
1507236856,22831489,43.91,12.18000000,1
1507236732,22831342,44.04,2.21430933,0
1507236642,22831278,43.99,17.47000000,1
1507236642,22831277,44.00,4.60922938,1
1507236641,22831276,44.00,1.34613637,0
1507236633,22831265,43.99,12.50194700,1
1507236629,22831260,44.08,15.48011147,1
1507236628,22831259,44.08,23.57372300,1
1507236628,22831258,44.08,6.15805300,1
1507236626,22831253,44.08,16.78811253,1
1507236525,22831178,44.12,72.44340888,1
1507236525,22831177,44.12,11.89000000,1
1507236525,22831176,44.10,0.20000000,0
1507236525,22831175,44.10,16.77194180,1
1507236524,22831174,44.09,0.12000000,0
1507236524,22831173,44.08,2.38000000,1
1507236524,22831172,44.08,73.89191481,1
1507236524,22831171,44.00,5.46778563,0
1507236523,22831170,44.00,0.35000000,0
1507236523,22831169,44.00,0.41000000,0
1507236523,22831168,43.93,2.28365385,0
1507236523,22831167,43.89,0.12000000,0
1507236521,22831163,43.87,12.37463934,0
1507236380,22831010,43.87,9.78657652,0
1507236342,22830965,43.77,2.99506300,1
1507236342,22830964,43.77,8.30273700,1
1507236312,22830935,43.77,1.69726300,1
1507236162,22830837,43.83,18.00000000,1
1507236133,22830808,43.86,1.31727272,0
1507236016,22830712,43.79,61.22881937,1
1507235900,22830616,43.80,12.66309544,1
1507235771,22830436,43.99,0.00059614,1
1507235754,22830400,43.99,2.92407366,1
1507235730,22830372,43.99,0.00026444,1
1507235728,22830365,43.99,12.50897932,1
1507235726,22830356,43.99,16.75085248,1
1507235725,22830351,43.99,2.18115613,0
1507235725,22830350,43.99,0.12000000,0
1507235724,22830349,43.98,18.43874763,0
1507235612,22830255,43.93,1.85522422,0
1507235610,22830254,43.92,1.53000000,0
1507235547,22830188,43.91,15.36402300,1
1507235459,22830059,43.89,0.12000000,0
1507235438,22830049,43.90,49.88000000,1
1507235438,22830048,43.89,0.12000000,0
1507235360,22829984,43.85,3.73789100,1
1507235167,22829635,43.82,3.49327200,0
1507235165,22829634,43.82,1.00000000,1
1507234566,22829176,43.94,1.01502048,1
1507234564,22829175,43.89,0.12000000,0
1507234461,22829126,43.88,4.75513972,0
1507234376,22829068,43.92,0.12000000,1
1507234363,22829061,43.98,1.12046404,1
1507234361,22829059,43.89,0.12000000,0
1507234342,22829045,43.94,0.29494766,0
1507234337,22829037,43.89,0.88000000,1
1507234335,22829034,43.89,0.12000000,0
1507234324,22829022,43.89,0.12000000,0
1507234212,22828985,43.98,2.26807639,1
1507234179,22828948,43.93,1.99772417,0
1507234177,22828941,43.96,0.22679709,0
1507234166,22828924,43.82,7.60000000,1
1507234141,22828883,43.93,2.27065786,1
1507234093,22828812,43.92,7.00000000,0
1507234057,22828786,43.85,2.50000000,1
1507234044,22828785,43.95,0.10693970,1
1507234042,22828784,43.89,0.12000000,0
1507233896,22828715,43.83,0.22746977,0
1507233796,22828672,43.76,11.34821000,1
1507233657,22828552,43.81,9.99977175,0
1507233597,22828505,43.80,5.00000000,0
1507233594,22828504,43.80,10.00000000,1
1507233557,22828473,43.80,10.00000000,0
1507233534,22828463,43.79,19.91230875,0
1507233528,22828457,43.79,17.11230875,0
1507233527,22828456,43.79,2.80000000,0
1507233504,22828443,43.80,45.95844749,1
1507233502,22828438,43.80,48.76935374,1
1507233491,22828431,43.86,46.00000000,0
1507233476,22828415,43.86,15.99931586,1
1507233470,22828409,43.86,9.00000000,0
1507233460,22828395,43.83,9.94425852,1
1507233460,22828393,43.83,4.76135068,0
1507233459,22828392,43.83,4.00000000,0
1507233456,22828383,43.83,20.75792836,1
1507233452,22828378,43.88,2.27324521,0
1507233448,22828364,43.80,2.15753425,0
1507233412,22828232,43.86,2.57227543,0
1507233379,22828212,43.87,16.00000000,0
1507233328,22828191,43.85,19.00000000,0
1507233323,22828190,43.84,7.00000000,0
1507233223,22828151,43.86,9.00000000,0
1507233199,22828148,43.83,0.41200000,1
1507233091,22828103,43.85,6.00000000,0
1507233090,22828102,43.86,5.63953659,1
1507233042,22828080,43.87,11.26783680,0
1507233024,22828046,43.87,11.26510144,0
1507233001,22828031,43.86,10.56452349,1
1507233000,22828026,43.87,11.26493389,1
1507232998,22828019,43.86,11.26470589,1
1507232956,22827997,43.97,3.16741166,1
1507232956,22827996,43.96,0.20000000,0
1507232956,22827995,43.95,16.69562244,1
1507232956,22827994,43.95,1.94391200,1
1507232954,22827992,43.89,0.12000000,0
1507232926,22827978,43.88,1.36394713,0
1507232872,22827906,43.86,16.69562244,0
1507232835,22827890,43.86,14.00000000,0
1507232807,22827878,43.86,16.69562244,1
1507232754,22827820,43.95,0.69010238,0
1507232752,22827814,43.93,3.85089916,0
1507232729,22827754,43.89,6.14057872,0
1507232708,22827714,43.89,0.12000000,0
1507232708,22827712,43.85,6.24439872,0
1507232708,22827709,43.84,4.49438700,0
1507232695,22827675,43.85,21.00000000,0
1507232691,22827669,43.85,7.00000000,0
1507232685,22827663,43.84,7.28695256,0
1507232633,22827570,43.85,6.00000000,0
1507232608,22827525,43.84,5.00000000,0
1507232573,22827472,43.79,0.12000000,0
1507232391,22827350,43.65,0.99000000,1
1507232272,22827276,43.72,4.00000000,1
1507232173,22827244,43.84,45.38686131,0
1507232172,22827242,43.79,0.12000000,0
1507231934,22827156,43.68,10.60566400,1
1507231933,22827154,43.68,1.94013200,1
1507231875,22827134,43.84,10.64610789,1
1507231875,22827133,43.84,2.68000000,0
1507231875,22827132,43.84,8.46981530,0
1507231874,22827130,43.76,28.20430681,0
1507231691,22827053,43.81,13.96000000,1
1507231691,22827052,43.80,15.92000000,0
1507231691,22827051,43.79,0.12000000,0
1507231672,22827042,43.73,10.00000000,0
1507231650,22827030,43.68,6.00000000,0
1507231554,22826949,43.69,16.00000000,0
1507231545,22826929,43.64,39.84689500,1
1507231517,22826887,43.63,8.94136700,1
1507231458,22826840,43.65,16.45547800,1
1507231443,22826816,43.82,124.70234606,0
1507231443,22826815,43.82,11.75999990,0
1507231441,22826813,43.79,0.12000000,0
1507231431,22826808,43.74,6.31000000,0
1507231202,22826657,43.58,2.69000000,1
1507231146,22826620,43.73,16.62104123,1
1507231077,22826594,43.68,2.69459707,0
1507230982,22826541,43.68,1.00000000,1
1507230917,22826504,43.59,0.45516000,1
1507230882,22826448,43.69,6.00000000,1
1507230861,22826436,43.68,15.95000000,1
1507230861,22826435,43.69,25.29119490,1
1507230861,22826434,43.74,40.24439872,1
1507230859,22826433,43.75,1.20400000,1
1507230815,22826400,43.75,5.95488600,1
1507230450,22826146,43.79,0.12000000,0
1507230351,22826095,43.76,5.71298000,1
1507230128,22825870,43.78,15.98000041,1
1507230128,22825869,43.77,14.01999959,0
1507230031,22825808,43.74,8.57082200,1
1507229894,22825665,43.71,22.40928300,1
1507229836,22825569,43.66,3.00000000,1
1507229808,22825556,43.75,0.36022857,0
1507229613,22825411,43.66,9.58605200,1
1507229568,22825371,43.95,0.67126170,1
1507229567,22825370,43.89,0.12000000,0
1507229567,22825369,43.84,1.08896830,0
1507229567,22825368,43.79,0.12000000,0
1507229561,22825363,43.72,11.88999500,1
1507229517,22825332,43.61,14.01999959,1
1507229516,22825331,43.61,23.81000002,0
1507229516,22825330,43.62,13.27000000,1
1507229516,22825327,43.71,0.00000039,1
1507229467,22825255,43.77,2.00091387,0
1507229458,22825248,43.71,1.67771700,1
1507229444,22825244,43.72,5.47632700,1
1507229405,22825219,43.75,1.00000000,0
1507229329,22825125,43.75,1.00000000,0
1507229058,22824944,43.76,1.08973000,1
1507228961,22824881,43.73,24.81000000,1
1507228960,22824880,43.73,12.19000000,0
1507228958,22824870,43.55,3.00000000,1
1507228949,22824865,43.55,0.27961873,1
1507228909,22824842,43.67,1.79106640,1
1507228879,22824826,43.72,10.21128107,1
1507228836,22824784,43.72,2.94583290,1
1507228833,22824780,43.74,11.14357567,1
1507228806,22824747,43.82,0.88000000,0
1507228799,22824727,43.69,73.89229900,0
1507228794,22824712,43.86,11.37140902,0
1507228634,22824494,43.79,10.00000000,1
1507228633,22824490,43.78,50.00000000,0
1507228610,22824458,43.74,49.00000000,1
1507228610,22824456,43.75,50.00000000,1
1507228594,22824440,43.79,5.24000020,0
1507228594,22824439,43.78,11.75999980,0
1507228584,22824431,43.77,30.44781743,0
1507228581,22824427,43.70,0.12000000,1
1507228580,22824425,43.79,0.88000000,1
1507228578,22824421,43.79,0.12000000,0
1507228573,22824406,43.71,9.02000000,1
1507228563,22824388,43.75,99.81730000,1
1507228557,22824383,43.71,2.16270000,1
1507228494,22824315,43.64,2.47417800,1
1507228494,22824313,43.64,25.17000000,1
1507228494,22824310,43.65,10.97073300,1
1507228468,22824257,43.75,59.80999980,1
1507228467,22824256,43.74,0.00000020,0
1507228466,22824254,43.74,4.23594180,1
1507228258,22824137,43.75,3.05030523,1
1507228247,22824134,43.75,13.28000000,1
1507228230,22824120,43.75,1.16457000,1
1507228206,22824112,43.75,9.79219600,1
1507228164,22824082,43.75,3.98426700,1
1507228127,22824048,43.75,3.72866177,1
1507228127,22824047,43.78,0.00068523,1
1507228124,22824044,43.78,2.99086341,1
1507228123,22824037,43.78,6.22133395,1
1507228121,22824036,43.78,5.78711741,0
1507228109,22824031,43.78,12.00456830,1
1507228079,22823958,43.76,5.94156500,1
1507227912,22823846,43.75,1.20822857,0
1507227794,22823769,43.68,5.75039720,1
1507227674,22823634,43.77,44.39317862,0
1507227576,22823578,43.72,4.43583500,1
1507227574,22823577,43.82,4.43290734,0
1507227572,22823576,43.79,0.12000000,0
1507227565,22823565,43.76,0.92124470,0
1507227424,22823427,43.69,3.10231175,0
1507227409,22823408,43.68,12.00297620,0
1507227379,22823336,43.68,12.00160257,1
1507226989,22823161,43.69,12.00091555,0
1507226950,22823136,43.68,7.74614000,1
1507226946,22823132,43.70,12.00091534,0
1507226910,22823094,43.71,12.00068650,1
1507226872,22823075,43.69,12.00022889,0
1507226840,22823067,43.62,3.00000000,0
1507226784,22823043,43.61,27.36195000,1
1507226779,22823038,43.71,13.61971932,1
1507226779,22823036,43.71,6.77075700,1
1507226777,22823032,43.71,13.84808969,1
1507226776,22823031,43.71,32.07290234,0
1507226776,22823030,43.69,33.68853165,0
1507226750,22822999,43.62,10.46985254,0
1507226712,22822990,43.62,8.75023000,0
1507226709,22822989,43.61,7.82038244,0
1507226536,22822857,43.70,28.60032037,1
1507226535,22822856,43.70,5.68000000,0
1507226466,22822834,43.69,0.23598100,0
1507225937,22822538,43.57,4.54119808,1
1507225937,22822537,43.58,13.19765841,1
1507225902,22822528,43.76,0.22783364,0
1507225753,22822457,43.70,0.00068649,1
1507225751,22822452,43.70,5.99931351,1
1507224700,22822027,43.74,13.84499315,0
1507224571,22821953,43.75,46.23050000,1
1507224571,22821952,43.75,17.41000000,0
1507224166,22821704,43.71,6.00000000,1
1507223902,22821597,43.56,0.45805015,1
1507223900,22821596,43.57,17.54194985,1
1507223767,22821513,43.76,0.32617600,0
1507223656,22821472,43.73,2.21987743,1
1507223656,22821471,43.73,1.22103609,0
1507223609,22821446,43.57,1.84000000,1
1507223607,22821445,43.65,4.00000000,1
1507223605,22821444,43.73,9.12417105,0
1507222978,22821146,43.65,2.00000000,1
1507222321,22820711,43.51,6.00000000,1
1507222317,22820705,43.64,1.00023000,0
1507222270,22820697,43.68,5.70902015,0
1507222142,22820643,43.51,27.86844639,1
1507222141,22820642,43.52,4.10180200,1
1507222141,22820641,43.53,2.64000000,1
1507222141,22820640,43.53,0.35000000,1
1507222141,22820639,43.56,9.00000000,1
1507222139,22820635,43.60,0.20000000,1
1507221200,22820114,43.86,0.10761513,0
1507221198,22820113,43.79,0.12000000,0
1507221158,22820091,43.66,15.79084730,0
1507221156,22820090,43.67,6.20915270,1
1507221084,22820067,43.63,6.80000000,0
1507221038,22820044,43.62,34.34000000,0
1507220900,22819923,43.62,2.01373940,0
1507220871,22819895,43.52,33.00000000,1
1507220835,22819877,43.51,3.67168600,1
1507220683,22819750,43.67,15.09983970,1
1507220630,22819709,43.67,12.02976871,0
1507220586,22819682,43.52,0.00000029,0
1507220585,22819680,43.52,16.12614100,0
1507220584,22819678,43.52,2.63000000,1
1507220440,22819589,43.55,29.55878220,1
1507220440,22819587,43.57,26.75000000,1
1507220439,22819586,43.58,59.82000000,1
1507220439,22819585,43.58,9.28773910,1
1507220159,22819350,43.60,0.00000500,0
1507220157,22819349,43.59,59.81000000,0
1507220110,22819303,43.60,7.13999500,0
1507219903,22819177,43.50,1.90000000,1
1507219898,22819172,43.50,0.15000000,1
1507219888,22819161,43.53,75.56754287,0
1507219887,22819160,43.53,2.75000000,1
1507219887,22819159,43.54,24.25251217,1
1507219704,22818961,43.68,0.00000019,1
1507219646,22818878,43.68,7.73381900,1
1507219573,22818700,43.69,5.10892300,0
1507219524,22818595,43.69,12.95000000,0
1507219396,22818490,43.68,2.93991818,1
1507219385,22818483,43.60,2.57568807,1
1507219385,22818482,43.60,2.00000000,0
1507219198,22818286,43.59,71.36772839,0
1507219198,22818285,43.60,4.00000000,1
1507219198,22818284,43.60,4.00000000,1
1507219198,22818283,43.61,16.78162240,1
1507219198,22818282,43.64,1.82762479,1
1507219196,22818281,43.65,8.96302442,1
1507219060,22818160,43.65,0.35455300,1
1507219057,22818150,43.67,15.89524500,0
1507219057,22818148,43.67,5.04714900,0
1507219054,22818134,43.83,0.00000007,1
1507219054,22818132,43.83,0.62313000,1
1507219030,22818086,43.68,12.37368100,1
1507219030,22818085,43.68,12.28238400,1
1507219023,22818078,43.70,20.00000000,1
1507219022,22818075,43.71,0.46000000,0
1507219022,22818074,43.71,10.16514300,1
1507219021,22818072,43.71,3.46286500,1
1507219021,22818071,43.71,6.37199200,1
1507218996,22818018,43.81,0.22752168,0
1507218703,22817750,43.79,0.12000000,0
1507218694,22817746,43.71,4.65881007,1
1507218635,22817715,43.68,10.00000000,1
1507218486,22817464,43.67,0.68844000,1
1507218466,22817408,43.82,12.08245625,1
1507218466,22817407,43.79,0.12000000,0
1507218466,22817406,43.77,9.94850740,0
1507218438,22817366,43.76,2.40097520,0
1507218401,22817303,43.75,0.20000000,0
1507218240,22817131,43.68,10.48490500,1
1507218231,22817120,43.73,2.59000000,0
1507218225,22817114,43.75,11.00000000,0
1507218171,22817062,43.76,11.28679160,1
1507218170,22817053,43.77,3.84815700,1
1507218133,22817028,43.87,5.58650558,0
1507217948,22816833,43.87,2.90084340,1
1507217946,22816831,43.86,8.47000000,0
1507217849,22816754,43.65,1.01667000,1
1507217792,22816710,43.69,53.34758968,1
1507217792,22816709,43.70,1.27090832,1
1507217673,22816594,43.79,0.12000000,0
1507217606,22816490,43.76,6.40709400,1
1507217582,22816438,43.82,28.82800000,1
1507217563,22816392,43.76,32.16300000,1
1507217554,22816380,43.81,19.19218853,1
1507217554,22816378,43.81,36.00591600,1
1507217554,22816377,43.81,22.03211600,1
1507217553,22816376,43.81,14.32732253,1
1507217550,22816366,43.81,15.45081033,1
1507217549,22816362,43.81,3.02025161,1
1507217549,22816361,43.84,0.00074817,1
1507217549,22816360,43.84,12.41925183,1
1507217545,22816349,43.84,16.58000000,0
1507217545,22816348,43.81,13.97139500,1
1507217542,22816339,43.83,11.32110700,1
1507217542,22816338,43.83,24.00000000,1
1507217493,22816274,43.75,5.08248100,1
1507217472,22816229,43.75,1.90411500,1
1507217465,22816218,43.79,0.12000000,0
1507217462,22816210,43.75,0.33508500,1
1507217452,22816194,43.77,2.98501900,1
1507217447,22816188,43.77,3.26829400,1
1507217447,22816187,43.77,1.73170600,1
1507217386,22816110,43.70,44.36476300,1
1507217386,22816109,43.70,80.17523700,1
1507217365,22816030,43.72,1.46000000,1
1507217334,22815964,43.67,1.64292100,0
1507217151,22815808,43.76,11.39739488,0
1507217052,22815759,43.65,0.75000000,1
1507216774,22815629,43.73,3.43046000,1
1507216523,22815503,43.77,0.15000000,0
1507216208,22815266,43.69,0.40000000,1
1507216176,22815247,43.65,0.23300604,1
1507216043,22815152,43.78,1.02489153,0
1507216012,22815132,43.78,9.60000000,0
1507215897,22814954,43.70,0.95000000,0
1507215894,22814952,43.69,5.03799470,0
1507215876,22814935,43.69,12.95064903,0
1507215789,22814894,43.64,1.02552000,1
1507215413,22814671,43.64,0.14685521,1
1507215350,22814617,43.75,0.25023000,0
1507214952,22814322,43.71,0.96819950,0
1507214867,22814274,43.75,5.70361295,0
1507214658,22814101,43.78,11.00000000,0
1507214650,22814096,43.77,11.00000000,0
1507214248,22813797,43.64,2.00000000,1
1507214090,22813710,43.66,7.00153600,1
1507213941,22813620,43.75,1.14240000,0
1507213646,22813397,43.74,5.00000000,0
1507213106,22813048,43.52,32.58667230,1
1507213106,22813047,43.53,2.71000000,1
1507213106,22813046,43.58,4.50000000,1
1507213106,22813045,43.60,117.00000000,1
1507213106,22813044,43.62,25.32000000,1
1507213105,22813043,43.62,0.90000000,1
1507213105,22813042,43.68,3.05114770,1
1507213087,22812958,43.80,0.90000000,1
1507213033,22812875,43.83,0.00000008,1
1507213033,22812873,43.83,9.89553292,1
1507213001,22812683,43.83,16.25285000,1
1507212993,22812677,43.83,3.88715000,1
1507212988,22812674,43.84,26.14838300,1
1507212972,22812670,43.84,40.85540000,1
1507212754,22812474,43.82,1.59352190,1
1507212647,22812384,43.94,7.49135184,0
1507212527,22812336,43.84,0.53388383,1
1507212143,22812016,43.99,5.00000000,0
1507212077,22811956,43.88,8.49000000,0
1507212071,22811948,43.99,7.93634917,0
1507212049,22811917,43.93,0.99977400,1
1507212043,22811912,44.00,0.29000000,0
1507212043,22811911,44.00,0.20000000,0
1507212043,22811910,44.00,0.34000000,0
1507212041,22811909,43.99,0.12000000,0
1507211992,22811855,43.95,12.84255700,1
1507211984,22811832,43.95,0.54900000,1
1507211977,22811829,43.95,0.85000000,1
1507211970,22811823,43.95,10.25844300,1
1507211951,22811810,43.95,3.50000000,1
1507211836,22811704,43.87,2.32453400,0
1507211833,22811690,43.89,3.65033900,1
1507211828,22811684,43.89,6.34966100,1
1507211656,22811566,43.99,5.88886565,1
1507211654,22811563,43.99,0.12000000,0
1507211349,22811272,43.99,8.14753353,1
1507211347,22811269,43.98,2.96407458,0
1507211314,22811251,43.91,3.72894200,1
1507211312,22811250,43.90,9.37304000,1
1507211310,22811249,43.89,1.44497800,0
1507211277,22811212,43.96,15.76933576,0
1507211188,22811087,43.83,2.67980000,1
1507211184,22811081,43.89,0.12000000,0
1507211146,22811040,43.97,6.71592000,1
1507211144,22811039,43.97,15.97000000,0
1507211082,22810970,43.94,2.09078052,0
1507211080,22810966,43.89,0.12000000,0
1507211059,22810939,43.79,0.12000000,0
1507210974,22810829,43.87,3.00000000,0
1507210838,22810673,43.68,37.00000000,0
1507210837,22810672,43.69,36.48834300,0
1507210816,22810645,43.72,3.06460510,0
1507210815,22810643,43.72,20.74462100,1
1507210815,22810641,43.72,3.06537900,1
1507210687,22810490,43.92,1.13547359,0
1507210613,22810429,43.70,38.55647000,0
1507210612,22810428,43.70,0.34000000,0
1507210579,22810399,43.89,0.33454545,0
1507210578,22810398,43.89,0.12000000,0
1507210411,22810238,43.66,37.77614400,1
1507210411,22810237,43.66,4.90098600,1
1507210411,22810235,43.67,5.17449000,1
1507210398,22810216,43.61,10.10999990,1
1507210398,22810215,43.61,8.89207310,1
1507210391,22810204,43.63,14.63480700,0
1507210388,22810199,43.63,15.48279298,1
1507210388,22810197,43.64,67.48850002,1
1507210378,22810187,43.62,19.90000000,1
1507210366,22810182,43.63,9.12870700,1
1507210171,22809865,43.57,0.58561406,1
1507210047,22809729,43.59,13.01753700,1
1507210044,22809725,43.63,18.45142600,1
1507210016,22809696,43.63,9.14160300,0
1507210014,22809693,43.60,8.86689700,1
1507210003,22809685,43.60,21.82188300,1
1507209997,22809680,43.69,8.13903022,0
1507209994,22809670,43.61,6.86915400,0
1507209943,22809610,43.64,0.58550681,1
1507209913,22809566,43.67,0.58549803,0
1507209867,22809516,43.54,2.88076000,1
1507209864,22809512,43.61,17.90820300,1
1507209817,22809478,43.62,51.39200000,1
1507209808,22809476,43.63,54.95800000,1
1507209750,22809411,43.65,13.76264000,1
1507209749,22809409,43.65,8.73447600,1
1507209735,22809354,43.61,14.40612600,1
1507209709,22809293,43.61,23.03610900,1
1507209672,22809262,43.61,6.40379900,1
1507209535,22809043,43.68,7.10299737,0
1507209535,22809042,43.67,12.89700263,0
1507209207,22808601,43.72,11.40782251,0
1507209160,22808545,43.72,0.73010064,0
1507208703,22808261,43.61,0.34451079,0
1507208641,22808199,43.66,0.42554659,1
1507208615,22808167,43.72,13.60999500,0
1507208581,22808141,43.78,1.00000000,0
1507208429,22808054,43.67,42.41453800,1
1507208288,22808004,43.60,22.08391937,1
1507208247,22807984,43.68,10.00000000,1
1507208122,22807924,43.64,26.71005520,0
1507208122,22807920,43.71,11.58994480,1
1507208120,22807914,43.79,1.70000000,1
1507208108,22807896,43.79,0.30000000,1
1507208008,22807787,43.79,20.00000000,0
1507208006,22807784,43.86,15.00000000,1
1507207944,22807693,43.97,1.76392995,1
1507207944,22807691,43.95,3.86427850,0
1507207943,22807690,43.90,0.20000000,0
1507207941,22807689,43.89,2.00000000,0
1507207941,22807688,43.89,0.12000000,0
1507207878,22807659,43.85,5.63147093,1
1507207719,22807558,43.89,3.00000000,0
1507207705,22807541,43.88,5.95647219,0
1507207690,22807520,43.87,16.48999500,0
1507207584,22807425,43.89,1.00000000,0
1507207578,22807421,43.89,5.99005045,0
1507207578,22807420,43.89,0.12000000,0
1507207577,22807419,43.80,0.20000000,0
1507207577,22807418,43.80,0.34000000,0
1507207232,22807099,43.74,1.00342936,0
1507206796,22806831,43.70,15.00000000,0
1507206658,22806687,43.69,27.27179689,1
1507206657,22806686,43.69,28.90846411,0
1507206435,22806602,43.68,2.28365385,1
1507206071,22806360,43.68,18.37697414,0
1507205970,22806192,43.79,2.30052523,0
1507205953,22806175,43.78,0.55654090,1
1507205921,22806079,43.58,10.17471500,1
1507205919,22806071,43.57,28.39409823,0
1507205919,22806068,43.56,40.28282400,1
1507205919,22806067,43.56,10.63075900,1
1507205919,22806065,43.56,8.49847300,1
1507205919,22806064,43.56,10.05402100,1
1507205919,22806063,43.56,46.47842800,1
1507205919,22806062,43.56,10.05549500,1
1507205876,22805998,43.57,1.00390177,0
1507205836,22805952,43.57,14.08130700,1
1507205828,22805944,43.55,14.39500000,1
1507205814,22805923,43.62,0.45000000,0
1507205814,22805922,43.55,33.05502400,1
1507205814,22805921,43.61,0.18800000,1
1507205812,22805917,43.61,143.81200000,0
1507205793,22805900,43.56,9.99756600,1
1507205793,22805899,43.56,4.86296600,1
1507205779,22805890,43.56,10.85994200,0
1507205778,22805889,43.55,1.09047800,0
1507205776,22805886,43.55,0.45476100,1
1507205769,22805876,43.67,4.59102359,0
1507205745,22805845,43.50,39.20846300,1
1507205735,22805842,43.54,5.71198000,1
1507205734,22805841,43.56,5.01870000,1
1507205734,22805840,43.56,42.03597000,1
1507205709,22805813,43.45,0.14913700,1
1507205585,22805650,43.45,1.19600000,1
1507205568,22805631,43.43,2.00000000,0
1507205565,22805630,43.45,26.98000000,1
1507205548,22805605,43.45,93.82738300,1
1507205548,22805604,43.45,29.82000000,1
1507205540,22805586,43.50,30.00000000,0
1507205491,22805532,43.48,1.38490000,0
1507205470,22805516,43.41,59.68000000,0
1507205466,22805506,43.40,148.64800000,0
1507205458,22805497,43.39,6.31561893,0
1507205455,22805490,43.39,11.83643293,0
1507205420,22805452,43.39,9.39794814,0
1507205282,22805350,43.41,34.77928000,0
1507205282,22805344,43.41,18.31928127,0
1507205273,22805333,43.33,17.12622600,1
1507205203,22805271,43.33,47.87377400,1
1507205119,22805189,43.30,4.94956760,1
1507205119,22805188,43.30,11.60975000,1
1507205119,22805187,43.30,2.41373900,1
1507205092,22805157,43.30,1.38418840,1
1507205092,22805156,43.30,14.27613800,1
1507205092,22805155,43.30,10.05261700,1
1507205090,22805150,43.29,13.87400000,0
1507205090,22805149,43.28,41.44000000,0
1507204966,22804968,43.23,1.99625400,1
1507204880,22804921,43.23,15.88903424,1
1507204875,22804920,43.23,5.72981700,1
1507204813,22804908,43.28,2.50554528,0
1507204811,22804903,43.27,2.33480000,0
1507203846,22804445,43.29,73.37410360,0
1507203846,22804444,43.28,118.00000000,1
1507203846,22804443,43.28,11.34000000,0
1507203846,22804441,43.21,14.14647450,0
1507203844,22804439,43.20,13.64700675,0
1507203648,22804373,43.10,0.58604068,1
1507203582,22804345,43.18,15.00000000,0
1507203391,22804228,43.23,0.11542910,0
1507203238,22804174,43.18,9.85130112,1
1507202989,22803883,43.11,4.30340661,1
1507202646,22803702,43.12,2.33480000,0
1507202546,22803661,43.13,0.34794711,1
1507202511,22803637,43.19,5.00000000,0
1507202355,22803551,43.24,0.34770515,1
1507202005,22803186,43.23,1.29987619,0
1507201999,22803173,43.19,8.22763533,0
1507201984,22803172,43.18,10.15396300,0
1507201953,22803148,43.17,38.15394966,0
1507201953,22803147,43.12,0.15000000,1
1507201900,22803129,43.11,0.35763304,1
1507201711,22803057,43.14,54.40000000,1
1507201654,22802952,43.18,8.22763533,0
1507201619,22802934,43.25,6.32125143,1
1507201618,22802928,43.25,52.65618498,1
1507201616,22802923,43.25,1.99976879,1
1507201612,22802917,43.25,1.99976879,1
1507201607,22802909,43.25,1.07491330,1
1507201598,22802900,43.25,15.81271677,1
1507201595,22802899,43.26,1.99976884,0
1507201580,22802888,43.25,70.49271677,1
1507201578,22802883,43.25,1.99976879,1
1507201560,22802874,43.27,63.66489485,1
1507201341,22802743,43.40,1.14907834,0
1507201154,22802604,43.23,1.00000000,1
1507201110,22802578,43.44,6.73756906,0
1507201108,22802577,43.38,4.04869006,0
1507201108,22802576,43.35,17.37275435,0
1507201020,22802547,43.30,1.52860249,0
1507201020,22802544,43.30,1.00000000,1
1507200919,22802490,43.33,11.21376777,1
1507200918,22802489,43.32,1.00000000,0
1507200900,22802483,43.23,1.00000000,1
1507200851,22802477,43.38,2.00000000,0
1507200780,22802460,43.37,2.29997694,0
1507200481,22802300,43.34,5.00000000,0
1507200162,22802121,43.26,11.31000000,1
1507200064,22802096,43.38,1.28769018,0
1507200037,22802070,43.37,0.92022135,0
1507199957,22802026,43.21,16.51697707,1
1507199922,22801999,43.35,0.20000000,0
1507199781,22801944,43.21,1.05366575,1
1507199753,22801935,43.40,8.32257000,0
1507199610,22801773,43.41,6.92999500,1
1507198952,22801436,43.45,6.93000000,0
1507198933,22801418,43.46,2.54042000,0
1507198824,22801323,43.58,21.63743753,0
1507198824,22801322,43.57,2.00000000,0
1507198822,22801318,43.51,10.14000000,1
1507198822,22801316,43.51,10.14000000,0
1507198804,22801295,43.37,2.00000000,1
1507198518,22801065,43.32,1.82056000,0
1507198482,22801000,43.32,3.92069000,0
1507198406,22800730,43.39,1.00000000,0
1507198401,22800709,43.35,1.20588523,1
1507198390,22800684,43.35,8.79411477,1
1507198352,22800589,43.39,2.29891680,0
1507198310,22800549,43.39,2.29891680,0
1507198272,22800520,43.45,14.39000000,0
1507198272,22800519,43.45,1.61000000,0
1507198152,22800459,43.39,0.90000000,0
1507198128,22800448,43.29,1.60782500,0
1507198073,22800416,43.46,23.81425499,0
1507198073,22800415,43.39,19.32000000,0
1507198073,22800414,43.39,29.39980380,0
1507198071,22800413,43.38,52.88246251,0
1507198046,22800407,43.27,26.12000000,0
1507198025,22800400,43.28,21.71409951,1
1507198025,22800399,43.29,16.61769461,1
1507198024,22800393,43.28,16.62153419,1
1507198003,22800302,43.29,2.11665511,1
1507197995,22800210,43.30,16.99468822,1
1507197836,22799810,43.25,6.68138728,1
1507197766,22799629,43.16,36.79294100,1
1507197762,22799623,43.17,9.30809800,0
1507197762,22799622,43.17,16.37190200,0
1507197761,22799619,43.18,1.04360000,1
1507197761,22799618,43.18,5.22240000,1
1507197761,22799617,43.18,27.78522100,1
1507197761,22799616,43.19,1.88534400,1
1507197761,22799615,43.19,6.43937700,1
1507197757,22799611,43.16,49.08191694,1
1507197742,22799583,43.17,1.05112100,1
1507197741,22799579,43.16,1.00760000,1
1507197708,22799526,43.09,2.17476600,1
1507197681,22799487,43.17,11.55060800,0
1507197303,22799264,43.24,6.32890461,1
1507197224,22799180,43.36,4.60239852,0
1507197190,22799151,43.07,1.90895184,1
1507197187,22799148,43.10,0.70000000,1
1507197186,22799147,43.10,0.86338682,1
1507196999,22798807,43.12,13.17500979,1
1507196953,22798773,43.24,1.25507000,1
1507196934,22798758,43.24,0.74493000,1
1507196911,22798724,43.20,13.56000000,0
1507196908,22798718,43.20,14.82000000,1
1507196908,22798716,43.21,4.77085640,1
1507196898,22798703,43.21,2.19037000,1
1507196893,22798683,43.45,8.69000000,0
1507196892,22798682,43.45,4.35000000,0
1507196891,22798680,43.40,3.66000000,0
1507196890,22798678,43.40,18.30000000,0
1507196882,22798671,43.20,1.41035300,0
1507196882,22798669,43.20,41.33386600,0
1507196878,22798667,43.20,14.73000000,1
1507196871,22798659,43.19,12.88026300,1
1507196870,22798656,43.19,1.71620000,1
1507196868,22798653,43.20,6.64321100,1
1507196861,22798647,43.19,0.17399060,1
1507196861,22798645,43.20,6.46922040,1
1507196860,22798644,43.20,1.71620000,1
1507196860,22798643,43.20,1.94474600,1
1507196851,22798634,43.19,28.58920861,1
1507196851,22798633,43.25,9.00109539,1
1507196848,22798630,43.21,7.22890461,0
1507196840,22798619,43.25,2.58507000,1
1507196836,22798616,43.24,18.39166400,1
1507196835,22798615,43.24,1.66730000,1
1507196835,22798614,43.24,6.89075600,1
1507196829,22798610,43.24,5.49101000,1
1507196828,22798609,43.25,9.09517700,1
1507196824,22798602,43.25,0.24367400,1
1507196813,22798579,43.24,8.28951100,1
1507196812,22798578,43.24,4.88042100,1
1507196812,22798577,43.24,0.24367400,1
1507196811,22798575,43.24,8.32441000,1
1507196810,22798574,43.24,6.72540800,1
1507196810,22798572,43.24,2.58918000,1
1507196805,22798560,43.24,8.32441100,1
1507196805,22798559,43.24,2.26572000,1
1507196804,22798558,43.24,35.11957900,1
1507196796,22798546,43.24,1.64630000,1
1507196796,22798545,43.24,6.64321100,1
1507196795,22798544,43.24,1.16899200,1
1507196791,22798536,43.19,2.37343800,1
1507196790,22798534,43.19,5.49101000,1
1507196772,22798497,43.12,6.51855288,0
1507196732,22798446,43.10,1.01526747,1
1507196732,22798445,43.10,1.97354400,1
1507196731,22798443,43.11,11.02818853,1
1507196627,22798300,43.28,2.02818853,0
1507196622,22798291,43.29,9.75000000,0
1507196541,22798158,43.09,9.00000000,0
1507196522,22798102,43.10,9.00000000,0
1507196518,22798084,43.03,13.51015898,1
1507196518,22798080,43.03,18.92000000,1
1507196516,22798075,43.10,3.35870070,0
1507196493,22798044,43.04,1.48885200,1
1507196393,22797905,43.09,9.93107450,0
1507196359,22797852,43.02,4.00000000,1
1507196344,22797793,43.01,5.13419200,1
1507196342,22797788,43.01,30.43538600,1
1507196342,22797786,43.01,1.15377600,1
1507196342,22797785,43.01,23.99083800,1
1507196341,22797780,43.02,1.14930300,1
1507196336,22797755,43.02,14.09000000,0
1507196333,22797736,42.98,3.85169700,1
1507196327,22797706,43.00,94.94314900,1
1507196327,22797704,43.00,22.92165900,1
1507196324,22797691,43.02,0.11599256,0
1507196318,22797676,42.97,5.13419200,1
1507196317,22797668,42.97,1.00100000,1
1507196293,22797578,42.96,0.50000000,1
1507196290,22797569,42.97,8.18480800,1
1507196278,22797513,42.95,65.41726200,1
1507196275,22797510,42.95,2.27625000,1
1507196275,22797509,42.95,1.78810000,1
1507196274,22797508,42.95,14.34609000,1
1507196274,22797507,42.95,15.99714300,1
1507196273,22797502,42.95,5.05549000,1
1507196260,22797471,43.08,0.46309192,0
1507196248,22797443,42.92,33.84606307,0
1507196248,22797441,42.91,10.00000000,0
1507196248,22797440,42.91,0.94540596,0
1507196248,22797438,42.91,0.12358239,0
1507196244,22797429,42.89,14.75372300,1
1507196244,22797428,42.89,9.23241100,1
1507196244,22797426,42.90,1.85800000,1
1507196244,22797425,42.90,19.17200000,1
1507196231,22797378,42.89,41.46000000,1
1507196215,22797341,42.89,41.34287000,1
1507196215,22797340,42.89,1.00765200,1
1507196214,22797339,42.89,9.56651200,1
1507196214,22797337,42.89,5.88296600,1
1507196210,22797324,42.83,24.74000000,1
1507196194,22797276,42.83,15.80000000,1
1507196193,22797274,42.83,14.54000000,1
1507196190,22797267,42.82,35.46000000,0
1507196185,22797227,42.81,11.63000000,0
1507196179,22797196,42.82,24.74000000,1
1507196176,22797177,42.82,46.00000000,0
1507196176,22797176,42.81,13.82000000,0
1507196176,22797175,42.78,35.21000000,0
1507196173,22797174,42.73,2.36601864,1
1507196167,22797155,42.81,5.83733048,1
1507196166,22797147,42.81,4.18476991,0
1507196146,22797080,42.85,3.00000000,0
1507196133,22797038,42.77,0.11924000,0
1507196131,22797030,42.77,0.11628991,0
1507196075,22796956,42.80,1.64544700,1
1507196075,22796955,42.80,6.38550100,1
1507196075,22796954,42.80,7.88522700,1
1507196062,22796937,42.80,10.00000000,1
1507196053,22796925,42.80,54.19859800,1
1507196050,22796917,42.80,12.00000000,1
1507196047,22796908,42.80,7.88522700,1
1507196030,22796893,42.72,4.57000000,0
1507196028,22796887,42.71,18.61000000,1
1507196028,22796886,42.71,1.00000000,1
1507196026,22796880,42.72,11.90000000,0
1507196016,22796852,42.74,1.80000000,0
1507196012,22796844,42.75,0.89681775,1
1507195998,22796810,42.76,12.00000000,0
1507195997,22796808,42.76,2.24794600,0
1507195997,22796807,42.76,4.35149500,0
1507195995,22796802,42.76,14.60704700,1
1507195993,22796796,42.76,18.08637245,1
1507195991,22796792,42.77,0.23360000,0
1507195990,22796788,42.78,1.00000000,0
1507195964,22796628,42.76,181.91362755,1
1507195964,22796626,42.76,3.62500000,1
1507195964,22796625,42.77,29.47000000,1
1507195963,22796624,42.79,19.98319045,1
1507195948,22796583,42.78,2.00000000,1
1507195948,22796582,42.78,16.95520885,1
1507195932,22796541,42.79,2.12896100,1
1507195923,22796529,42.87,4.65500350,0
1507195887,22796409,42.80,6.14515357,0
1507195887,22796406,42.80,13.85484643,1
1507195873,22796341,42.82,26.70371600,1
1507195812,22796135,42.81,18.93127800,1
1507195808,22796110,42.80,9.95858800,1
1507195804,22796061,42.80,26.18656557,1
1507195804,22796052,42.81,3.02190632,0
1507195804,22796049,42.81,4.64926591,0
1507195803,22796041,42.81,1.00000000,1
1507194731,22795612,42.91,0.68283661,0
1507194729,22795607,42.91,0.09358100,1
1507194728,22795606,42.91,0.90641900,1
1507194716,22795585,42.91,0.10000000,1
1507194714,22795579,42.91,0.90000000,1
1507194460,22795261,42.92,2.27535916,0
1507194402,22795232,42.92,0.11626281,0
1507194353,22795175,42.92,0.64026095,0
1507194351,22795154,42.91,21.44365842,0
1507194338,22795098,42.83,0.91755174,1
1507194329,22795087,42.91,0.11628991,0
1507194145,22794841,42.82,20.00000000,1
1507193974,22794750,42.92,0.11626281,0
1507193960,22794743,42.91,2.32463295,0
1507193936,22794729,42.92,0.11626281,0
1507193731,22794648,42.90,7.90559441,0
1507193705,22794640,42.90,2.00000000,1
1507193700,22794633,42.91,2.00000000,1
1507193564,22794558,42.88,8.54749821,0
1507193557,22794546,42.87,6.33472322,0
1507193553,22794540,42.88,8.54799100,0
1507193540,22794526,42.87,1.11572000,1
1507193538,22794525,42.91,1.00000000,1
1507193506,22794502,42.93,0.11623573,0
1507193353,22794400,42.86,40.33982408,1
1507193103,22794227,42.79,2.00000000,0
1507193102,22794225,42.80,1.00000000,1
1507193102,22794224,42.81,1.00000000,1
1507193042,22794194,42.91,19.75000000,0
1507192442,22793983,43.06,3.70390791,0
1507192208,22793883,42.85,0.41907809,1
1507192206,22793866,42.91,0.57992191,1
1507192026,22793776,43.03,0.11596561,0
1507192000,22793775,42.91,8.71500000,0
1507192000,22793774,43.00,0.28500000,1
1507191998,22793772,43.01,1.00000000,1
1507191977,22793769,43.03,0.11596561,0
1507191945,22793755,43.01,1.00000000,1
1507191887,22793739,43.02,0.30000000,1
1507191877,22793735,43.03,0.11596561,0
1507191558,22793639,43.02,0.11599256,0
1507191525,22793631,42.97,8.74944600,0
1507191412,22793561,42.91,0.42007809,1
1507191257,22793469,43.01,1.00000000,1
1507191087,22793398,43.02,1.00000000,1
1507191012,22793349,43.02,1.63570000,0
1507191012,22793348,43.02,16.52410300,0
1507191012,22793347,43.02,1.00019700,0
1507190576,22793222,43.12,0.11572356,0
1507190099,22793084,43.08,0.11583101,0
1507190074,22793070,43.01,5.73610800,0
1507189770,22792980,43.02,2.55044166,0
1507189747,22792970,43.06,0.11588481,0
1507189729,22792964,42.97,0.11612753,0
1507189705,22792951,42.91,9.95720539,1
1507189702,22792950,42.78,11.04479115,1
1507189702,22792949,42.78,26.00000000,0
1507189702,22792947,42.80,0.20000000,1
1507189702,22792946,42.80,0.34000000,1
1507189701,22792945,42.85,5.16000000,1
1507189701,22792944,42.86,4.00000000,1
1507189699,22792942,42.91,1.00000000,1
1507189697,22792941,43.00,66.57240000,1
1507189569,22792914,43.01,1.00000000,1
1507189394,22792840,43.10,0.11577726,0
1507189381,22792836,42.93,8.75657996,1
1507189379,22792835,43.01,1.00000000,1
1507189182,22792713,43.09,0.11580413,0
1507189123,22792683,43.06,4.00000000,0
1507188938,22792595,43.08,7.00000000,1
1507188801,22792567,42.81,88.36710710,1
1507188800,22792566,42.81,1.00000000,1
1507188800,22792565,42.82,4.44000000,1
1507188800,22792564,42.88,22.19000000,1
1507188799,22792563,42.90,0.20000000,1
1507188799,22792562,42.90,5.00000000,1
1507188799,22792561,42.91,23.80289290,1
1507188799,22792560,42.91,1.00000000,1
1507188797,22792559,43.01,1.00000000,1
1507188776,22792552,43.04,1.20515799,0
1507188663,22792525,43.05,0.11591173,0
1507188621,22792513,43.02,10.85786052,0
1507188525,22792455,43.08,1.97440675,0
1507188308,22792380,43.06,9.31978634,0
1507188090,22792266,43.07,1.00000000,0
1507187629,22792139,43.21,2.30869342,1
1507187627,22792137,43.19,11.75999990,0
1507187410,22792059,43.19,3.89241248,1
1507187410,22792058,43.19,1.98600000,1
1507187410,22792056,43.19,5.62560778,1
1507187408,22792055,43.19,17.05000000,0
1507187408,22792054,43.18,11.75999990,0
1507187408,22792053,43.18,0.58036128,0
1507187408,22792052,43.17,0.58049571,0
1507187408,22792051,43.15,0.58076477,0
1507187408,22792050,43.12,0.46544527,0
1507187408,22792049,43.11,0.53699838,0
1507187407,22792048,43.07,0.96596747,0
1507187407,22792047,43.06,2.88947861,0
1507187154,22791984,43.01,6.90353000,0
1507187153,22791983,43.01,4.43451500,0
1507187153,22791980,43.00,1.38699100,0
1507187153,22791979,43.00,9.79300900,0
1507187105,22791943,43.04,0.62704000,0
1507186984,22791845,43.00,0.83086426,1
1507186984,22791843,43.00,0.00021679,1
1507186983,22791838,43.00,16.70957719,1
1507186982,22791835,43.00,7.81716700,1
1507186981,22791830,43.00,12.75822400,1
1507186978,22791823,43.01,9.35321495,1
1507186978,22791822,43.01,1.00000000,1
1507186889,22791754,43.07,0.11585791,0
1507186743,22791586,43.00,12.71481502,1
1507186743,22791585,43.00,1.48851146,1
1507186741,22791581,43.00,1.70941000,1
1507186733,22791554,43.01,1.00000000,1
1507186704,22791545,43.07,1.18899466,0
1507186702,22791540,43.02,14.99992260,1
1507186697,22791530,43.02,14.99987076,1
1507186693,22791526,43.02,14.99990517,1
1507186471,22791432,43.08,48.00000000,0
1507186334,22791324,43.10,0.11577726,0
1507186282,22791304,43.00,6.80207854,1
1507186282,22791303,43.00,3.19792146,1
1507186036,22791046,43.00,2.80207854,1
1507186036,22791045,43.00,4.11735523,1
1507186036,22791044,43.00,8.16837207,1
1507186035,22791043,43.00,0.20000000,1
1507186035,22791041,43.00,0.37000000,1
1507186035,22791040,43.00,0.34000000,1
1507186035,22791039,43.00,6.12608218,1
1507186035,22791037,43.01,35.94000000,1
1507186035,22791036,43.01,1.00000000,1
1507185897,22790998,43.11,0.04430526,0
1507185896,22790997,43.02,1.00000000,0
1507185883,22790995,43.01,5.78173599,1
1507185881,22790994,43.03,1.16012085,0
1507185725,22790936,43.01,0.98681400,1
1507185719,22790925,43.01,1.23145001,1
1507185640,22790867,43.00,1.95000000,1
1507185637,22790863,43.00,14.84461200,1
1507185637,22790862,43.00,2.00000000,1
1507185637,22790861,43.00,5.80710000,1
1507185636,22790859,43.01,1.00000000,1
1507185518,22790757,43.11,1.00000000,1
1507185510,22790753,43.12,0.11572356,0
1507185459,22790738,43.11,1.00000000,1
1507185222,22790665,43.12,1.00070000,1
1507185086,22790604,43.12,0.92737000,0
1507184913,22790492,43.20,0.11550926,0
1507184642,22790365,43.21,3.46378153,0
1507184597,22790349,43.20,18.25041878,0
1507184484,22790294,43.19,1.73929150,1
1507184272,22790179,43.22,11.54326701,0
1507184211,22790156,43.16,0.11561631,0
1507184106,22790105,43.01,0.40983102,1
1507184106,22790104,43.01,0.59585898,1
1507184105,22790101,43.17,0.23094742,0
1507184095,22790092,43.01,3.26118000,1
1507183954,22790050,43.01,6.14296102,1
1507183954,22790049,43.01,6.00000000,1
1507183954,22790048,43.01,2.00000000,1
1507183954,22790047,43.01,1.00000000,1
1507183953,22790046,43.02,29.09000000,0
1507183952,22790045,43.02,10.00000000,1
1507183911,22789999,43.03,0.39971696,1
1507183911,22789998,43.03,1.16128283,1
1507183911,22789997,43.05,0.95000000,1
1507183910,22789996,43.06,0.00000021,1
1507183908,22789992,43.07,9.95214000,1
1507183869,22789969,43.07,4.91011610,0
1507183829,22789915,43.14,9.25173853,0
1507183812,22789880,43.06,29.11345500,1
1507183812,22789879,43.06,37.00562700,1
1507183811,22789878,43.06,7.73691500,1
1507183770,22789850,43.06,9.41565900,1
1507183658,22789787,43.11,1.00000000,1
1507183642,22789768,43.13,0.11569673,0
1507183505,22789695,43.14,0.55633000,0
1507183374,22789613,43.06,4.15014000,1
1507183120,22789541,43.06,5.55567277,1
1507183118,22789538,43.06,5.55471300,1
1507183090,22789502,43.06,23.90404400,1
1507182831,22789286,43.06,1.81505600,1
1507182800,22789277,43.18,42.00388802,0
1507182800,22789276,43.17,16.06000000,0
1507182799,22789275,43.13,1.00000000,0
1507182576,22789197,43.06,25.00000000,1
1507182444,22789152,43.06,10.99999500,1
1507182204,22789070,43.17,22.45191105,0
1507182173,22789065,43.06,5.89967488,1
1507182169,22789060,43.06,14.25797500,1
1507182146,22789044,43.06,3.00000000,1
1507182138,22789039,43.11,1.00000000,1
1507181990,22789004,43.20,0.11550926,0
1507181742,22788866,43.17,21.09705814,0
1507181741,22788865,43.16,2.01204820,0
1507181720,22788855,43.21,2.60609709,0
1507181720,22788854,43.21,2.01088972,0
1507181226,22788606,43.06,1.59107314,1
1507180530,22788249,43.08,0.99977400,1
1507180402,22788213,43.22,9.65497849,0
1507180402,22788211,43.22,0.83590551,0
1507180157,22788136,43.22,1.15409533,0
1507179905,22788021,43.27,0.41600000,0
1507179873,22787989,43.12,5.68887800,0
1507179495,22787835,43.11,20.98034505,0
1507179495,22787834,43.11,1.00000000,1
1507179415,22787794,43.28,7.53495090,0
1507178590,22787482,43.21,1.00000000,1
1507178589,22787481,43.22,1.00070000,1
1507178582,22787479,43.25,0.11537572,0
1507178281,22787308,43.24,2.22560000,1
1507178280,22787306,43.24,4.77440000,1
1507178211,22787272,43.25,4.73780346,0
1507178209,22787271,43.24,18.33000000,0
1507178155,22787246,43.22,1.26339600,0
1507178139,22787225,43.21,10.00000000,0
1507178132,22787223,43.14,4.00000000,1
1507178098,22787208,43.22,59.24000000,0
1507178073,22787201,43.21,0.25023000,0
1507177974,22787155,43.20,0.11550926,0
1507177680,22787087,43.07,5.13295628,1
1507177577,22787025,43.23,2.30742540,0
1507177498,22787004,43.07,1.00000000,1
1507177460,22786987,43.06,15.00000000,1
1507177258,22786756,43.08,3.00000000,1
1507177039,22786556,43.12,1.00000000,0
1507177033,22786553,43.11,104.00000000,0
1507177033,22786551,43.07,38.66000000,1
1507177031,22786548,43.07,15.00000000,1
1507177030,22786547,43.10,0.20000000,1
1507177002,22786522,43.11,1.00000000,1
1507177001,22786521,43.17,6.99000000,0
1507176596,22786116,43.25,5.42030000,0
1507176191,22785788,43.21,1.00000000,1
1507176190,22785787,43.22,2.81000000,0
1507175566,22785541,43.25,1.69124100,0
1507175490,22785517,43.27,0.11532239,0
1507175110,22785413,43.21,1.00000000,1
1507175102,22785408,43.22,2.30000000,1
1507175059,22785378,43.23,1.00000000,0
1507175006,22785356,43.28,0.09242144,0
1507175005,22785355,43.27,0.12000000,0
1507175005,22785354,43.26,0.12000000,0
1507175005,22785353,43.26,0.12000000,0
1507175005,22785352,43.25,0.12000000,0
1507175003,22785351,43.24,0.12000000,0
1507174773,22785200,43.21,1.00000000,1
1507174701,22785129,43.24,0.11537572,0
1507174283,22784849,43.20,0.29761700,0
1507174252,22784756,43.15,39.70947300,0
1507174248,22784747,43.13,20.36800000,1
1507174248,22784746,43.14,59.60000000,1
1507174240,22784725,43.20,0.20000000,1
1507174240,22784724,43.21,1.00000000,1
1507174209,22784650,43.27,5.16573659,0
1507174207,22784643,43.27,0.11532239,0
1507174150,22784570,43.36,18.35000000,0
1507174040,22784464,43.23,1.00000000,0
1507173998,22784432,43.24,37.40000000,0
1507173998,22784431,43.24,1.00000000,0
1507173995,22784423,43.24,1.00000000,0
1507173970,22784415,43.25,1.73836600,0
1507173941,22784394,43.29,6.99600000,0
1507173858,22784328,43.30,0.20000000,1
1507173853,22784320,43.31,1.00000000,1
1507173832,22784301,43.41,1.00000000,1
1507173832,22784299,43.43,1.00000000,1
1507173800,22784268,43.51,1.00000000,1
1507173149,22783856,43.64,0.11434464,0
1507172573,22783668,43.64,0.11434464,0
1507172142,22783504,43.62,0.11439707,0
1507172080,22783467,43.59,10.06882312,0
1507171674,22783153,43.37,0.78400000,1
1507171672,22783152,43.41,1.00000000,1
1507171570,22783074,43.61,0.11442330,0
1507171469,22782990,43.63,0.20000000,0
1507171296,22782778,43.39,86.86417474,0
1507171295,22782777,43.39,7.93977410,1
1507171295,22782776,43.41,1.00000000,1
1507171295,22782775,43.42,34.83000000,1
1507171293,22782774,43.51,1.00000000,1
1507170203,22782074,43.69,0.11421378,0
1507170023,22781899,43.63,30.98063000,1
1507169944,22781821,43.71,0.11416152,0
1507169790,22781676,43.64,8.92979100,1
1507169665,22781609,43.65,39.96824900,0
1507169643,22781587,43.63,16.80175100,1
1507168201,22781111,43.65,2.53169000,1
1507166772,22780401,43.63,11.17206355,1
1507164213,22779185,43.62,9.87017700,1
1507164145,22779170,43.66,5.35000000,1
1507164145,22779169,43.66,26.80000000,1
1507163866,22779090,43.57,15.00000000,1
1507163447,22778907,43.55,12.46000000,0
1507163445,22778906,43.55,10.48831202,0
1507163444,22778905,43.54,6.01992293,0
1507163416,22778896,43.59,19.68517600,0
1507162903,22778675,43.55,3.63380990,1
1507162676,22778628,43.57,0.73920300,0
1507162350,22778475,43.62,0.25000000,0
1507162349,22778474,43.38,8.01911515,1
1507162349,22778473,43.38,38.14000000,1
1507162349,22778472,43.38,20.00000000,0
1507162349,22778471,43.38,15.00000000,0
1507162349,22778470,43.38,17.71620501,0
1507162348,22778469,43.38,3.01266600,0
1507162348,22778468,43.38,12.48651600,0
1507162348,22778467,43.38,50.00000000,0
1507162348,22778466,43.38,0.73734400,0
1507162347,22778464,43.46,18.64300000,0
1507162347,22778463,43.46,11.50266584,0
1507162347,22778462,43.46,4.74248800,0
1507162344,22778459,43.46,25.00000000,0
1507162340,22778447,43.62,0.50000000,0
