date,tid,price,amount,type
1507247889,22838203,51.74,1.35833011,0
1507247859,22838198,51.60,1.37000000,1
1507247653,22838113,51.53,1.00000000,1
1507246831,22837830,51.63,13.00000000,0
1507246818,22837828,51.64,15.25000000,0
1507246805,22837809,51.65,35.00000000,0
1507246351,22837526,51.39,8.65000000,0
1507246328,22837504,51.49,15.48000000,1
1507246164,22837326,51.73,1.00000000,0
1507245893,22837239,51.79,168.80973570,1
1507245892,22837238,51.79,58.91000000,1
1507245892,22837237,51.79,59.35074123,0
1507245613,22837081,51.60,0.20000000,1
1507245586,22837037,51.75,0.96272609,1
1507245586,22837036,51.75,0.96205218,1
1507245469,22836973,51.89,16.27181660,0
1507245464,22836967,51.75,0.00067391,0
1507245459,22836963,51.75,0.96272609,0
1507245091,22836812,51.59,0.49000000,1
1507245090,22836810,51.60,1.51000000,1
1507244974,22836727,51.59,18.83330000,1
1507244403,22836454,51.88,1.50000000,0
1507244400,22836451,51.90,1.50000000,0
1507244261,22836396,51.89,0.40000000,1
1507244189,22836350,51.86,0.25938371,1
1507243967,22836300,51.63,0.99900000,1
1507243571,22835871,51.79,6.00000000,0
1507243563,22835813,51.66,220.98423000,0
1507242482,22835123,51.48,0.96618000,1
1507242283,22835001,51.46,19.76086411,1
1507242283,22835000,51.47,38.21014589,1
1507241304,22834521,51.45,1.73710000,0
1507241171,22834489,51.47,12.85112270,1
1507241171,22834488,51.48,1.75168540,1
1507241035,22834411,51.47,9.89000000,1
1507241035,22834408,51.48,33.11000000,1
1507241030,22834391,51.51,36.99676500,1
1507240987,22834290,51.51,4.19009900,1
1507240941,22834228,51.57,2.50000000,0
1507240361,22833805,51.45,0.00878232,0
1507240314,22833777,51.45,7.61832000,0
1507240313,22833776,51.45,9.07576000,0
1507240237,22833721,51.44,17.34985000,0
1507240235,22833717,51.46,2.00000000,1
1507240191,22833702,51.51,1.84014000,0
1507240068,22833636,51.51,2.41594980,1
1507239904,22833516,51.49,0.60176501,1
1507239821,22833449,51.50,8.43539090,1
1507239414,22833254,51.56,0.31458495,0
1507239363,22833238,51.49,0.30316823,1
1507239313,22833175,51.55,2.66876557,0
1507239223,22833124,51.51,8.90000000,1
1507238842,22832878,51.55,36.01140000,1
1507238836,22832867,51.56,50.00000000,1
1507238530,22832669,51.47,10.11456850,1
1507238529,22832668,51.52,3.54690000,1
1507238529,22832667,51.52,3.54690000,1
1507238529,22832666,51.52,3.54690000,1
1507238529,22832665,51.53,0.15000000,1
1507238529,22832664,51.54,42.21000000,0
1507238527,22832663,51.58,2.32473150,1
1507238506,22832656,51.80,51.87646983,1
1507238506,22832655,51.80,50.00000000,1
1507238505,22832650,51.80,9.14218200,1
1507238504,22832647,51.80,65.00000000,1
1507238504,22832646,51.80,1.07152600,1
1507238503,22832645,51.80,9.12142858,1
1507238502,22832643,51.80,50.00000000,1
1507238501,22832642,51.80,4.18000000,1
1507238501,22832641,51.80,20.00000000,0
1507238501,22832640,51.80,161.67864631,0
1507238501,22832639,51.78,34.91300000,0
1507238500,22832638,51.78,39.46981216,0
1507238500,22832637,51.76,3.54693512,0
1507238165,22832461,51.65,19.77291000,1
1507238164,22832460,51.65,3.54709000,1
1507238073,22832405,51.71,5.01682460,1
1507238007,22832356,51.50,2.28316664,0
1507238007,22832355,51.65,0.19836336,1
1507238007,22832354,51.65,0.15000000,0
1507238005,22832353,51.66,0.15000000,1
1507237928,22832220,51.66,1.88099946,1
1507237924,22832216,51.66,0.00000054,1
1507237924,22832215,51.66,1.88100000,1
1507237924,22832214,51.66,1.87966261,1
1507237923,22832213,51.66,0.00133739,1
1507237923,22832212,51.66,1.87985361,1
1507237918,22832193,51.66,0.00114639,1
1507237918,22832192,51.66,1.88100000,1
1507237918,22832191,51.66,0.00004761,1
1507237914,22832187,51.66,1.88095239,0
1507237891,22832179,51.65,19.10285576,1
1507237891,22832178,51.66,0.15000000,1
1507237836,22832167,51.78,41.67900000,0
1507237836,22832166,51.77,35.81100000,0
1507237836,22832165,51.77,21.00000000,0
1507237836,22832164,51.77,1.51000000,0
1507237708,22832097,51.78,30.00000000,0
1507237601,22832034,51.78,4.07245075,0
1507237564,22832016,51.79,3.47477710,0
1507237563,22832014,51.59,0.00047058,0
1507236957,22831598,51.59,39.99952942,0
1507236635,22831268,51.80,56.63381814,0
1507236549,22831206,51.80,160.44208494,0
1507236549,22831205,51.79,9.63000000,1
1507236548,22831199,51.77,8.65000000,1
1507236547,22831198,51.77,13.91896870,0
1507236525,22831181,51.53,0.65000000,1
1507236502,22831114,51.53,1.36056270,0
1507236498,22831107,51.53,1.69150890,0
1507236497,22831106,51.53,6.40251600,0
1507236494,22831104,51.54,1.87541240,1
1507236494,22831103,51.58,27.17000000,1
1507236237,22830878,51.47,5.34104610,1
1507236235,22830877,51.50,2.65895390,1
1507236228,22830869,51.51,8.00000000,1
1507236185,22830845,51.53,10.00000000,1
1507235729,22830371,51.51,44.72576630,1
1507235729,22830370,51.52,2.94423370,1
1507235729,22830369,51.59,13.60000000,1
1507235728,22830368,51.59,5.05000000,1
1507235728,22830366,51.59,5.05000000,1
1507235728,22830364,51.59,5.05000000,1
1507235728,22830363,51.59,5.05000000,1
1507235728,22830362,51.59,3.03000000,1
1507235728,22830361,51.67,15.30000000,1
1507235726,22830355,51.68,1.20000000,1
1507235677,22830311,51.65,0.90000000,0
1507235675,22830310,51.65,2.10000000,1
1507235674,22830305,51.80,1.14594249,0
1507235673,22830303,51.79,7.26768000,0
1507235587,22830240,51.79,3.26086117,0
1507235585,22830238,51.70,1.17095009,0
1507235449,22830051,51.60,3.29553473,1
1507235449,22830050,51.60,1.21550000,1
1507235279,22829820,51.63,1.35488000,1
1507235279,22829819,51.63,9.00000000,1
1507235103,22829537,51.61,12.31148134,0
1507234934,22829390,51.77,0.59725710,0
1507234765,22829296,51.61,0.25000000,1
1507234747,22829285,51.80,120.09950812,0
1507234747,22829284,51.80,0.11760000,0
1507234747,22829283,51.80,0.11760000,0
1507234747,22829282,51.80,0.11760000,0
1507234746,22829281,51.80,0.11760000,0
1507234746,22829280,51.79,13.13000000,0
1507234746,22829279,51.79,45.18460485,0
1507234746,22829278,51.78,4.76979529,0
1507234675,22829236,51.61,1.00000000,1
1507234657,22829223,51.77,6.74367394,0
1507234563,22829173,51.60,0.53450000,1
1507234421,22829099,51.75,0.33433802,0
1507234337,22829038,51.78,8.54464600,1
1507234275,22829010,51.78,40.00000000,0
1507234006,22828768,51.59,1.75000000,1
1507233915,22828728,51.77,6.72000010,1
1507233915,22828727,51.75,17.63999990,0
1507233915,22828726,51.74,15.64000000,0
1507233693,22828585,51.59,15.00000000,1
1507233569,22828486,51.60,2.00000000,1
1507233565,22828478,51.73,0.00057993,1
1507233564,22828477,51.73,1.99942007,1
1507233427,22828307,51.76,20.44899381,0
1507233390,22828219,51.74,2.00000000,0
1507233385,22828217,51.70,9.31000000,0
1507232631,22827550,51.61,33.00000000,0
1507232519,22827430,51.45,0.00000500,0
1507232503,22827417,51.45,7.28967200,0
1507231743,22827078,51.35,96.63332820,0
1507231741,22827076,51.36,3.36667180,1
1507231496,22826867,51.33,13.00000000,1
1507230730,22826347,51.45,10.00000000,0
1507230685,22826327,51.34,0.78478880,1
1507230683,22826326,51.35,1.21521120,1
1507230631,22826298,51.58,4.23516867,1
1507230603,22826234,51.57,3.86852821,0
1507230482,22826168,51.35,63.28385830,1
1507230482,22826167,51.36,44.16000000,1
1507230481,22826165,51.40,12.99000000,0
1507230481,22826163,51.40,77.76156020,0
1507230480,22826162,51.40,1.80458150,1
1507229914,22825689,51.45,27.58697763,1
1507229912,22825687,51.45,11.20651637,1
1507229910,22825682,51.45,11.20650600,1
1507229398,22825199,51.59,5.73832138,0
1507228887,22824830,51.41,0.75000000,1
1507228878,22824825,51.59,10.21134474,1
1507228875,22824823,51.59,2.94583300,0
1507228834,22824781,51.59,11.14369900,1
1507228832,22824778,51.59,11.14083912,1
1507228832,22824777,51.59,26.23083900,1
1507228830,22824776,51.59,10.72511980,0
1507228432,22824236,51.33,4.08000000,1
1507227571,22823574,51.48,16.72183372,0
1507227569,22823570,51.40,0.00000546,0
1507227537,22823517,51.40,2.85626000,0
1507227341,22823291,51.31,0.64549000,0
1507226385,22822810,51.23,10.00000000,1
1507225869,22822516,51.28,20.00000000,1
1507225512,22822351,51.24,2.03742181,1
1507225147,22822174,51.25,4.52038134,1
1507224873,22822089,51.28,10.35019455,1
1507224534,22821901,51.28,2.78158470,0
1507224532,22821899,51.28,7.21822030,0
1507224379,22821816,51.25,1.48000000,1
1507224308,22821800,51.50,3.71087378,0
1507224308,22821799,51.49,6.80417260,0
1507224306,22821797,51.48,70.86369812,0
1507224090,22821664,51.44,11.39210730,0
1507224088,22821661,51.40,0.05000000,0
1507224078,22821660,51.40,0.30000000,0
1507223948,22821622,51.23,0.22714000,1
1507223773,22821515,51.45,5.04367061,1
1507223675,22821482,51.22,4.91209800,0
1507223675,22821480,51.24,3.59235500,1
1507223670,22821479,51.41,5.82143552,0
1507223472,22821405,51.20,7.54963790,1
1507223472,22821404,51.21,35.44000000,1
1507223472,22821403,51.25,7.01036210,1
1507223472,22821402,51.25,30.00000000,1
1507223118,22821227,51.22,4.49015700,0
1507223118,22821226,51.22,2.70901389,0
1507223118,22821224,51.22,0.93617988,0
1507223118,22821222,51.22,19.15010000,0
1507223115,22821221,51.22,0.84990000,0
1507223099,22821210,51.45,89.22699722,0
1507223098,22821208,51.41,16.98786520,0
1507223098,22821207,51.39,19.52000000,0
1507223098,22821206,51.38,23.66000000,1
1507223098,22821205,51.30,3.33140000,0
1507223097,22821204,51.29,7.27373758,0
1507222991,22821153,51.29,1.39461883,0
1507222990,22821152,51.27,3.02107400,0
1507222990,22821151,51.27,5.64343200,0
1507222990,22821150,51.27,17.93733949,0
1507222733,22820949,51.22,0.35428100,1
1507222733,22820948,51.22,1.00253700,1
1507222718,22820942,51.22,2.93799900,1
1507222692,22820936,51.27,3.47280897,0
1507222649,22820919,51.22,5.99771300,1
1507222633,22820908,51.27,0.21396528,0
1507222525,22820872,51.22,8.58254900,1
1507222525,22820871,51.22,8.43567200,1
1507222451,22820839,51.22,22.90060000,1
1507222450,22820837,51.23,17.09940000,1
1507222080,22820607,51.27,0.67636274,0
1507222033,22820591,51.22,8.43567200,1
1507222029,22820587,51.22,1.35297700,1
1507222027,22820586,51.27,10.22870000,0
1507221996,22820574,51.23,8.66835700,1
1507221995,22820567,51.23,8.66835700,0
1507221994,22820565,51.23,5.41449817,1
1507221994,22820564,51.25,3.02134383,1
1507221993,22820560,51.27,8.66860000,0
1507221992,22820556,51.28,5.35120906,0
1507221992,22820554,51.25,2.50412927,1
1507221992,22820553,51.27,24.56000000,1
1507221992,22820551,51.28,2.83000000,1
1507221992,22820549,51.28,2.52136373,1
1507221991,22820546,51.29,2.47573728,1
1507221991,22820545,51.29,6.19286272,1
1507221963,22820529,51.31,5.73050000,1
1507221963,22820528,51.31,2.93810000,1
1507221940,22820522,51.28,0.30863627,1
1507221940,22820521,51.28,2.83000000,1
1507221940,22820520,51.28,2.59193935,1
1507221939,22820519,51.30,2.78800000,1
1507221939,22820518,51.30,0.15003438,1
1507221819,22820472,51.29,2.78806562,0
1507221818,22820470,51.29,2.93800000,0
1507221817,22820468,51.29,0.00010038,1
1507221817,22820467,51.29,2.93799962,1
1507221672,22820351,51.35,9.31956600,0
1507221659,22820342,51.28,0.23806065,1
1507221519,22820275,51.35,0.58201125,0
1507221464,22820254,51.35,20.00000000,0
1507221328,22820187,51.26,0.23600000,1
1507221249,22820145,51.50,1.88438821,0
1507221147,22820084,51.37,0.90514579,0
1507221145,22820083,51.55,1.34485421,1
1507221132,22820078,51.53,2.23000000,0
1507221129,22820076,51.62,0.26905348,0
1507221080,22820064,51.51,0.53883153,0
1507220951,22819950,51.21,2.50000000,0
1507220946,22819945,51.20,0.50000000,1
1507220944,22819940,51.41,8.15854998,0
1507220933,22819934,51.35,15.35000000,0
1507220933,22819933,51.34,2.14096700,0
1507220933,22819932,51.25,14.35048302,0
1507220912,22819927,51.25,3.11446600,0
1507220883,22819904,51.18,4.96000000,1
1507220738,22819806,51.37,3.12640000,0
1507220730,22819802,51.30,10.00000000,1
1507220730,22819801,51.30,57.95927375,1
1507220721,22819797,51.31,0.12722801,1
1507220719,22819792,51.31,3.46688807,1
1507220718,22819791,51.31,6.31406800,1
1507220717,22819787,51.31,18.58950800,1
1507220713,22819772,51.32,1.47824802,1
1507220706,22819767,51.37,6.39159370,0
1507220686,22819754,51.32,1.52175198,1
1507220686,22819752,51.32,6.67800188,1
1507220686,22819751,51.33,0.28396214,1
1507220643,22819726,51.37,40.00000000,0
1507220625,22819706,51.33,4.50000000,1
1507220586,22819683,51.33,0.09800000,1
1507220553,22819656,51.35,2.86000000,1
1507220553,22819655,51.35,7.14000000,1
1507220146,22819338,51.47,0.64512600,1
1507220144,22819337,51.43,4.44013130,0
1507220139,22819334,51.43,1.70474270,0
1507220138,22819333,51.43,13.21000000,0
1507220124,22819318,51.42,14.91474270,0
1507220113,22819307,51.33,2.86000000,1
1507220113,22819306,51.35,7.14000000,1
1507220111,22819305,51.33,0.41409500,1
1507220111,22819304,51.34,6.72590000,1
1507220040,22819251,51.33,6.72594286,1
1507220003,22819241,51.32,2.96729812,1
1507220003,22819240,51.32,0.88162688,1
1507220003,22819239,51.32,4.63479130,1
1507219994,22819232,51.32,6.39828182,1
1507219933,22819198,51.32,3.00000000,1
1507219694,22818938,51.31,0.60171818,1
1507219668,22818905,51.31,5.93123000,1
1507219651,22818887,51.31,34.96935974,1
1507219651,22818886,51.31,14.55997182,1
1507219651,22818884,51.32,0.00019485,1
1507219651,22818881,51.32,9.99980515,1
1507219594,22818823,51.31,0.00001818,1
1507219594,22818822,51.33,0.60170000,1
1507219594,22818821,51.33,6.45838182,1
1507219594,22818820,51.34,2.93990000,1
1507219397,22818491,51.33,2.93991818,1
1507219370,22818470,51.31,0.60170000,1
1507219370,22818469,51.32,9.39830000,1
1507219175,22818269,51.31,9.39831000,1
1507218972,22817995,51.30,6.39000000,1
1507218944,22817975,51.30,7.75289732,1
1507218944,22817974,51.31,1.80775960,1
1507218932,22817960,51.51,1.50067948,0
1507218860,22817905,51.31,0.43934308,1
1507218833,22817891,51.30,9.56065692,1
1507218793,22817827,51.30,0.43934308,1
1507218608,22817701,51.30,45.44993545,1
1507218566,22817626,51.35,14.70578320,1
1507218566,22817624,51.42,0.14580000,1
1507218566,22817623,51.42,0.65390000,1
1507218566,22817621,51.42,9.05453522,1
1507218563,22817608,51.38,0.14576478,0
1507218562,22817602,51.38,0.65393522,1
1507218562,22817600,51.41,9.00000000,1
1507218562,22817599,51.41,0.20030000,1
1507218559,22817587,51.41,0.59940000,1
1507218559,22817585,51.41,8.40060000,1
1507218558,22817578,51.40,0.79970000,0
1507218556,22817576,51.40,9.20030000,1
1507218434,22817358,51.48,7.07847708,0
1507218432,22817355,51.48,0.99902874,0
1507218430,22817352,51.44,10.90646600,0
1507218336,22817202,51.44,9.98601309,0
1507218306,22817187,51.39,2.23674246,1
1507218250,22817147,51.38,3.37446478,1
1507218247,22817143,51.39,5.82570000,1
1507218247,22817142,51.39,0.00014278,1
1507218244,22817138,51.39,4.02841020,1
1507218241,22817133,51.39,5.82564702,1
1507218239,22817128,51.35,5.89930000,1
1507218239,22817127,51.36,2.95490000,1
1507218239,22817126,51.37,0.85420060,1
1507218239,22817125,51.38,0.14580000,1
1507218226,22817115,51.44,0.95912300,0
1507218223,22817113,51.37,0.14579940,1
1507218204,22817101,51.36,1.00000000,1
1507218176,22817091,51.35,1.97984377,1
1507218175,22817089,51.36,1.19379549,1
1507218175,22817086,51.36,5.82616600,1
1507218171,22817066,51.37,20.84011468,0
1507218171,22817064,51.37,5.35570220,1
1507218171,22817061,51.37,1.97510000,1
1507218114,22816978,51.56,7.37368727,0
1507218114,22816977,51.55,29.39954410,0
1507218012,22816894,51.55,3.16835268,0
1507217949,22816837,51.36,6.51290000,1
1507217949,22816836,51.36,1.97510000,1
1507217918,22816815,51.35,1.97507303,1
1507217716,22816621,51.42,0.00000005,0
1507217714,22816620,51.42,54.61849800,0
1507217474,22816235,51.48,100.00000000,1
1507217454,22816196,51.35,30.94672774,1
1507217433,22816168,51.30,10.00000000,1
1507217416,22816152,51.47,3.22676863,0
1507217193,22815826,51.30,7.00000000,1
1507217170,22815817,51.30,3.00000000,1
1507217097,22815778,51.30,13.87755813,1
1507217093,22815775,51.30,10.00000000,1
1507216881,22815684,51.30,11.00000000,1
1507216536,22815519,51.22,10.00000000,1
1507216416,22815426,51.33,7.71670000,1
1507216273,22815322,51.27,2.28329984,1
1507216273,22815321,51.44,0.00000016,1
1507216165,22815228,51.44,16.59141100,1
1507216132,22815213,51.44,28.64075900,1
1507216091,22815196,51.44,37.25304300,1
1507216087,22815194,51.44,45.23217000,1
1507215962,22815082,51.44,1.66671700,1
1507215951,22815064,51.44,7.21092500,1
1507215950,22815062,51.44,15.44089000,1
1507215940,22815052,51.44,16.70159410,1
1507215939,22815047,51.44,16.68954122,1
1507215938,22815039,51.44,5.70260802,1
1507215936,22815037,51.41,4.29200000,0
1507215935,22815036,51.41,2.42328313,0
1507215935,22815035,51.40,2.15505837,0
1507215924,22815026,51.41,3.23471687,0
1507215924,22815024,51.40,1.07240673,0
1507215923,22815023,51.40,1.02896288,0
1507215923,22815022,51.39,2.15528313,0
1507215920,22815018,51.40,1.72863039,0
1507215920,22815017,51.40,5.39000000,0
1507215913,22815013,51.40,5.39000000,0
1507215904,22815002,51.41,1.09800000,0
1507215903,22815001,51.41,6.75600000,0
1507215903,22814999,51.41,6.75600000,0
1507215898,22814958,51.40,5.39000000,1
1507215881,22814941,51.40,14.61000000,1
1507215505,22814717,51.31,4.12292433,1
1507215503,22814714,51.31,0.95400000,1
1507215408,22814668,51.31,0.36499818,1
1507215333,22814605,51.31,0.36491506,1
1507215333,22814604,51.31,9.27008676,1
1507215324,22814595,51.31,0.36499818,1
1507215224,22814549,51.31,6.41525800,1
1507215172,22814490,51.32,4.33429600,0
1507215161,22814482,51.31,15.22518645,1
1507215161,22814480,51.34,19.07060055,1
1507215147,22814472,51.34,7.80801820,1
1507215102,22814451,51.34,2.93115726,1
1507215078,22814433,51.34,0.29199999,1
1507215053,22814416,51.34,0.29220000,1
1507215041,22814405,51.35,9.07849630,1
1507215039,22814404,51.34,19.60602400,1
1507215039,22814402,51.34,1.31405400,1
1507215026,22814392,51.34,14.84578200,1
1507215025,22814390,51.34,12.44647200,1
1507215025,22814388,51.34,4.23700200,1
1507215013,22814375,51.34,4.23549500,1
1507215008,22814362,51.34,4.23524400,1
1507215006,22814359,51.35,0.23367400,0
1507214987,22814343,51.34,5.44749300,1
1507214983,22814335,51.34,0.23500000,1
1507214931,22814299,51.34,3.00345800,1
1507214927,22814295,51.35,7.05503799,1
1507214823,22814238,51.35,20.00000000,1
1507214699,22814115,51.35,9.70874000,1
1507214609,22814075,51.35,13.23622201,1
1507214599,22814072,51.45,39.70263265,0
1507214413,22813914,51.24,34.50407573,0
1507214412,22813913,51.26,11.91694170,1
1507213725,22813500,51.23,1.00000000,1
1507213532,22813313,51.40,17.19051500,0
1507213464,22813278,51.17,1.37278181,1
1507213302,22813185,51.26,1.87431773,1
1507213298,22813182,51.26,6.19156294,1
1507213234,22813151,51.26,0.13592000,1
1507213193,22813124,51.26,2.15450821,1
1507213117,22813075,51.16,30.02402100,1
1507213116,22813074,51.20,170.00000000,1
1507213116,22813073,51.21,7.96000000,1
1507213116,22813072,51.23,113.00000000,1
1507213116,22813071,51.23,97.00000000,0
1507213115,22813070,51.25,100.00000000,1
1507213115,22813069,51.26,39.77000000,1
1507213115,22813067,51.30,50.00000000,1
1507213115,22813065,51.31,10.71207900,1
1507213113,22813064,51.40,50.00000000,1
1507213113,22813063,51.40,4.19390000,1
1507213057,22812906,51.40,1.65392885,1
1507212993,22812679,51.40,4.15217115,1
1507212953,22812662,51.41,4.19390000,1
1507212953,22812661,51.41,1.65392885,1
1507212930,22812649,51.37,0.95912300,0
1507212928,22812647,51.38,20.00000000,1
1507212910,22812621,51.50,2.06073885,1
1507212910,22812620,51.50,2.09143230,1
1507212894,22812585,51.50,37.00172744,1
1507212890,22812582,51.50,2.06073885,1
1507212852,22812533,51.60,29.99884632,1
1507212838,22812524,51.60,16.24262700,1
1507212832,22812519,51.60,1.57076700,1
1507212832,22812518,51.60,28.42906000,1
1507212796,22812497,51.60,19.89960800,1
1507212785,22812490,51.60,0.36620500,1
1507212777,22812488,51.60,1.16706700,1
1507212759,22812475,51.60,3.78709000,1
1507212741,22812458,51.60,81.40297900,1
1507212741,22812457,51.62,57.07000000,1
1507212734,22812456,51.62,15.05000000,1
1507212733,22812453,51.62,10.00000000,1
1507212732,22812452,51.62,17.88000000,0
1507212728,22812449,51.60,40.00000000,1
1507212723,22812442,51.60,5.91832700,1
1507212713,22812436,51.60,9.80582600,1
1507212712,22812434,51.60,28.50000000,1
1507212711,22812433,51.60,6.52985900,1
1507212710,22812432,51.60,10.30802100,1
1507212680,22812416,51.60,156.68600000,1
1507212671,22812407,51.60,3.14100300,1
1507212662,22812395,51.60,8.25486900,1
1507212659,22812391,51.60,70.57589600,1
1507212658,22812390,51.60,4.57892500,1
1507212649,22812386,51.60,213.00000000,1
1507212627,22812379,51.60,170.93451700,1
1507212496,22812322,51.60,49.74828000,1
1507212487,22812314,51.60,0.47226200,1
1507212482,22812310,51.60,9.40894700,1
1507212479,22812305,51.60,14.55600000,1
1507212465,22812300,51.60,14.36783800,1
1507212446,22812285,51.60,20.00000000,1
1507212437,22812284,51.60,160.85200000,1
1507212429,22812282,51.60,0.50000000,1
1507212423,22812281,51.60,0.33893604,1
1507212401,22812274,51.60,3.39508800,1
1507212384,22812271,51.60,988.15781022,1
1507212341,22812235,51.60,129.56950300,1
1507212341,22812233,51.60,48.26192200,1
1507212331,22812219,51.60,6.72338200,1
1507212327,22812218,51.60,167.39300000,1
1507212327,22812217,51.60,20.00000000,1
1507212293,22812205,51.60,7.60600000,1
1507212260,22812142,51.60,0.76286700,1
1507212226,22812095,51.60,25.83486300,1
1507212086,22811959,51.61,20.05586500,1
1507212074,22811953,51.61,3.12109000,0
1507212069,22811939,51.61,4.00000000,0
1507212053,22811920,51.60,8.50000000,1
1507212022,22811908,51.60,175.92300000,1
1507212008,22811895,51.61,12.87891000,0
1507212002,22811866,51.60,1.98972700,1
1507211974,22811826,51.60,170.45227100,1
1507211971,22811824,51.60,3.69372900,1
1507211901,22811774,51.60,20.37625900,1
1507211888,22811768,51.60,0.50000000,1
1507211872,22811754,51.60,7.40138500,1
1507211866,22811738,51.60,19.50312400,1
1507211865,22811737,51.60,1.00000000,1
1507211860,22811731,51.60,1.75000000,1
1507211858,22811725,51.60,0.25000000,1
1507211854,22811720,51.60,64.55234622,1
1507211853,22811719,51.62,41.69339178,1
1507211835,22811702,51.62,3.00000000,1
1507211831,22811687,51.66,50.00000000,0
1507211829,22811685,51.62,0.25000000,1
1507211824,22811678,51.62,1.00000000,1
1507211819,22811671,51.62,1.75000000,1
1507211814,22811668,51.62,2.58841800,1
1507211807,22811662,51.62,6.80000000,1
1507211794,22811654,51.62,22.39259500,1
1507211781,22811644,51.62,17.00000000,1
1507211666,22811575,51.61,1.18687000,0
1507211664,22811570,51.60,150.23622700,1
1507211637,22811535,51.60,0.10000100,1
1507211631,22811527,51.60,13.31958300,1
1507211367,22811297,51.61,0.10000000,1
1507211362,22811295,51.61,20.00000000,0
1507211343,22811266,51.60,33.58101400,1
1507211299,22811239,51.80,4.24208494,1
1507211298,22811238,51.79,13.44000000,1
1507211298,22811237,51.73,2.81000000,0
1507211298,22811236,51.73,5.78996000,1
1507211297,22811235,51.72,2.06000000,0
1507211297,22811234,51.72,3.00000000,0
1507211295,22811232,51.70,7.26153852,0
1507211292,22811226,51.70,38.64216634,0
1507211264,22811199,51.52,2.92438300,1
1507211235,22811174,51.70,38.64216634,0
1507211235,22811173,51.70,13.60657640,0
1507211234,22811171,51.67,13.71470901,1
1507211233,22811169,51.67,11.33539772,0
1507211228,22811157,51.67,38.66460228,0
1507211200,22811106,51.70,9.79400386,0
1507211199,22811102,51.64,28.88168087,0
1507211179,22811076,51.62,38.70205347,0
1507211170,22811070,51.59,6.73443000,1
1507211112,22811008,51.60,30.00000000,1
1507211111,22811006,51.63,19.62393493,0
1507210981,22810844,51.68,0.05804953,1
1507210980,22810842,51.64,28.82400000,0
1507210980,22810837,51.55,9.82212318,0
1507210978,22810836,51.55,38.75460718,0
1507210978,22810835,51.55,37.75305528,0
1507210976,22810833,51.54,1.00173950,0
1507210975,22810831,51.54,38.76212650,0
1507210974,22810828,51.55,38.75460718,0
1507210973,22810827,51.55,38.75460718,0
1507210839,22810675,51.40,2.00000000,1
1507210751,22810579,51.27,0.78442789,0
1507210735,22810574,51.53,22.52357849,0
1507210734,22810573,51.52,14.49000000,0
1507210734,22810572,51.50,0.58502149,0
1507210732,22810570,51.46,1.17587469,0
1507210702,22810495,51.46,38.82238631,0
1507210457,22810312,51.60,1.88217054,1
1507210456,22810311,51.59,2.59000000,0
1507210456,22810310,51.55,3.58000000,0
1507210456,22810309,51.55,17.90000000,0
1507210455,22810308,51.47,2.12159780,0
1507210453,22810307,51.41,10.70942424,0
1507210452,22810302,51.41,38.86014394,0
1507210451,22810301,51.41,38.86014394,0
1507210449,22810300,51.41,38.86014394,0
1507210426,22810267,51.41,38.86014394,0
1507210414,22810241,51.43,38.84503208,0
1507210270,22810065,51.51,2.84795161,0
1507210270,22810064,51.51,17.52000000,0
1507210270,22810063,51.51,7.39170670,0
1507210268,22810061,51.44,11.04000000,0
1507210233,22810025,51.21,1.00000000,1
1507210217,22810004,51.44,8.61489113,0
1507210215,22810002,51.43,16.51385120,0
1507210215,22810001,51.41,13.71470901,0
1507210185,22809881,51.43,8.11141357,0
1507210184,22809880,51.38,30.76349863,0
1507210182,22809879,51.38,38.88283379,0
1507210180,22809878,51.38,38.88283379,0
1507210178,22809876,51.38,38.88283379,0
1507210171,22809868,51.24,0.58561406,1
1507210146,22809848,51.41,25.14543493,1
1507210145,22809847,51.41,13.71470901,0
1507210064,22809780,51.21,1.00000000,1
1507209998,22809681,51.41,8.13985605,0
1507209915,22809579,51.39,0.58549803,0
1507209914,22809569,51.39,0.58549803,0
1507209912,22809565,51.38,0.58549803,0
1507208794,22808336,51.17,5.53878395,1
1507208733,22808301,51.20,12.55996094,1
1507208721,22808291,51.20,2.91240100,1
1507208709,22808272,51.20,68.32827600,1
1507208708,22808267,51.20,92.34556100,1
1507208696,22808245,51.20,173.08000000,1
1507208685,22808238,51.20,4.16792500,1
1507208678,22808233,51.20,138.96268900,1
1507208664,22808220,51.20,164.72800000,1
1507208656,22808214,51.20,161.35200000,1
1507208654,22808213,51.20,10.30600100,1
1507208638,22808196,51.20,25.51556700,1
1507208638,22808195,51.21,40.94000000,1
1507208638,22808194,51.21,2.00000000,1
1507208638,22808193,51.22,36.39000500,1
1507208616,22808171,51.22,13.60999500,1
1507208615,22808166,51.30,0.97851045,1
1507208427,22808053,51.30,14.07300000,1
1507208358,22808025,51.30,18.91900000,1
1507208351,22808022,51.30,0.42546155,1
1507208336,22808015,51.30,15.30487900,1
1507208273,22807992,51.30,0.14712700,1
1507208271,22807990,51.37,3.60716371,0
1507208247,22807983,51.30,0.15202200,1
1507208122,22807923,51.46,0.20712000,1
1507207199,22807081,51.38,1.46960576,1
1507206837,22806864,51.21,40.00000000,1
1507206760,22806780,51.26,12.66100000,1
1507206748,22806768,51.21,1.49900000,1
1507206745,22806763,51.22,11.04728700,1
1507206742,22806758,51.51,6.67129935,1
1507206741,22806757,51.51,94.73500000,1
1507206741,22806755,51.51,39.95964900,1
1507206741,22806752,51.50,227.61867913,0
1507206741,22806751,51.49,122.00000000,0
1507206740,22806749,51.49,109.00000000,0
1507206740,22806748,51.49,10.23000000,1
1507206740,22806746,51.49,23.74322000,1
1507206740,22806742,51.47,1.79000000,0
1507206739,22806733,51.28,36.91800000,1
1507206685,22806702,51.29,0.33146279,0
1507206472,22806613,51.16,4.88697614,0
1507206438,22806603,51.16,10.22345524,1
1507206238,22806454,51.10,21.91844862,1
1507206228,22806449,51.16,2.97112000,0
1507206177,22806425,51.37,4.84895355,1
1507206162,22806420,51.41,2.71669938,1
1507206160,22806418,51.41,1.99998600,1
1507206075,22806366,51.44,38.83748056,0
1507206072,22806363,51.47,11.40117739,1
1507206072,22806362,51.47,10.62000000,0
1507206071,22806361,51.47,16.79366621,0
1507206068,22806356,51.46,38.81484360,0
1507206066,22806355,51.47,38.81484360,0
1507206066,22806353,51.47,4.57664659,0
1507206065,22806352,51.47,38.81484360,0
1507206064,22806350,51.43,34.26478912,0
1507206063,22806346,51.43,38.84503208,0
1507206061,22806344,51.43,4.84503208,0
1507206061,22806343,51.42,34.00000000,0
1507206061,22806342,51.43,33.78650593,0
1507206060,22806340,51.42,5.05949746,0
1507206058,22806338,51.42,38.85258654,0
1507206044,22806323,51.43,7.25864079,0
1507206030,22806318,51.45,38.82993197,0
1507206027,22806312,51.43,38.84503208,0
1507206025,22806309,51.43,38.84503208,0
1507206023,22806306,51.43,17.18304861,0
1507206023,22806305,51.43,21.66198347,0
1507206022,22806303,51.44,23.18141253,1
1507206022,22806302,51.44,15.65606803,0
1507206020,22806299,51.44,38.82993197,0
1507206020,22806298,51.44,5.00000000,1
1507206020,22806297,51.45,32.39144800,0
1507206019,22806296,51.42,6.44224038,0
1507206017,22806295,51.42,38.85258654,0
1507206016,22806292,51.42,38.85258654,0
1507206015,22806288,51.42,38.85258654,0
1507205958,22806183,51.43,22.98503208,1
1507205957,22806176,51.43,15.86000000,0
1507205951,22806166,51.41,38.86014394,0
1507205948,22806163,51.43,31.34553208,1
1507205946,22806161,51.43,7.49950000,0
1507205945,22806160,51.49,0.44126695,1
1507205945,22806159,51.49,7.49950000,1
1507205945,22806158,51.49,7.49950000,1
1507205945,22806157,51.49,7.49950000,1
1507205945,22806154,51.49,15.86000000,0
1507205943,22806149,51.50,38.79223300,0
1507205943,22806148,51.50,5.65728155,0
1507205942,22806147,51.50,38.79223301,0
1507205941,22806146,51.49,33.14146610,0
1507205941,22806144,51.49,38.79976695,0
1507205940,22806143,51.49,38.79976695,0
1507205940,22806142,51.50,38.79223301,0
1507205939,22806140,51.50,31.29271301,0
1507205939,22806138,51.49,6.22729200,0
1507205939,22806135,51.49,1.27222800,0
1507205939,22806133,51.50,7.49805825,0
1507205938,22806123,51.50,38.79223301,0
1507205937,22806121,51.49,15.77024665,0
1507205937,22806120,51.49,15.53000000,0
1507205936,22806119,51.50,38.79223301,0
1507205936,22806117,51.50,12.08699029,0
1507205935,22806116,51.49,15.53000000,0
1507205935,22806115,51.45,2.77000000,0
1507205935,22806113,51.44,38.83748056,0
1507205933,22806110,51.42,8.42399339,0
1507205933,22806107,51.42,30.87300661,0
1507205931,22806101,51.37,7.98741504,0
1507205929,22806097,51.37,38.89040296,0
1507205836,22805954,51.37,9.70994744,0
1507205796,22805904,51.33,25.19306448,0
1507205794,22805902,51.31,0.07242428,0
1507205721,22805836,51.10,0.00130509,1
1507205721,22805835,51.15,1.86144491,1
1507205690,22805740,51.31,0.26369128,0
1507205690,22805739,51.25,20.00000000,0
1507205689,22805738,51.20,18.73574219,0
1507205648,22805703,51.20,39.01953125,0
1507205645,22805700,51.20,39.01953125,0
1507205643,22805696,51.20,39.01953125,0
1507205640,22805695,51.20,39.01953125,0
1507205615,22805676,51.20,25.18613281,0
1507205613,22805674,51.19,13.83619476,0
1507205609,22805673,51.19,4.70380524,0
1507205609,22805672,51.19,1.22334850,0
1507205609,22805671,51.19,33.10000000,0
1507205524,22805545,51.14,1.26237990,0
1507205426,22805459,51.06,16.51585520,1
1507205415,22805447,50.97,15.79811654,1
1507205413,22805445,50.96,7.68602826,0
1507205153,22805224,51.03,1.90827428,0
1507205151,22805222,50.85,0.59172572,0
1507205069,22805104,50.84,0.49999414,0
1507205067,22805096,50.74,0.00000586,0
1507205052,22805070,50.70,2.47503647,1
1507205049,22805064,50.74,3.50297700,0
1507204621,22804837,50.72,3.93375394,0
1507204551,22804824,50.69,0.85452000,1
1507204462,22804790,50.74,0.49701714,0
1507204212,22804683,50.78,15.32197716,0
1507203859,22804453,50.69,2.99298000,1
1507202555,22803668,50.71,1.00000000,0
1507202554,22803667,50.71,2.39723717,0
1507202553,22803666,50.56,2.60276283,0
1507202547,22803663,50.56,8.58108600,0
1507202538,22803656,50.63,87.62069794,1
1507202450,22803602,50.64,20.75217220,0
1507202395,22803566,50.63,8.06397897,1
1507202391,22803565,50.65,13.59692400,1
1507202390,22803563,50.65,7.66307600,1
1507202051,22803207,50.70,2.73510079,1
1507201757,22803079,50.65,2.00000000,1
1507201673,22802967,50.78,44.12798534,1
1507201593,22802893,50.81,45.62554700,1
1507201593,22802892,50.82,6.00000000,1
1507201549,22802869,50.82,10.00000000,1
1507201474,22802810,50.97,107.94645146,0
1507200641,22802401,50.82,12.26174966,0
1507200640,22802398,50.82,17.83549783,0
1507200638,22802395,50.82,1.90800000,0
1507200634,22802391,50.81,4.37445300,1
1507200622,22802379,50.82,3.62029951,0
1507200612,22802375,50.82,4.37445300,0
1507200251,22802163,50.96,6.48311963,0
1507200251,22802162,50.86,0.00000566,0
1507200245,22802158,50.86,4.34568800,0
1507200068,22802099,50.86,5.03216000,0
1507200022,22802061,50.86,31.62214634,1
1507200017,22802052,50.87,0.00000527,0
1507200004,22802041,50.87,11.21692800,0
1507200001,22802038,50.87,3.82346600,0
1507199979,22802029,50.87,40.00000000,0
1507199974,22802027,50.86,22.37663101,1
1507199945,22802017,50.87,16.51697707,0
1507199846,22801962,50.94,0.00085000,1
1507199752,22801934,50.87,1.21034000,0
1507199730,22801919,50.86,6.00119668,1
1507199700,22801869,50.87,2.36329000,0
1507199683,22801860,50.87,3.98141000,0
1507199645,22801810,50.87,1.44496000,0
1507199629,22801788,50.86,0.00002597,1
1507199628,22801786,50.91,11.62731015,0
1507199627,22801784,50.91,6.80783388,1
1507199417,22801702,50.81,20.69347854,1
1507199417,22801701,50.83,41.57000000,0
1507199417,22801700,50.84,3.00000000,1
1507199417,22801699,50.87,14.44240710,1
1507199415,22801695,50.95,9.29411436,1
1507199310,22801610,51.10,24.21000000,1
1507199177,22801544,51.13,0.58847854,0
1507199078,22801489,51.13,9.91803344,0
1507198935,22801420,51.05,14.77080000,0
1507198918,22801402,51.06,11.00000000,1
1507198912,22801396,51.06,60.31207267,0
1507198911,22801393,51.06,2.92854113,0
1507198872,22801366,51.13,0.64000000,0
1507198827,22801329,51.11,23.64644883,1
1507198770,22801257,51.13,3.40993545,0
1507198770,22801256,51.12,12.04000000,1
1507198770,22801255,51.03,20.00000000,0
1507198768,22801253,51.00,10.00000000,0
1507198763,22801247,50.95,20.00000000,1
1507198743,22801224,50.95,11.20588564,0
1507198477,22800984,50.79,20.00000000,1
1507198396,22800699,50.94,12.49260064,1
1507198390,22800680,50.95,8.79411436,0
1507198390,22800678,50.91,0.00000041,0
1507198321,22800555,50.90,7.50739936,1
1507197909,22799906,50.91,12.49408900,0
1507197827,22799782,50.91,1.69209800,0
1507197506,22799367,50.77,5.53971999,0
1507197432,22799346,50.70,2.27215315,0
1507197355,22799313,50.90,7.83653800,1
1507197219,22799176,50.90,2.19043000,1
1507197166,22799130,50.90,7.78253200,1
1507197052,22798927,50.90,2.19050000,1
1507196920,22798737,50.91,0.40000000,0
1507196859,22798641,50.91,73.29919800,0
1507196847,22798629,50.91,10.03182086,0
1507196807,22798569,50.91,158.87088700,0
1507196719,22798418,50.90,156.89000000,1
1507196714,22798410,50.90,106.00000000,0
1507196714,22798409,50.90,22.93000000,0
1507196714,22798408,50.89,14.18000000,0
1507196578,22798199,50.85,22.07463700,0
1507196363,22797858,50.77,4.32204155,1
1507196358,22797850,50.83,5.91874113,1
1507196335,22797748,50.76,14.08125887,1
1507196327,22797709,50.63,6.07834100,0
1507196232,22797385,50.37,8.18480785,1
1507196021,22796862,50.37,13.34029300,0
1507196020,22796860,50.37,18.59944100,0
1507195994,22796798,50.37,1.50000000,0
1507195991,22796790,50.36,0.50000000,0
1507195891,22796425,50.32,0.25000000,0
1507195889,22796415,50.33,0.75000000,0
1507194977,22795869,50.33,1.00000000,0
1507194970,22795867,50.33,0.25000000,0
1507194967,22795865,50.34,0.25000000,0
1507194962,22795863,50.34,0.25000000,0
1507194958,22795861,50.34,0.25000000,0
1507194956,22795860,50.34,0.25000000,0
1507194952,22795858,50.33,0.11340596,0
1507194952,22795857,50.33,0.13659404,0
1507194948,22795856,50.33,0.25000000,0
1507194945,22795855,50.33,0.25000000,0
1507194731,22795611,50.33,0.94540596,0
1507194408,22795234,50.18,0.80000000,1
1507194276,22795030,50.16,1.00799076,1
1507194276,22795029,50.17,0.00000017,1
1507194276,22795027,50.17,15.40794283,0
1507194256,22794961,50.18,4.59205717,1
1507194213,22794917,50.18,2.56500000,1
1507193554,22794542,50.19,0.00000500,0
1507193554,22794541,50.19,14.88315500,0
1507193534,22794523,50.19,1.11684000,0
1507193507,22794503,50.19,4.00000000,0
1507193126,22794251,50.18,0.75000000,1
1507193085,22794219,50.18,18.59778652,1
1507193081,22794215,50.18,0.99979900,1
1507193037,22794191,50.18,0.20120724,1
1507193036,22794190,50.19,0.20120724,1
1507193033,22794187,50.19,8.75000000,1
1507193029,22794186,50.19,0.25000000,1
1507193027,22794185,50.19,20.00000000,0
1507193009,22794174,50.19,1.50000000,1
1507193006,22794173,50.18,1.16121961,1
1507193006,22794172,50.18,0.33878039,1
1507193004,22794171,50.22,1.50000000,1
1507192997,22794168,50.22,1.50000000,1
1507192993,22794166,50.22,0.78173599,1
1507192993,22794165,50.22,0.21826401,1
1507192989,22794163,50.22,0.25000000,1
1507192987,22794161,50.22,0.51854999,1
1507192987,22794160,50.22,0.98145001,1
1507192984,22794159,50.22,0.25000000,1
1507192295,22793954,50.55,20.12858555,0
1507192295,22793953,50.54,1.87000000,1
1507192295,22793952,50.54,14.43000000,0
1507192293,22793950,50.50,14.29489340,0
1507192293,22793949,50.50,37.86945769,0
1507191776,22793689,50.34,1.69918470,1
1507191644,22793667,50.31,55.47900000,0
1507191628,22793665,50.31,28.94515992,0
1507191504,22793623,50.42,0.69785320,0
1507191430,22793569,50.23,32.00000000,1
1507191428,22793567,50.25,15.00000000,1
1507191369,22793543,50.23,1.86793098,1
1507191348,22793533,50.41,31.55842368,0
1507191141,22793430,50.49,14.97074236,1
1507191067,22793389,50.49,5.00000000,0
1507191053,22793382,50.33,0.02925764,0
1507191052,22793379,50.33,9.97074236,0
1507191052,22793378,50.33,19.39125764,0
1507191030,22793363,50.23,5.00238379,1
1507190990,22793338,50.33,51.05047635,0
1507190950,22793326,50.33,11.97760600,0
1507190948,22793325,50.23,30.34273600,1
1507190947,22793324,50.26,15.00000000,0
1507190946,22793323,50.26,6.65726400,1
1507190946,22793322,50.26,36.00000000,1
1507190914,22793320,50.33,17.58066001,0
1507190816,22793294,50.50,10.17700000,0
1507190754,22793255,50.50,5.54993649,0
1507190700,22793245,50.50,1.58420000,0
1507190671,22793241,50.50,1.58420000,0
1507190664,22793238,50.50,0.91137600,0
1507190630,22793231,50.50,4.75820500,0
1507190598,22793226,50.50,5.01442303,0
1507190567,22793220,50.50,9.11422600,0
1507190536,22793214,50.50,13.16144707,0
1507190484,22793198,50.50,9.04395423,0
1507190483,22793197,50.49,0.66005346,0
1507190475,22793196,50.49,4.15226614,0
1507190414,22793158,50.49,31.55881774,0
1507189744,22792969,50.44,6.65726400,0
1507189743,22792968,50.43,8.05000000,0
1507189377,22792834,50.49,22.14690000,0
1507189346,22792819,50.49,15.89590000,0
1507189314,22792783,50.49,10.08606266,0
1507189188,22792715,50.50,19.42323500,0
1507189094,22792658,50.49,31.55921188,0
1507189084,22792651,50.29,4.50000000,0
1507189081,22792650,50.30,1.99960427,1
1507189040,22792630,50.49,6.91427002,1
1507189037,22792629,50.49,8.44000000,1
1507189033,22792627,50.49,18.20000000,0
1507189022,22792623,50.29,17.50160980,1
1507189022,22792622,50.30,2.49839020,1
1507188841,22792586,50.33,20.46800000,1
1507188814,22792571,50.50,2.24640000,0
1507188753,22792550,50.50,3.97600000,0
1507188723,22792547,50.50,0.22273889,0
1507188564,22792466,50.50,37.71120297,0
1507188533,22792457,50.50,2.28860000,0
1507188473,22792431,50.50,35.36339763,0
1507188324,22792388,50.49,14.57166665,1
1507188307,22792379,50.49,9.31057616,1
1507188305,22792378,50.49,5.27875110,1
1507188304,22792377,50.49,10.83900609,0
1507188190,22792349,50.49,21.44293545,0
1507188190,22792348,50.48,12.81250260,0
1507188054,22792260,50.50,50.00000000,0
1507188011,22792241,50.54,3.87883250,0
1507187868,22792182,50.32,48.95519868,0
1507187867,22792181,50.32,3.54997050,1
1507187628,22792138,50.32,7.74048946,0
1507187617,22792135,50.32,11.75999990,1
1507187074,22791908,50.53,19.30902454,1
1507187063,22791900,50.30,0.69097546,0
1507187061,22791898,50.30,87.48700000,0
1507187047,22791887,50.30,2.00000000,0
1507187045,22791885,50.30,2.26323034,0
1507187045,22791884,50.30,3.92673373,0
1507187043,22791881,50.30,3.82302686,0
1507187031,22791875,50.30,5.17813121,0
1507187023,22791873,50.30,20.00000000,0
1507187021,22791871,50.30,12.50000000,0
1507187016,22791869,50.30,5.17793240,0
1507187010,22791867,50.30,5.24356000,1
1507187010,22791866,50.30,1.70941000,1
1507186931,22791768,50.47,5.24355998,0
1507186704,22791544,50.28,17.56299694,0
1507186704,22791543,50.28,20.00000000,0
1507186702,22791541,50.28,15.00099443,0
1507186698,22791532,50.28,15.00099442,0
1507186693,22791527,50.28,16.49684000,0
1507186692,22791525,50.28,14.99990517,0
1507185728,22790937,50.46,9.00000000,0
1507185717,22790924,50.19,3.63096568,1
1507185716,22790923,50.22,15.00000000,0
1507185716,22790922,50.22,15.00000000,1
1507185710,22790918,50.48,47.63794900,0
1507185709,22790916,50.20,9.97500000,1
1507185709,22790915,50.18,1.28925084,0
1507185708,22790914,50.18,28.70869808,0
1507185708,22790913,50.19,50.00000000,1
1507185708,22790912,50.22,103.00000000,1
1507185708,22790911,50.22,10.94000000,1
1507185707,22790910,50.22,3.00000000,1
1507185707,22790908,50.25,10.00000000,1
1507185707,22790907,50.30,120.58200000,1
1507185705,22790906,50.31,1.32505108,1
1507185600,22790833,50.30,69.89258836,1
1507185599,22790832,50.30,114.00000000,1
1507185599,22790831,50.30,2.17402554,1
1507185599,22790830,50.31,108.00000000,1
1507185599,22790829,50.32,11.13000000,1
1507185597,22790828,50.33,22.27000000,1
1507185597,22790827,50.33,22.53338610,1
1507185537,22790772,50.40,11.28967700,0
1507185517,22790756,50.40,1.00000000,0
1507185458,22790737,50.40,1.00000000,0
1507185294,22790701,50.40,83.90000000,1
1507185080,22790602,50.49,0.92830000,0
1507185064,22790585,50.49,1.64780478,0
1507184968,22790525,50.51,15.45696928,0
1507184905,22790490,50.50,10.00000000,1
1507184627,22790357,50.54,11.10671052,0
1507184445,22790276,50.42,3.98020000,1
1507184360,22790245,50.53,9.94630992,1
1507184092,22790090,50.31,0.24997985,1
1507183872,22789972,50.41,0.00000025,0
1507183795,22789858,50.41,9.41565900,0
1507183757,22789846,50.41,1.74826973,0
1507183658,22789788,50.41,1.00000000,0
1507183651,22789771,50.41,8.83407102,1
1507183399,22789647,50.41,0.25800000,1
1507183391,22789646,50.45,5.53571908,0
1507183122,22789542,50.45,5.55567277,1
1507183118,22789539,50.44,5.55471300,0
1507182514,22789167,50.30,4.00000000,1
1507182120,22789025,50.31,150.94583066,0
1507182118,22789024,50.32,8.47203530,1
1507179423,22787800,50.38,2.09670056,0
1507179423,22787799,50.38,57.77401073,0
1507179420,22787798,50.38,122.00000000,1
1507179420,22787797,50.41,74.21400000,1
1507179420,22787796,50.41,47.13000000,1
1507179420,22787795,50.42,2.09628253,1
1507178873,22787548,50.62,2.00000000,0
1507178472,22787405,50.39,58.47018257,0
1507178343,22787329,50.37,3.56000000,1
1507178343,22787328,50.38,13.80000000,1
1507178343,22787327,50.39,15.64000000,1
1507177941,22787148,50.58,1.00000000,0
1507177838,22787128,50.58,0.96737841,0
1507177793,22787125,50.59,40.00000000,0
1507177693,22787095,50.37,0.35000000,1
1507177503,22787006,50.50,3.00000000,1
1507177346,22786876,50.30,8.52837716,1
1507177346,22786873,50.30,8.89000000,0
1507177346,22786871,50.32,1.00000000,1
1507177344,22786869,50.42,3.00000000,1
1507177344,22786868,50.42,20.00000000,1
1507176887,22786281,50.44,1.79859132,1
1507176887,22786280,50.50,5.00000000,1
1507176887,22786279,50.50,12.00000000,1
1507176886,22786278,50.50,8.58792968,1
1507175934,22785629,50.61,34.55000000,1
1507175644,22785548,50.55,13.00000000,1
1507175106,22785412,50.73,40.00000000,0
1507174756,22785191,50.50,1.56933883,1
1507174755,22785189,50.51,5.03066117,1
1507174552,22785106,50.68,38.61503552,1
1507174552,22785105,50.68,50.00000000,0
1507174370,22784942,50.55,3.95170000,0
1507174244,22784742,50.60,94.83889406,1
1507174243,22784734,50.60,0.35536700,1
1507174239,22784723,50.63,3.91900000,1
1507174219,22784686,50.68,31.88557363,1
1507174210,22784655,50.68,5.16573659,1
1507173800,22784270,50.73,22.77605846,1
1507173800,22784267,50.76,67.25194154,0
1507173799,22784265,50.76,154.97200000,1
1507173755,22784240,51.00,9.33000000,0
1507173278,22783960,51.01,5.43480030,1
1507171862,22783294,51.20,1.55162973,0
1507171862,22783293,51.19,0.93000000,0
1507171861,22783287,51.20,2.48144531,0
1507171860,22783284,51.19,3.39851533,0
1507171757,22783199,51.00,5.70000000,1
1507171385,22782883,51.01,0.48800000,1
1507171293,22782773,51.01,3.84315627,1
1507171291,22782771,51.03,0.11760000,1
1507171291,22782770,51.03,0.11760000,1
1507171291,22782769,51.03,0.11760000,1
1507171291,22782768,51.03,0.11760000,1
1507170239,22782115,51.03,35.06252220,1
1507170239,22782114,51.05,20.61000000,1
1507170237,22782113,51.06,6.70587780,1
1507170074,22781977,51.20,21.32550901,0
1507170053,22781963,51.03,4.54971323,1
1507169950,22781830,51.20,5.00000000,0
1507169645,22781598,51.20,5.00000000,0
1507169316,22781447,51.20,11.16799600,0
1507168636,22781189,51.08,4.82917295,1
1507168636,22781188,51.09,9.84793840,1
1507168634,22781187,51.12,10.12608049,1
1507168633,22781186,51.20,0.50117430,0
1507168492,22781162,51.12,1.04598306,1
1507168285,22781136,51.20,20.42622018,0
1507168106,22780986,51.20,4.74793566,0
1507168096,22780980,51.20,10.27200000,0
1507168012,22780915,51.37,480.87788444,1
1507168010,22780914,51.37,121.79234690,0
1507168010,22780913,51.36,116.00000000,0
1507168010,22780912,51.35,21.00000000,0
1507167990,22780901,51.37,21.08565310,0
1507167470,22780527,51.20,133.76000000,1
1507166770,22780400,51.12,20.00000000,0
1507166274,22780269,51.15,10.25900000,1
1507165718,22780104,51.10,1.00000000,1
1507164879,22779665,51.41,79.35226609,1
1507164878,22779664,51.38,112.00000000,0
1507164878,22779663,51.35,13.11000000,0
1507164878,22779662,51.32,40.82916285,1
1507164672,22779521,51.24,20.00000000,1
1507164600,22779455,51.16,55.32513900,0
1507164600,22779454,51.15,15.58000000,0
1507163789,22779061,51.01,0.36000000,0
1507163787,22779060,51.01,8.64000000,1
1507163647,22779008,51.07,39.99960640,0
1507163204,22778799,51.07,6.91649570,0
1507163204,22778798,51.06,0.00000030,0
1507163202,22778797,51.06,1.36538200,0
1507162945,22778682,51.06,4.74556540,0
1507162944,22778681,51.04,3.31403460,0
1507162883,22778668,51.06,11.01078452,0
1507162258,22778431,51.06,2.00000000,1
1507162253,22778427,51.06,3.90496373,1
