date,tid,price,amount,type
1507247692,22838161,0.00005469,29293.02308584,1
1507247692,22838160,0.00005470,2108.52247416,1
1507247689,22838154,0.00005462,25916.22873158,1
1507247689,22838153,0.00005467,202.30710948,1
1507247689,22838152,0.00005500,500.00000000,1
1507247645,22838111,0.00005505,7258.47750500,1
1507247645,22838110,0.00005510,400.00000000,1
1507247635,22838105,0.00005508,2426.56726621,1
1507247635,22838104,0.00005512,225.00000000,1
1507247607,22838095,0.00005550,854.32186599,0
1507247556,22838077,0.00005515,3762.74469628,0
1507247438,22838051,0.00005512,1330.00725689,0
1507247236,22837971,0.00005503,4311.11203897,1
1507247236,22837970,0.00005504,409.69542756,1
1507247230,22837965,0.00005504,2867.51965876,1
1507247224,22837957,0.00005503,1432.82334435,1
1507247224,22837956,0.00005504,3277.21508632,1
1507247223,22837955,0.00005541,5040.63779101,0
1507247157,22837929,0.00005552,1937.67507204,0
1507247157,22837927,0.00005550,7335.08662788,1
1507247156,22837924,0.00005517,2134.00028241,0
1507247147,22837919,0.00005517,1808.04785209,0
1507247053,22837883,0.00005518,4787.18545063,0
1507247053,22837881,0.00005518,921.53281702,0
1507247015,22837870,0.00005495,2168.31251063,0
1507246922,22837848,0.00005491,1843.12511382,0
1507246844,22837833,0.00005473,455.90029112,1
1507246814,22837824,0.00005480,500.00000000,1
1507246747,22837777,0.00005480,23.30072992,0
1507246744,22837768,0.00005480,1410.39426000,0
1507246742,22837764,0.00005480,3305.80610600,0
1507246738,22837756,0.00005480,271.00000000,1
1507246738,22837754,0.00005490,1385.42387701,1
1507246736,22837742,0.00005490,709.87612299,1
1507246735,22837740,0.00005495,253.22187701,1
1507246735,22837737,0.00005495,427.61422269,1
1507246735,22837736,0.00005495,1487.47641778,1
1507246730,22837715,0.00005495,1919.89015575,1
1507246512,22837660,0.00005490,411.00000000,1
1507246495,22837654,0.00005493,1132.64991807,0
1507246485,22837650,0.00005494,37.03630224,1
1507246389,22837546,0.00005498,955.38995998,1
1507246350,22837524,0.00005495,4826.17587060,1
1507246322,22837488,0.00005495,10542.96257200,1
1507246264,22837362,0.00005508,384.13671023,0
1507246187,22837331,0.00005494,52.96369776,1
1507246172,22837328,0.00005505,419.47792916,0
1507246111,22837317,0.00005494,3530.90975958,1
1507246104,22837315,0.00005508,889.27487291,0
1507246008,22837292,0.00005524,700.00000000,1
1507246006,22837291,0.00005525,756.79330316,0
1507245924,22837270,0.00005525,895.64902200,1
1507245487,22836979,0.00005524,1437.65351194,0
1507245228,22836903,0.00005528,2626.63766280,0
1507245068,22836797,0.00005504,146.02609340,0
1507245066,22836794,0.00005510,2500.00000000,1
1507244891,22836715,0.00005504,625.65534156,0
1507244813,22836684,0.00005488,10666.17722717,0
1507244813,22836683,0.00005487,6601.15003231,0
1507244745,22836662,0.00005476,794.00000000,0
1507244719,22836649,0.00005467,349.96189000,0
1507244718,22836648,0.00005467,501.58112310,0
1507244587,22836582,0.00005476,364.31701972,0
1507244552,22836573,0.00005489,16073.67553288,0
1507244543,22836569,0.00005495,2599.04494995,1
1507244542,22836567,0.00005461,406.36003179,1
1507244542,22836565,0.00005461,407.91315010,1
1507244541,22836564,0.00005461,406.36000000,0
1507244537,22836556,0.00005460,0.47327225,1
1507244537,22836554,0.00005461,676.04272775,1
1507244533,22836544,0.00005461,123.82038667,0
1507244532,22836542,0.00005461,0.00000333,1
1507244529,22836540,0.00005461,406.36003179,1
1507244524,22836535,0.00005461,408.38641558,1
1507244518,22836526,0.00005461,1750.00000000,1
1507244510,22836522,0.00005545,9453.84472497,1
1507244510,22836521,0.00005541,1046.36770000,1
1507244509,22836520,0.00005471,3654.97415109,1
1507244509,22836518,0.00005467,4131.17764036,1
1507244507,22836516,0.00005466,3238.19904484,0
1507244490,22836514,0.00005460,11007.48669995,1
1507244490,22836512,0.00005464,1726.52590205,1
1507244490,22836510,0.00005464,580.07409795,1
1507244489,22836509,0.00005465,1726.52590205,1
1507244457,22836494,0.00005478,1183.60533041,0
1507244283,22836403,0.00005478,1094.37769258,0
1507244281,22836402,0.00005476,1034.66870000,0
1507244246,22836394,0.00005464,2004.15208638,0
1507244236,22836390,0.00005460,2674.40543500,1
1507244140,22836323,0.00005460,6330.24700000,1
1507244065,22836313,0.00005486,3092.76759022,0
1507244011,22836305,0.00005475,80.08000000,0
1507243860,22836185,0.00005479,539.79412301,0
1507243851,22836183,0.00005463,10287.11194270,1
1507243849,22836182,0.00005463,7748.83900000,1
1507243689,22836100,0.00005476,341.98009496,0
1507243614,22836050,0.00005491,540.39683117,1
1507243614,22836049,0.00005483,1045.29300000,0
1507243612,22836010,0.00005462,500.00000000,0
1507243579,22835925,0.00005462,685.37567700,0
1507243570,22835861,0.00005462,500.89606903,1
1507243570,22835858,0.00005462,826.35578723,1
1507243566,22835837,0.00005489,4416.36437793,0
1507243563,22835814,0.00005462,257.36458663,1
1507243562,22835801,0.00005462,423.29866866,1
1507243557,22835762,0.00005461,318.97459000,1
1507243556,22835756,0.00005461,3412.01411082,1
1507243556,22835753,0.00005464,1599.08449810,1
1507243550,22835723,0.00005464,677.46592523,1
1507243549,22835717,0.00005461,14610.36771635,1
1507243549,22835716,0.00005463,169.37331027,1
1507243549,22835715,0.00005472,677.46605707,1
1507243547,22835706,0.00005472,164.53399140,1
1507243543,22835684,0.00005463,138.51004700,1
1507243543,22835682,0.00005463,6108.88964273,1
1507243543,22835679,0.00005465,150.00000000,1
1507243543,22835678,0.00005469,6408.14201468,1
1507243543,22835676,0.00005470,1046.46432265,1
1507243536,22835640,0.00005486,191.74286998,1
1507243534,22835632,0.00005487,2668.06742439,0
1507243534,22835630,0.00005486,1291.00000000,1
1507243528,22835609,0.00005486,1100.44427500,1
1507243349,22835548,0.00005487,2145.17459450,0
1507243340,22835536,0.00005478,660.68500000,1
1507243212,22835481,0.00005490,6655.44480874,0
1507242989,22835314,0.00005498,413.60494725,0
1507242967,22835300,0.00005500,639.27410409,1
1507242966,22835299,0.00005500,145.00000000,1
1507242966,22835298,0.00005500,3.04545454,1
1507242927,22835279,0.00005500,903.90969026,1
1507242927,22835278,0.00005500,207.09030974,1
1507242926,22835277,0.00005500,185.00000000,1
1507242881,22835258,0.00005500,1907.90969026,1
1507242880,22835256,0.00005501,1566.83078544,1
1507242880,22835255,0.00005502,401.66846630,1
1507242825,22835227,0.00005511,2099.61894393,0
1507242734,22835197,0.00005515,777.23259700,1
1507242734,22835196,0.00005520,19.17350000,1
1507242725,22835190,0.00005520,2388.12650000,1
1507242569,22835150,0.00005515,779.61341900,1
1507242464,22835114,0.00005541,1980.25049630,0
1507242400,22835093,0.00005539,1800.87777577,0
1507242330,22835042,0.00005541,881.85562172,0
1507242287,22835004,0.00005539,1836.22071828,0
1507242269,22834996,0.00005549,3447.68084339,0
1507242254,22834992,0.00005538,266.33586132,0
1507242184,22834905,0.00005544,404.87806638,0
1507241694,22834778,0.00005613,437.71307120,0
1507241667,22834766,0.00005538,5239.25539365,0
1507241667,22834765,0.00005538,4600.00000000,1
1507241666,22834764,0.00005542,5038.86225635,1
1507241634,22834743,0.00005539,805.35490000,1
1507241634,22834742,0.00005539,310.83247660,1
1507241581,22834721,0.00005566,5303.70717883,0
1507241580,22834720,0.00005639,82265.62632296,0
1507241580,22834719,0.00005639,5239.25539365,1
1507241580,22834718,0.00005622,849.63358236,0
1507241579,22834717,0.00005621,14824.70251224,1
1507241579,22834716,0.00005586,554.89382448,0
1507241579,22834715,0.00005586,5723.73660800,1
1507241579,22834714,0.00005568,300.00000000,0
1507241578,22834713,0.00005567,785.61563950,1
1507241578,22834712,0.00005567,120.45602622,1
1507241578,22834711,0.00005567,15937.02600000,1
1507241577,22834710,0.00005560,1532.71800000,1
1507241577,22834709,0.00005550,3928.07819751,1
1507241577,22834708,0.00005549,4910.83247700,1
1507241576,22834707,0.00005549,2295.00000000,1
1507241575,22834706,0.00005549,1020.33060000,0
1507241527,22834679,0.00005540,5752.16765001,1
1507241526,22834677,0.00005540,2742.04087200,0
1507241494,22834644,0.00005557,2500.00000000,0
1507241472,22834610,0.00005558,103.48156806,0
1507241471,22834604,0.00005561,1076.79536054,0
1507241414,22834556,0.00005539,3771.83446500,1
1507241242,22834510,0.00005560,6821.27239483,0
1507241223,22834507,0.00005560,894.78417266,0
1507241186,22834496,0.00005560,22781.79691643,0
1507241186,22834495,0.00005559,3357.77308357,0
1507241178,22834494,0.00005559,2194.05249100,0
1507241154,22834485,0.00005560,1489.34500300,0
1507241073,22834457,0.00005569,3086.68647872,1
1507241071,22834456,0.00005550,497.36348000,0
1507241066,22834455,0.00005550,1430.00000000,0
1507241062,22834450,0.00005550,1287.00000000,0
1507241057,22834448,0.00005551,1263.50000000,1
1507241035,22834407,0.00005556,2449.90969418,1
1507241031,22834400,0.00005584,0.00000010,1
1507241031,22834398,0.00005585,3631.32336615,1
1507241021,22834365,0.00005598,1890.36673812,0
1507241013,22834343,0.00005585,168.66087154,1
1507241013,22834341,0.00005586,13.33912846,1
1507241012,22834338,0.00005586,1094.00000000,1
1507241003,22834334,0.00005585,1094.00000000,1
1507241001,22834332,0.00005586,182.00000000,1
1507240997,22834328,0.00005586,182.00000000,1
1507240996,22834325,0.00005585,4035.95510700,1
1507240993,22834311,0.00005587,143.00000000,0
1507240992,22834305,0.00005586,1000.00000000,0
1507240975,22834271,0.00005588,9670.83467900,1
1507240974,22834270,0.00005587,1094.00000000,1
1507240963,22834254,0.00005606,1756.53335711,1
1507240963,22834253,0.00005602,1720.29071910,0
1507240961,22834252,0.00005599,182.00000000,0
1507240961,22834251,0.00005599,159.05632849,0
1507240942,22834231,0.00005587,182.00000000,1
1507240907,22834194,0.00005599,822.53813180,0
1507240833,22834132,0.00005608,43.34896576,1
1507240819,22834110,0.00005586,1135.00000000,0
1507240787,22834090,0.00005584,6264.15059700,1
1507240785,22834088,0.00005584,1632.80580000,1
1507240783,22834087,0.00005584,3133.05800499,1
1507240781,22834086,0.00005584,510.88377376,1
1507240780,22834085,0.00005584,3459.10182415,0
1507240671,22834005,0.00005606,534.50677845,1
1507240669,22834003,0.00005583,6610.03111888,0
1507240657,22833995,0.00005571,995.20444493,1
1507240652,22833985,0.00005583,2398.31263372,0
1507240651,22833978,0.00005583,1404.62324740,0
1507240650,22833975,0.00005582,14129.33580265,0
1507240650,22833972,0.00005577,1016.88920000,0
1507240650,22833971,0.00005576,2400.10000000,0
1507240423,22833851,0.00005589,7862.60941134,1
1507240423,22833850,0.00005582,143.00000000,0
1507240421,22833848,0.00005580,400.00000000,0
1507240345,22833799,0.00005563,23944.92806974,1
1507240345,22833798,0.00005564,12611.07193026,1
1507240245,22833723,0.00005575,3578.49757848,0
1507240052,22833630,0.00005550,3758.11476890,1
1507239937,22833528,0.00005574,947.17725152,0
1507239921,22833522,0.00005574,5368.70954431,0
1507239890,22833503,0.00005547,789.97560300,1
1507239837,22833453,0.00005579,378.83366194,0
1507239836,22833452,0.00005557,3454.51349600,0
1507239827,22833451,0.00005556,1828.36099500,0
1507239794,22833438,0.00005533,11662.43603087,1
1507239718,22833409,0.00005527,1442.19999162,1
1507239697,22833395,0.00005560,1000.00000000,1
1507239587,22833344,0.00005562,2319.79791441,0
1507239587,22833343,0.00005560,2469.82719058,0
1507239585,22833342,0.00005559,16025.78000000,0
1507239467,22833280,0.00005565,744.30584007,0
1507239466,22833279,0.00005564,14967.46734596,1
1507239465,22833278,0.00005564,13248.01400000,0
1507239425,22833258,0.00005561,1907.99532458,0
1507239360,22833235,0.00005546,2200.00000000,0
1507239254,22833154,0.00005567,16088.49829351,1
1507239254,22833153,0.00005547,3978.18954395,1
1507239253,22833152,0.00005546,2140.49530600,1
1507239253,22833151,0.00005546,4003.95753500,1
1507239252,22833147,0.00005544,9699.31900000,0
1507239166,22833081,0.00005548,98.88752704,0
1507239145,22833069,0.00005551,200.00000000,1
1507239093,22833045,0.00005551,222.68582237,0
1507239052,22833029,0.00005557,1167.37322296,1
1507239052,22833028,0.00005557,14169.37200000,0
1507238868,22832899,0.00005541,223.41436564,0
1507238867,22832898,0.00005535,818.00000000,1
1507238840,22832874,0.00005535,182.00000000,1
1507238826,22832857,0.00005550,615.24558558,1
1507238825,22832856,0.00005548,1182.47790000,1
1507238824,22832855,0.00005548,3028.90250000,0
1507238823,22832854,0.00005543,1191.09750000,0
1507238774,22832825,0.00005535,5779.39527659,1
1507238757,22832822,0.00005535,3717.66353541,1
1507238757,22832821,0.00005536,3707.89527659,1
1507238754,22832818,0.00005535,890.50000000,1
1507238753,22832817,0.00005535,1181.00000000,1
1507238749,22832816,0.00005535,3531.44118800,1
1507238747,22832815,0.00005536,1281.00000000,1
1507238742,22832813,0.00005536,1098.00000000,0
1507238736,22832810,0.00005536,183.00000000,0
1507238735,22832809,0.00005536,1088.00000000,1
1507238725,22832804,0.00005536,6823.46955644,1
1507238725,22832803,0.00005540,3659.73030156,1
1507238680,22832788,0.00005566,3821.75547969,0
1507238648,22832757,0.00005550,1440.00000000,1
1507238511,22832659,0.00005556,2804.49622030,0
1507238509,22832658,0.00005555,1023.21770000,0
1507238479,22832635,0.00005558,6653.82493702,0
1507238477,22832632,0.00005555,1009.68120000,0
1507238421,22832609,0.00005540,109.77998000,1
1507238421,22832608,0.00005543,2168.70000000,1
1507238418,22832605,0.00005544,1512.00795092,1
1507238325,22832543,0.00005567,519.62780672,0
1507238272,22832501,0.00005559,1650.57076300,1
1507238107,22832433,0.00005622,150.36641764,0
1507237969,22832312,0.00005597,2190.13422477,0
1507237969,22832311,0.00005593,131.93139723,0
1507237762,22832117,0.00005576,1121.95875179,0
1507237623,22832042,0.00005538,2177.29167680,1
1507237623,22832041,0.00005538,3252.14050750,1
1507237594,22832021,0.00005564,952.73023005,0
1507237472,22831967,0.00005571,377.68641177,0
1507237452,22831963,0.00005549,479.46878900,0
1507237435,22831941,0.00005561,1769.11364862,0
1507237434,22831940,0.00005560,345.57073570,0
1507237434,22831939,0.00005557,1975.33747007,0
1507237434,22831938,0.00005556,4131.17764036,0
1507237432,22831937,0.00005549,1727.85367849,0
1507237395,22831934,0.00005519,3089.85735000,1
1507237368,22831917,0.00005534,425.43350199,0
1507237265,22831871,0.00005511,4283.64066700,1
1507237258,22831868,0.00005520,2500.00000000,1
1507237135,22831755,0.00005511,613.80655172,0
1507237110,22831726,0.00005534,89.10000000,1
1507237068,22831696,0.00005552,2000.00000000,0
1507237056,22831690,0.00005553,133.26093873,0
1507237054,22831689,0.00005553,228.05222402,0
1507237047,22831685,0.00005542,2000.00000000,0
1507237006,22831651,0.00005552,276.32636888,0
1507237005,22831648,0.00005542,1036.60580000,0
1507236963,22831607,0.00005561,2633.61823413,1
1507236963,22831606,0.00005549,1025.13130000,0
1507236961,22831602,0.00005529,83.33333333,1
1507236886,22831553,0.00005568,212.25789000,0
1507236867,22831521,0.00005544,2692.45235300,0
1507236865,22831519,0.00005544,158.65311700,0
1507236856,22831493,0.00005531,260.46341796,1
1507236856,22831487,0.00005555,1442.02844820,1
1507236855,22831485,0.00005555,636.47379180,1
1507236854,22831479,0.00005555,314.49776000,1
1507236853,22831470,0.00005570,2020.99498779,1
1507236850,22831449,0.00005570,1898.00501221,1
1507236825,22831423,0.00005577,43.66792182,0
1507236797,22831395,0.00005580,3000.00000000,1
1507236786,22831382,0.00005590,94.97298747,0
1507236745,22831360,0.00005582,2386.20000000,0
1507236745,22831359,0.00005581,413.37112549,0
1507236745,22831358,0.00005580,2500.00000034,0
1507236722,22831337,0.00005583,376.64857603,0
1507236689,22831317,0.00005592,0.00000037,1
1507236654,22831297,0.00005592,1799.99999963,1
1507236654,22831296,0.00005593,146.59044137,1
1507236569,22831232,0.00005599,375.75263439,0
1507236555,22831210,0.00005599,1082.94628529,0
1507236555,22831209,0.00005597,12451.33028271,0
1507236553,22831207,0.00005592,1007.06750000,0
1507236536,22831190,0.00005583,1013.49209984,0
1507236536,22831189,0.00005579,0.00000016,0
1507236535,22831186,0.00005579,3118.75123200,0
1507236512,22831126,0.00005581,444.15015230,0
1507236505,22831115,0.00005576,1024.79800000,0
1507236501,22831111,0.00005581,293.14240989,1
1507236497,22831105,0.00005580,1554.00000000,1
1507236468,22831074,0.00005590,1442.25661200,1
1507236323,22830950,0.00005608,450.00000000,1
1507236284,22830918,0.00005608,2687.63814000,0
1507236281,22830915,0.00005572,16918.83164861,0
1507236281,22830914,0.00005583,196.43485569,1
1507236281,22830913,0.00005583,778.16954500,0
1507236281,22830912,0.00005584,1335.52441250,1
1507236280,22830910,0.00005587,9266.56900000,1
1507236280,22830909,0.00005588,14008.27053820,0
1507236279,22830906,0.00005592,2287.20000000,1
1507236277,22830902,0.00005618,7553.38358846,1
1507236277,22830901,0.00005608,10102.06614871,1
1507236275,22830900,0.00005602,127.29432291,0
1507236174,22830844,0.00005592,127.29432291,1
1507236164,22830838,0.00005591,7690.00000000,1
1507236159,22830833,0.00005593,50.00000000,1
1507236145,22830815,0.00005606,118.43828041,0
1507236127,22830806,0.00005607,216.91011235,1
1507236125,22830805,0.00005599,316.98249688,0
1507236125,22830803,0.00005591,50.00000000,1
1507236110,22830798,0.00005591,2310.27503566,1
1507236017,22830715,0.00005599,795.01750312,0
1507236015,22830708,0.00005590,175.04707620,0
1507235887,22830606,0.00005569,99.00000000,1
1507235871,22830595,0.00005588,996.25417300,0
1507235857,22830564,0.00005584,430.89626900,0
1507235843,22830526,0.00005575,7063.00000000,0
1507235840,22830520,0.00005570,1018.62840000,0
1507235831,22830497,0.00005569,379.33901957,0
1507235753,22830399,0.00005558,11533.16547067,0
1507235708,22830330,0.00005558,237.83452933,0
1507235708,22830329,0.00005557,11533.16547067,0
1507235704,22830324,0.00005556,2405.80000000,0
1507235663,22830287,0.00005554,685.24547807,0
1507235641,22830280,0.00005539,6162.00000000,1
1507235622,22830260,0.00005532,216.17182978,1
1507235614,22830256,0.00005535,5151.72285106,1
1507235528,22830109,0.00005547,949.40670632,0
1507235525,22830105,0.00005515,1233.02552968,0
1507235512,22830097,0.00005515,4987.94436800,0
1507235500,22830089,0.00005515,1233.02553000,0
1507235500,22830088,0.00005515,2584.67800600,0
1507235499,22830087,0.00005515,6766.95829900,0
1507235498,22830086,0.00005515,1512.85470800,0
1507235493,22830084,0.00005515,996.00569800,0
1507235492,22830083,0.00005515,4706.32657700,0
1507235484,22830077,0.00005515,19314.49213900,0
1507235477,22830073,0.00005515,9874.29216688,0
1507235477,22830072,0.00005514,14146.52654912,0
1507235473,22830067,0.00005515,1671.30000000,1
1507235473,22830066,0.00005515,24998.18500000,1
1507235473,22830065,0.00005516,120.91197844,1
1507235339,22829945,0.00005507,199.71649847,1
1507235338,22829943,0.00005507,139.80154939,1
1507235338,22829942,0.00005507,97.86108515,1
1507235338,22829941,0.00005507,164.83484796,1
1507235338,22829940,0.00005507,86.29831158,1
1507235338,22829939,0.00005507,60.40881811,1
1507235328,22829927,0.00005507,200.78488637,1
1507235328,22829926,0.00005507,63.48352783,1
1507235327,22829925,0.00005507,338.67466084,1
1507235327,22829924,0.00005507,336.47372456,1
1507235327,22829923,0.00005507,322.05055742,1
1507235326,22829918,0.00005507,225.52074224,1
1507235326,22829917,0.00005507,237.73254347,1
1507235320,22829886,0.00005507,1065.18780882,1
1507235316,22829875,0.00005506,185.08317259,1
1507235316,22829874,0.00005506,129.55822070,1
1507235316,22829873,0.00005506,90.69075437,1
1507235316,22829872,0.00005506,405.14640858,1
1507235316,22829871,0.00005506,316.53217121,1
1507235315,22829868,0.00005505,221.57249247,1
1507235305,22829865,0.00005496,200.76656324,1
1507235305,22829864,0.00005504,200.76656324,1
1507235305,22829863,0.00005504,200.76656324,1
1507235304,22829862,0.00005499,200.76656324,1
1507235304,22829861,0.00005499,26.30668211,1
1507235304,22829860,0.00005503,38.17012040,1
1507235304,22829859,0.00005503,203.92107060,1
1507235294,22829854,0.00005499,155.09710980,1
1507235294,22829853,0.00005499,200.76656324,1
1507235293,22829851,0.00005499,184.14762363,1
1507235292,22829850,0.00005544,533.14087301,0
1507235290,22829847,0.00005544,1133.76305770,0
1507235290,22829846,0.00005534,6953.98800000,0
1507235289,22829843,0.00005539,491.74800000,0
1507235289,22829842,0.00005536,290.20300000,0
1507235289,22829841,0.00005534,535.24100000,0
1507235288,22829836,0.00005498,4074.42047318,0
1507235287,22829835,0.00005510,1304.56805682,1
1507235287,22829834,0.00005510,2401.40000000,1
1507235278,22829818,0.00005596,194.28824160,0
1507235278,22829817,0.00005590,202.12400000,0
1507235277,22829816,0.00005576,2378.00000000,0
1507235277,22829815,0.00005576,1266.99150900,1
1507235277,22829814,0.00005576,3681.49305600,1
1507235275,22829808,0.00005543,165.23560241,1
1507235275,22829807,0.00005543,3222.00000000,0
1507235275,22829806,0.00005543,270.00000000,0
1507235258,22829776,0.00005543,262.73223816,0
1507235257,22829774,0.00005543,34173.86511184,1
1507235257,22829773,0.00005543,262.73223891,1
1507235256,22829769,0.00005543,52.80933919,0
1507235256,22829768,0.00005543,264.04669595,0
1507235241,22829753,0.00005505,280.39368032,0
1507235228,22829736,0.00005505,84.03008277,0
1507235211,22829699,0.00005502,198.22282596,0
1507235211,22829697,0.00005505,2301.77717404,1
1507235211,22829696,0.00005505,76.22282596,1
1507235208,22829690,0.00005511,10542.96257000,0
1507235127,22829583,0.00005598,9127.89646181,1
1507235127,22829582,0.00005598,91.60461000,1
1507235125,22829573,0.00005597,10542.96257248,1
1507235125,22829572,0.00005597,3199.99999900,1
1507235125,22829571,0.00005570,500.00000000,0
1507235125,22829570,0.00005567,10000.00000000,0
1507235124,22829569,0.00005565,57.66334992,0
1507235124,22829568,0.00005562,880.11294498,0
1507235123,22829567,0.00005540,5000.00000000,0
1507235123,22829566,0.00005540,2937.15850100,1
1507235123,22829565,0.00005510,5000.00000000,0
1507235123,22829563,0.00005509,19407.16736309,0
1507235122,22829562,0.00005503,50.00000000,0
1507235122,22829561,0.00005502,124.02762995,1
1507235122,22829560,0.00005495,642.86422200,1
1507235121,22829559,0.00005495,1147.82179051,1
1507235120,22829556,0.00005495,902.54543556,0
1507235115,22829549,0.00005495,36.63257506,0
1507235113,22829548,0.00005489,209.82330066,0
1507234924,22829373,0.00005472,2734.39199561,0
1507234861,22829334,0.00005476,3474.22680788,0
1507234859,22829333,0.00005463,1172.62600635,0
1507234813,22829315,0.00005445,57.16412539,1
1507234786,22829306,0.00005468,2557.39100219,0
1507234785,22829305,0.00005467,437.99692768,0
1507234785,22829304,0.00005464,1883.46519034,0
1507234783,22829300,0.00005463,11570.19300000,0
1507234778,22829299,0.00005464,517.23480966,0
1507234715,22829255,0.00005441,146.00000000,0
1507234714,22829254,0.00005441,146.00000000,0
1507234682,22829238,0.00005442,146.00000000,1
1507234368,22829066,0.00005450,1934.58899082,0
1507234248,22829002,0.00005448,500.00000000,0
1507234152,22828904,0.00005416,1298.74500000,0
1507234151,22828897,0.00005416,432.91500000,0
1507234150,22828895,0.00005416,1000.00000000,0
1507234149,22828893,0.00005416,432.91500000,0
1507234133,22828853,0.00005416,7330.49120200,0
1507234130,22828839,0.00005420,3129.74537825,1
1507233888,22828710,0.00005414,9086.83812155,0
1507233887,22828709,0.00005414,2356.60000000,0
1507233747,22828642,0.00005430,459.25690608,0
1507233720,22828599,0.00005430,397.30497237,0
1507233473,22828413,0.00005438,10000.00000000,0
1507233425,22828291,0.00005430,3041.04327810,0
1507233030,22828054,0.00005426,2206.05860671,0
1507232740,22827774,0.00005426,458.30261702,0
1507232706,22827708,0.00005409,2056.47179826,1
1507232665,22827622,0.00005429,5662.47209430,0
1507232658,22827613,0.00005429,485.17885430,1
1507232656,22827611,0.00005427,155.87521000,0
1507232643,22827598,0.00005430,17.75322283,0
1507232643,22827596,0.00005427,137.93248230,1
1507232641,22827585,0.00005427,435.54214790,0
1507232563,22827466,0.00005430,1941.20349907,0
1507232525,22827435,0.00005429,6128.93868184,0
1507232520,22827432,0.00005426,2757.57335053,0
1507232283,22827283,0.00005428,5349.96333824,0
1507232282,22827281,0.00005420,4271.93364301,1
1507232281,22827278,0.00005420,4271.93364301,0
1507232050,22827213,0.00005400,44.06000000,1
1507231948,22827190,0.00005424,499.34974188,0
1507231860,22827128,0.00005426,980.87430888,0
1507231661,22827032,0.00005430,1142.38121546,0
1507231520,22826891,0.00005410,247.96524953,0
1507231518,22826889,0.00005408,142.55969724,0
1507231401,22826793,0.00005399,958.38894000,0
1507231307,22826756,0.00005404,2766.75166420,0
1507231246,22826726,0.00005408,243.91142751,0
1507231246,22826723,0.00005405,2247.41182419,0
1507231184,22826632,0.00005370,1164.96536221,0
1507231183,22826630,0.00005370,119.70000000,0
1507231183,22826629,0.00005370,28485.92000000,0
1507231182,22826628,0.00005380,142.55969724,1
1507231182,22826627,0.00005380,2391.64443517,1
1507230732,22826349,0.00005399,951.97900000,0
1507230732,22826348,0.00005399,1048.02100000,0
1507230642,22826307,0.00005396,391.35859896,0
1507230613,22826249,0.00005374,20.84888264,1
1507230612,22826248,0.00005374,1979.15111736,1
1507230558,22826202,0.00005404,650.62916358,0
1507230498,22826190,0.00005410,2042.60369685,0
1507230485,22826177,0.00005412,345.62989652,0
1507230485,22826175,0.00005409,3711.10970483,0
1507230483,22826170,0.00005404,1052.36510000,0
1507230377,22826125,0.00005397,6094.83050538,0
1507230376,22826123,0.00005397,1480.38000000,1
1507230352,22826096,0.00005405,2357.17881569,1
1507230340,22826089,0.00005420,20000.00000000,1
1507230340,22826088,0.00005421,2350.22035424,1
1507230340,22826087,0.00005424,12102.51737092,1
1507230309,22826069,0.00005436,1946.12913907,0
1507230130,22825872,0.00005427,214.53663700,0
1507230130,22825871,0.00005424,1046.79120000,0
1507230073,22825843,0.00005420,2331.12087300,1
1507229974,22825781,0.00005481,6094.83050538,1
1507229974,22825780,0.00005452,8193.57600000,0
1507229973,22825779,0.00005449,211.36335223,1
1507229973,22825778,0.00005442,2136.33348879,0
1507229973,22825777,0.00005439,1056.81676117,1
1507229971,22825776,0.00005438,578.85423337,0
1507229966,22825772,0.00005439,3551.50156278,1
1507229964,22825770,0.00005435,1040.93410000,0
1507229892,22825660,0.00005423,1567.99253600,1
1507229888,22825657,0.00005423,757.10684200,1
1507229798,22825546,0.00005411,2133.44779433,0
1507229798,22825545,0.00005411,1336.01861977,1
1507229794,22825544,0.00005454,386.74275760,0
1507229748,22825491,0.00005444,21021.74926524,0
1507229748,22825490,0.00005444,428.79359977,1
1507229747,22825489,0.00005443,85.75871995,0
1507229747,22825488,0.00005443,167.68000000,1
1507229747,22825487,0.00005442,428.79359977,0
1507229745,22825486,0.00005431,1420.70000000,0
1507229581,22825374,0.00005435,516.60000000,0
1507229566,22825367,0.00005439,975.50045964,0
1507229549,22825356,0.00005441,516.60000000,0
1507229525,22825342,0.00005419,516.60000000,0
1507229519,22825339,0.00005420,27814.59187448,0
1507229519,22825338,0.00005419,4442.00335806,0
1507229519,22825337,0.00005418,1720.02030638,0
1507229479,22825264,0.00005418,516.60000000,1
1507229478,22825263,0.00005419,516.60000000,0
1507229454,22825245,0.00005419,390.21885956,0
1507229438,22825236,0.00005417,147.93191056,0
1507229413,22825224,0.00005424,467.45318970,0
1507229396,22825194,0.00005397,1683.20000000,1
1507229396,22825193,0.00005399,1195.90920000,1
1507229395,22825192,0.00005399,164.36878952,1
1507229368,22825168,0.00005429,570.42384020,0
1507229366,22825167,0.00005429,1837.36636581,0
1507229261,22825085,0.00005392,317.86500060,1
1507229254,22825074,0.00005421,2426.02490315,0
1507229253,22825071,0.00005418,460.74046663,1
1507229252,22825070,0.00005418,1052.43730000,0
1507229190,22825056,0.00005450,350.00000000,1
1507229177,22825049,0.00005458,1137.28362037,1
1507229175,22825047,0.00005408,0.00000030,0
1507229164,22825045,0.00005408,1253.40648500,0
1507229156,22825022,0.00005427,1315.52649683,0
1507229156,22825021,0.00005421,525.32098708,0
1507229115,22824983,0.00005421,1071.03209740,0
1507229100,22824970,0.00005431,3095.14104216,1
1507229098,22824967,0.00005418,1563.00177842,0
1507229052,22824936,0.00005385,1220.13202105,1
1507229050,22824931,0.00005387,129.86797895,1
1507229044,22824930,0.00005400,2991.27439976,0
1507229012,22824913,0.00005400,3953.49629629,0
1507228910,22824844,0.00005398,1087.70000000,0
1507228843,22824789,0.00005356,11057.67315904,0
1507228843,22824788,0.00005361,2557.24810000,0
1507228841,22824786,0.00005394,2010.27874096,1
1507228763,22824644,0.00005427,175.89073152,0
1507228710,22824593,0.00005400,1064.54070000,1
1507228710,22824591,0.00005403,452.97517204,1
1507228710,22824590,0.00005403,2265.37926786,1
1507228710,22824587,0.00005404,15054.74563037,1
1507228710,22824584,0.00005419,500.00000000,1
1507228626,22824484,0.00005419,2494.44708725,0
1507228615,22824465,0.00005420,1060.64290000,1
1507228615,22824464,0.00005420,5400.00000000,1
1507228615,22824463,0.00005422,2756.50340435,1
1507228615,22824462,0.00005423,4380.44222933,1
1507228496,22824319,0.00005453,456.16137905,0
1507228416,22824220,0.00005426,3522.63583634,1
1507228416,22824219,0.00005428,2655.84646766,1
1507228385,22824200,0.00005432,2932.68689100,1
1507228276,22824165,0.00005433,8801.71417373,0
1507228276,22824164,0.00005433,597.70578017,1
1507228274,22824163,0.00005453,573.61300000,1
1507228261,22824140,0.00005493,2527.06863280,1
1507228259,22824138,0.00005466,1840.27833357,0
1507228248,22824135,0.00005466,64.67380168,0
1507228247,22824133,0.00005460,3854.88901099,0
1507228222,22824116,0.00005460,1145.11098901,0
1507228203,22824108,0.00005453,172.24600000,1
1507228203,22824107,0.00005453,361.48000000,1
1507228201,22824105,0.00005453,379.13600000,1
1507228200,22824104,0.00005453,159.61200000,1
1507228199,22824103,0.00005453,353.91300000,1
1507228109,22824032,0.00005454,454.34818481,0
1507227919,22823848,0.00005422,150.00000000,1
1507227877,22823811,0.00005419,125.00000000,1
1507227793,22823768,0.00005442,948.14095823,0
1507227793,22823767,0.00005427,0.00000043,0
1507227756,22823692,0.00005427,35084.74067000,0
1507227756,22823690,0.00005427,2006.25932957,0
1507227756,22823688,0.00005426,1930.25194552,0
1507227756,22823687,0.00005426,8761.05938291,0
1507227753,22823683,0.00005405,345.97624140,0
1507227730,22823662,0.00005403,159.23070516,0
1507227583,22823581,0.00005374,255.32901000,1
1507227577,22823579,0.00005397,250.00000000,0
1507227570,22823571,0.00005372,713.04538356,1
1507227526,22823508,0.00005370,465.45333830,1
1507227515,22823492,0.00005364,104.70907000,1
1507227163,22823235,0.00005369,2530.20850000,0
1507227154,22823232,0.00005371,2256.91180000,1
1507227103,22823216,0.00005403,176.81010549,1
1507227080,22823212,0.00005362,1000.00000000,1
1507227050,22823193,0.00005380,2012.83905014,1
1507226923,22823111,0.00005390,669.91904492,1
1507226921,22823107,0.00005390,1101.07081293,0
1507226921,22823106,0.00005390,864.19628942,0
1507226786,22823045,0.00005354,86.40000000,1
1507226690,22822973,0.00005389,989.72091297,0
1507226678,22822970,0.00005363,2437.60000000,0
1507226574,22822873,0.00005364,360.78000000,1
1507226572,22822872,0.00005362,1293.00000000,1
1507226571,22822871,0.00005360,1293.00000000,1
1507226558,22822868,0.00005358,2240.52000000,1
1507226378,22822808,0.00005364,1079.49000000,1
1507226353,22822792,0.00005362,2682.90017325,0
1507226352,22822791,0.00005369,2716.99982675,1
1507226350,22822788,0.00005369,2718.90000000,1
1507226318,22822774,0.00005405,13.97095282,1
1507226317,22822773,0.00005405,385.57964016,1
1507226317,22822770,0.00005405,1071.81760000,0
1507226303,22822766,0.00005409,110.64947310,0
1507226294,22822757,0.00005408,2008.08948050,0
1507226061,22822624,0.00005405,1059.01773000,0
1507226059,22822620,0.00005417,2693.07638294,1
1507225985,22822605,0.00005438,389.72237544,0
1507225862,22822507,0.00005388,5384.94625414,0
1507225862,22822506,0.00005388,2315.05374586,0
1507225834,22822494,0.00005416,54.90000000,1
1507225813,22822489,0.00005420,541.80000000,1
1507225795,22822481,0.00005422,3870.00000000,0
1507225788,22822478,0.00005419,163.37400000,1
1507225771,22822471,0.00005466,246.56128796,0
1507225771,22822470,0.00005464,616.65746132,0
1507225769,22822468,0.00005449,3083.28730658,0
1507225735,22822443,0.00005401,0.00000464,0
1507225725,22822440,0.00005401,1408.48869000,0
1507225725,22822438,0.00005401,2260.20891222,0
1507225724,22822436,0.00005407,647.41198603,1
1507225724,22822435,0.00005409,2669.13500185,1
1507225629,22822388,0.00005463,6982.44462749,1
1507225628,22822384,0.00005461,2101.75575440,1
1507225628,22822383,0.00005461,2608.57793323,0
1507225577,22822364,0.00005430,2973.58872147,0
1507225576,22822363,0.00005432,2974.13624287,1
1507225560,22822360,0.00005433,10000.00000000,1
1507225517,22822354,0.00005434,435.15916630,1
1507225412,22822287,0.00005427,451.97000000,1
1507225368,22822266,0.00005459,973.94431214,0
1507225308,22822251,0.00005422,408.16600000,1
1507225287,22822244,0.00005422,1009.13025400,1
1507225246,22822211,0.00005457,1533.83782297,1
1507225245,22822210,0.00005457,126.16337000,0
1507225113,22822155,0.00005424,433.35400000,1
1507225102,22822153,0.00005465,72.05215004,1
1507225100,22822152,0.00005464,350.35099216,0
1507224753,22822059,0.00005465,389.66825251,0
1507224646,22822009,0.00005410,1443.62592884,0
1507224642,22822008,0.00005462,383.26638593,0
1507224628,22822002,0.00005441,126.16337000,0
1507224620,22821994,0.00005433,3533.82000000,0
1507224579,22821968,0.00005439,1377.22299000,1
1507224563,22821947,0.00005464,254.00000000,0
1507224517,22821887,0.00005437,2012.73573400,1
1507224512,22821885,0.00005461,457.56747848,0
1507224493,22821874,0.00005434,2418.71000000,0
1507224475,22821860,0.00005466,2390.37156970,1
1507224474,22821857,0.00005466,263.36839540,1
1507224474,22821856,0.00005466,1071.83940000,0
1507224396,22821822,0.00005433,87.23524953,1
1507224302,22821788,0.00005509,14696.69673956,0
1507224302,22821786,0.00005508,596.14347222,0
1507224302,22821785,0.00005501,5000.00000000,0
1507224301,22821784,0.00005500,5000.00000000,0
1507224301,22821783,0.00005498,2624.69495292,0
1507224301,22821782,0.00005496,625.30754287,0
1507224301,22821781,0.00005461,11199.49200000,0
1507224301,22821780,0.00005457,3126.53771434,0
1507224300,22821779,0.00005452,19895.98000000,0
1507224300,22821778,0.00005451,3478.06882818,0
1507224183,22821710,0.00005459,1494.03791903,0
1507224183,22821709,0.00005458,3184.14200000,1
1507224134,22821692,0.00005446,406.19445464,0
1507223939,22821616,0.00005450,1726.28660550,1
1507223939,22821615,0.00005450,104.00000000,0
1507223876,22821588,0.00005435,458.83403863,0
1507223777,22821518,0.00005460,973.24670329,0
1507223765,22821512,0.00005448,3.96806167,1
1507223764,22821511,0.00005448,1948.21900000,0
1507223686,22821487,0.00005455,1828.59761686,0
1507223435,22821382,0.00005437,3296.44627292,0
1507223434,22821381,0.00005437,484.91061978,1
1507223434,22821380,0.00005437,2424.97167770,1
1507223402,22821375,0.00005483,384.04304213,0
1507223235,22821297,0.00005442,1832.97721426,0
1507223164,22821281,0.00005436,3484.00239146,0
1507223039,22821181,0.00005467,365.19389061,0
1507223039,22821180,0.00005463,125.56932857,0
1507223039,22821179,0.00005463,627.84664284,0
1507223037,22821175,0.00005447,1808.20000000,0
1507222969,22821142,0.00005436,426.83241353,0
1507222959,22821140,0.00005442,390.60235207,0
1507222937,22821127,0.00005438,569.48773577,1
1507222881,22821064,0.00005437,899.73126423,0
1507222869,22821058,0.00005438,133.54211107,0
1507222678,22820927,0.00005443,394.07973544,1
1507222558,22820882,0.00005444,390.28067597,0
1507222414,22820793,0.00005398,2690.00000000,0
1507222411,22820792,0.00005396,604.76018182,1
1507222411,22820791,0.00005400,404.66038107,0
1507222411,22820790,0.00005400,2026.88137711,0
1507222410,22820789,0.00005415,2500.00000000,1
1507222410,22820788,0.00005417,100.00000000,1
1507222410,22820787,0.00005420,7323.00000000,1
1507222410,22820786,0.00005422,2377.70000000,1
1507222306,22820704,0.00005444,393.91880969,0
1507222198,22820668,0.00005462,534.91384181,1
1507222198,22820667,0.00005462,183.46402000,1
1507222197,22820666,0.00005462,452.93713819,1
1507222193,22820663,0.00005462,727.25200000,1
1507222192,22820661,0.00005462,225.43300000,1
1507222140,22820638,0.00005462,200.88905163,0
1507222051,22820594,0.00005477,313.91236078,1
1507222049,22820593,0.00005445,677.16899231,0
1507221918,22820513,0.00005486,940.46190302,1
1507221918,22820512,0.00005485,167.20222032,0
1507221916,22820511,0.00005429,836.01110162,0
1507221830,22820476,0.00005421,816.14958139,1
1507221816,22820466,0.00005443,8169.92194511,1
1507221815,22820465,0.00005443,993.28051677,0
1507221694,22820361,0.00005422,4263.13777203,0
1507221692,22820360,0.00005421,1675.75486525,0
1507221604,22820317,0.00005425,704.61585253,0
1507221333,22820203,0.00005418,1645.92475071,1
1507221318,22820175,0.00005419,1583.77699982,1
1507221310,22820172,0.00005418,1101.98416800,1
1507221303,22820170,0.00005419,1750.16061000,1
1507221288,22820165,0.00005419,1934.03284699,1
1507221275,22820158,0.00005420,2136.81611900,1
1507221266,22820157,0.00005460,7307.73791209,0
1507221262,22820155,0.00005420,2361.30411700,1
1507221251,22820149,0.00005419,0.00000043,1
1507221250,22820146,0.00005419,2609.88232700,1
1507221232,22820137,0.00005418,2252.09108129,0
1507221216,22820126,0.00005465,7352.66759508,1
1507221216,22820125,0.00005465,5104.96003529,1
1507221216,22820124,0.00005427,57.66334992,0
1507221215,22820122,0.00005418,2289.97697600,1
1507221214,22820120,0.00005418,2686.59934063,0
1507221201,22820115,0.00005418,1961.08379475,0
1507221007,22820022,0.00005412,319.29046563,0
1507220975,22819970,0.00005415,55.26334257,0
1507220910,22819925,0.00005416,1328.99704579,1
1507220910,22819924,0.00005416,2708.10861362,0
1507220810,22819865,0.00005415,979.68919667,0
1507220795,22819857,0.00005420,981.47822878,0
1507220785,22819854,0.00005421,562.82789153,0
1507220784,22819853,0.00005421,3402.18930675,0
1507220774,22819844,0.00005421,436.09832134,0
1507220392,22819545,0.00005405,979.95337650,0
1507220363,22819527,0.00005412,2781.41093865,0
1507220363,22819526,0.00005410,2235.98595458,1
1507220363,22819525,0.00005400,5000.00000000,0
1507220298,22819486,0.00005391,461.75867186,0
1507220233,22819406,0.00005384,2365.20839524,0
1507220127,22819323,0.00005409,553.24792013,0
1507219877,22819153,0.00005339,2000.00000000,0
1507219845,22819089,0.00005378,2151.54332465,0
1507219842,22819087,0.00005381,53.05742427,1
1507219840,22819085,0.00005360,3951.66724063,0
1507219747,22819021,0.00005371,723.45112641,0
1507219735,22819005,0.00005372,1162.80063291,0
1507219734,22819000,0.00005371,1070.98120000,0
1507219733,22818999,0.00005370,9002.10800000,0
1507219705,22818980,0.00005370,171.15784139,1
1507219667,22818904,0.00005385,425.30059413,0
1507219640,22818871,0.00005392,1002.70014700,0
1507219624,22818863,0.00005389,2429.51640000,0
1507219622,22818860,0.00005370,166.89051000,0
1507219601,22818832,0.00005389,679.63834280,0
1507219596,22818824,0.00005397,4500.00000000,0
1507219593,22818816,0.00005380,2193.05920000,0
1507219590,22818813,0.00005390,970.30557000,0
1507219581,22818760,0.00005370,254.82900973,1
1507219580,22818740,0.00005370,4872.28195311,1
1507219579,22818737,0.00005400,1000.00000000,1
1507219579,22818736,0.00005418,3061.00000000,1
1507219579,22818733,0.00005419,329.82167208,1
1507219579,22818732,0.00005420,1648.95817863,1
1507219579,22818731,0.00005427,57.66334992,1
1507219574,22818707,0.00005428,5162.97279906,0
1507219574,22818706,0.00005429,11213.61002313,1
1507219555,22818657,0.00005445,3000.00000000,1
1507219553,22818656,0.00005450,1288.00000000,1
1507219469,22818566,0.00005483,557.28159766,0
1507219453,22818552,0.00005485,19999.42807657,0
1507219447,22818547,0.00005474,1131.39861161,0
1507219435,22818529,0.00005473,9498.06551595,0
1507219407,22818496,0.00005485,181.00000000,1
1507219372,22818474,0.00005481,100.00000000,0
1507219302,22818419,0.00005477,3522.67060735,1
1507219301,22818418,0.00005477,26493.73938600,1
1507219294,22818415,0.00005477,974.00000000,1
1507219281,22818400,0.00005477,68439.56555100,1
1507219270,22818386,0.00005470,178.79707496,0
1507219235,22818337,0.00005470,21.20292504,0
1507219201,22818287,0.00005477,60.97845535,0
1507219137,22818222,0.00005477,3911.82143509,0
1507219071,22818178,0.00005484,256.59135667,0
1507218945,22817976,0.00005479,570.37926628,0
1507218923,22817952,0.00005479,21171.03226600,0
1507218902,22817922,0.00005482,10459.10842892,0
1507218902,22817921,0.00005469,1934.63155971,0
1507218861,22817906,0.00005469,565.36844029,0
1507218791,22817826,0.00005475,1908.15232876,0
1507218680,22817736,0.00005469,4349.09984500,0
1507218674,22817732,0.00005468,471.56412000,1
1507218673,22817731,0.00005468,17528.43587822,0
1507218651,22817723,0.00005468,7147.16143854,0
1507218651,22817722,0.00005467,52.07614632,0
1507218639,22817717,0.00005468,36485.23152890,0
1507218634,22817714,0.00005468,10705.11915434,0
1507218634,22817713,0.00005468,170.19630982,0
1507218634,22817712,0.00005467,76.20899563,0
1507218584,22817649,0.00005470,9696.65393053,0
1507218583,22817647,0.00005469,187.04807391,0
1507218548,22817562,0.00005474,1933.87011326,0
1507218518,22817518,0.00005461,547.05630098,0
1507218506,22817504,0.00005461,6662.48407179,1
1507218493,22817469,0.00005464,21588.46772603,0
1507218488,22817465,0.00005469,17875.00000000,0
1507218476,22817419,0.00005468,150.00000000,1
1507218463,22817402,0.00005486,3106.16842872,0
1507218450,22817387,0.00005454,4562.31748000,1
1507218448,22817380,0.00005503,9837.01780523,0
1507218442,22817375,0.00005452,10.04001469,1
1507218442,22817374,0.00005453,501.35599918,1
1507218441,22817373,0.00005453,2510.83316764,1
1507218441,22817372,0.00005453,597.79937649,1
1507218438,22817364,0.00005511,1353.11195790,0
1507218435,22817361,0.00005454,676.71283000,1
1507218433,22817357,0.00005452,2763.00605900,1
1507218427,22817350,0.00005452,2274.22878000,1
1507218425,22817349,0.00005452,5248.00119900,1
1507218420,22817342,0.00005453,4939.96827600,1
1507218418,22817340,0.00005452,914.03585068,1
1507218412,22817315,0.00005452,13050.26757100,1
1507218411,22817311,0.00005452,0.00000023,1
1507218411,22817310,0.00005452,490.45415221,1
1507218411,22817309,0.00005452,2465.64341956,1
1507218404,22817306,0.00005451,474.14452837,1
1507218399,22817301,0.00005562,32944.83552200,1
1507218399,22817300,0.00005562,70699.29300000,1
1507218399,22817299,0.00005562,2084.27846968,1
1507218398,22817296,0.00005562,1995.64442867,0
1507218356,22817263,0.00005607,2680.05083172,0
1507218352,22817258,0.00005427,977.00000000,0
1507218349,22817254,0.00005458,1995.64442867,0
1507218347,22817248,0.00005799,6431.24176582,0
1507218347,22817247,0.00005799,30000.00000000,0
1507218347,22817243,0.00005798,6878.00000000,0
1507218346,22817242,0.00005798,1000.00000000,1
1507218346,22817241,0.00005789,12000.00000000,0
1507218346,22817240,0.00005784,401.92518010,0
1507218346,22817239,0.00005784,19102.11159336,1
1507218346,22817238,0.00005779,785.00000000,0
1507218345,22817237,0.00005750,17087.62464503,0
1507218345,22817236,0.00005750,100.00000000,0
1507218345,22817235,0.00005698,36229.00000000,0
1507218345,22817234,0.00005697,55.35399397,0
1507218345,22817229,0.00005667,518.49307620,0
1507218345,22817227,0.00005667,1311.82237161,1
1507218344,22817225,0.00005667,23317.36222556,1
1507218344,22817224,0.00005650,250.00000000,0
1507218344,22817223,0.00005649,7298.12662288,1
1507218344,22817221,0.00005649,244.74070028,1
1507218344,22817219,0.00005530,6000.00000000,0
1507218343,22817218,0.00005529,124187.54248000,0
1507218343,22817215,0.00005528,1307.31950394,0
1507218343,22817213,0.00005528,19800.00000000,1
1507218343,22817212,0.00005528,39.21744400,1
1507218343,22817210,0.00005500,10000.00000000,0
1507218342,22817209,0.00005496,3991.62274367,0
1507218342,22817208,0.00005475,1289.12379329,0
1507218342,22817207,0.00005470,7537.04639702,0
1507218341,22817206,0.00005454,76921.45300000,1
1507218341,22817205,0.00005451,46.59498297,0
1507218341,22817203,0.00005448,2371.10000000,0
1507218317,22817194,0.00005447,111.55963436,1
1507218308,22817189,0.00005447,6086.21400000,1
1507218208,22817106,0.00005452,1680.99706529,0
1507218206,22817105,0.00005449,3501.54303541,0
1507218205,22817104,0.00005445,621.32335921,1
1507218204,22817102,0.00005445,638.15155378,0
1507218148,22817033,0.00005429,140.65302557,1
1507218113,22816976,0.00005427,3244.83594995,0
1507218112,22816975,0.00005427,2259.80000000,1
1507218112,22816974,0.00005428,14290.31025005,1
1507218071,22816947,0.00005451,804.09800000,1
1507218071,22816946,0.00005451,8195.90200000,1
1507218041,22816913,0.00005452,1186.47157006,0
1507217897,22816798,0.00005448,549.19236417,0
1507217862,22816765,0.00005449,2282.91209396,0
1507217838,22816746,0.00005441,266.67028119,0
1507217829,22816744,0.00005441,1558.53869461,0
1507217816,22816736,0.00005430,1879.14700277,0
1507217804,22816724,0.00005430,17332.22823401,0
1507217789,22816706,0.00005430,4171.44490340,0
1507217775,22816700,0.00005430,2246.21328425,0
1507217767,22816684,0.00005430,1122.28425310,0
1507217763,22816676,0.00005430,11816.71565575,0
1507217747,22816667,0.00005430,975.44162062,0
1507217739,22816654,0.00005430,782.72821971,0
1507217737,22816647,0.00005430,9970.78618784,0
1507217726,22816641,0.00005430,14703.01063855,0
1507217702,22816605,0.00005435,616.59210477,0
1507217702,22816604,0.00005434,5540.40789523,0
1507217682,22816597,0.00005439,122.69645155,0
1507217276,22815895,0.00005402,37.55815000,1
1507217248,22815877,0.00005412,2406.39966740,0
1507217246,22815873,0.00005405,304.14284482,0
1507217246,22815872,0.00005405,54.62833534,0
1507217145,22815806,0.00005405,249.51450948,0
1507217145,22815805,0.00005405,304.14284482,0
1507216765,22815624,0.00005402,72.65771936,0
1507216521,22815500,0.00005404,4090.00000000,0
1507216495,22815468,0.00005408,303.97411242,0
1507216493,22815466,0.00005405,64.96205459,0
1507216330,22815362,0.00005391,2000.00000000,1
1507216301,22815331,0.00005402,9000.00000000,0
1507216262,22815308,0.00005392,6487.19484671,1
1507216259,22815306,0.00005391,847.06077753,0
1507216258,22815305,0.00005391,3244.83593952,0
1507216220,22815282,0.00005395,985.42910101,0
1507216214,22815280,0.00005390,49.99995991,0
1507216213,22815279,0.00005390,0.00004009,1
1507216213,22815276,0.00005390,868.96051835,1
1507216179,22815250,0.00005409,373.60577784,0
1507216179,22815249,0.00005408,364.13169674,0
1507216099,22815203,0.00005400,2000.00000000,0
1507215996,22815122,0.00005406,878.00000000,1
1507215994,22815119,0.00005357,372.00000000,0
1507215979,22815101,0.00005352,2110.44786771,1
1507215947,22815059,0.00005355,5059.25119721,1
1507215935,22815034,0.00005356,1912.47757748,0
1507215925,22815028,0.00005356,258.60287528,0
1507215925,22815027,0.00005356,207.60768679,0
1507215917,22815016,0.00005351,485.51400000,0
1507215902,22814962,0.00005356,2748.42182997,0
1507215902,22814961,0.00005356,470.81784143,0
1507215868,22814934,0.00005376,2.64043898,0
1507215867,22814933,0.00005375,1040.45291036,1
1507215866,22814929,0.00005375,664.61889941,0
1507215859,22814924,0.00005375,816.14958139,0
1507215851,22814922,0.00005376,422.80505952,0
1507215808,22814905,0.00005351,731.24032891,0
1507215808,22814904,0.00005351,258.09047883,0
1507215808,22814903,0.00005351,329.32826853,0
1507215725,22814867,0.00005352,7935.19478689,0
1507215725,22814866,0.00005351,329.32826853,0
1507215725,22814865,0.00005351,329.32825158,0
1507215725,22814864,0.00005351,329.32828555,0
1507215724,22814863,0.00005351,1076.82040745,0
1507215716,22814846,0.00005351,329.32828555,1
1507215714,22814845,0.00005351,1670.67171445,0
1507215694,22814836,0.00005351,518.91338106,0
1507215694,22814835,0.00005350,6481.08661894,0
1507215672,22814826,0.00005358,4281.82157521,0
1507215670,22814824,0.00005360,411.34365671,0
1507215665,22814802,0.00005350,596.21785755,0
1507215653,22814791,0.00005346,1812.38924000,1
1507215652,22814790,0.00005341,187.61076000,0
1507215632,22814775,0.00005345,20565.98447147,0
1507215549,22814731,0.00005348,2000.00000000,1
1507215498,22814712,0.00005309,78.56987636,1
1507215496,22814711,0.00005347,5566.50744178,1
1507215495,22814710,0.00005346,7995.30666362,1
1507215495,22814709,0.00005346,921.67600000,1
1507215494,22814708,0.00005347,1076.29939700,1
1507215494,22814707,0.00005347,7840.68326700,1
1507215492,22814701,0.00005346,9733.69100000,1
1507215492,22814700,0.00005346,2349.32633638,1
1507215484,22814695,0.00005346,2052.36401047,0
1507215477,22814692,0.00005345,1785.00000000,0
1507215472,22814691,0.00005339,1000.00000000,1
1507215412,22814670,0.00005345,397.79476145,0
1507215384,22814650,0.00005325,38867.42268395,0
1507215370,22814641,0.00005325,2000.00000000,1
1507215237,22814555,0.00005330,2000.00000000,1
1507215224,22814551,0.00005338,78.56987636,0
1507215213,22814539,0.00005335,2000.00000000,1
1507215184,22814519,0.00005338,635.63806669,0
1507215130,22814467,0.00005339,4016.92901292,0
1507215090,22814440,0.00005339,1185.20940250,0
1507215088,22814439,0.00005338,810.72487627,0
1507215056,22814421,0.00005325,2183.65852462,0
1507215032,22814394,0.00005325,14986.00901408,0
1507215023,22814386,0.00005325,20028.11818900,0
1507215015,22814377,0.00005325,230.21427230,0
1507214992,22814346,0.00005325,6878.00000000,1
1507214954,22814325,0.00005339,626.07252697,0
1507214953,22814323,0.00005347,1304.36637366,1
1507214951,22814321,0.00005340,711.35205993,0
1507214933,22814304,0.00005340,435.24138577,0
1507214818,22814234,0.00005340,364.40655430,0
1507214818,22814233,0.00005340,1624.20224709,0
1507214809,22814231,0.00005326,809.00000000,1
1507214625,22814078,0.00005334,68.00000000,0
1507214595,22814071,0.00005337,807.77309349,0
1507214539,22814018,0.00005314,829.84650028,1
1507214435,22813923,0.00005338,5000.00000000,0
1507214422,22813916,0.00005340,300.00000000,0
1507214397,22813898,0.00005340,0.00000010,1
1507214394,22813894,0.00005340,1343.32411300,1
1507214393,22813893,0.00005340,1680.57564000,1
1507214390,22813889,0.00005334,2188.90101181,0
1507214390,22813888,0.00005325,787.19923509,0
1507214224,22813792,0.00005325,786.94234741,1
1507214218,22813788,0.00005325,16846.68628500,1
1507214214,22813786,0.00005325,787.19923500,1
1507214211,22813784,0.00005324,1126.45490000,0
1507214183,22813777,0.00005317,1057.43483167,1
1507214137,22813740,0.00005317,198.93661400,1
1507214071,22813693,0.00005317,2735.25129800,1
1507213696,22813445,0.00005669,18906.46114787,0
1507213696,22813444,0.00005342,531.00000000,0
1507213695,22813443,0.00005291,2960.44036626,1
1507213695,22813442,0.00005292,2613.32514081,1
1507213694,22813441,0.00005297,597.73610726,1
1507213694,22813440,0.00005298,10542.96257248,1
1507213692,22813432,0.00005669,14148.99929440,0
1507213692,22813431,0.00005398,10000.00000000,0
1507213692,22813430,0.00005397,3936.16914163,0
1507213692,22813429,0.00005396,10542.96257248,0
1507213691,22813428,0.00005342,232.61536882,0
1507213691,22813427,0.00005342,6010.46840000,1
1507213691,22813426,0.00005331,1163.07684411,0
1507213691,22813425,0.00005330,20499.57300000,0
1507213690,22813424,0.00005329,14495.89238997,0
1507213645,22813394,0.00005325,871.42892018,0
1507213560,22813346,0.00005321,9323.46026940,0
1507213560,22813344,0.00005321,1219.50230308,0
1507213559,22813342,0.00005323,14495.74538592,1
1507213559,22813341,0.00005396,9814.76138277,0
1507213559,22813340,0.00005396,15441.08906200,1
1507213558,22813339,0.00005361,4500.00000000,0
1507213558,22813338,0.00005359,382.65777392,0
1507213558,22813337,0.00005359,1913.28886961,0
1507213558,22813336,0.00005358,43548.16200000,1
1507213557,22813335,0.00005321,45677.72466379,0
1507213556,22813334,0.00005321,1626.09133621,1
1507213554,22813331,0.00005312,2408.50000000,0
1507213424,22813251,0.00005291,14613.34862259,1
1507213424,22813250,0.00005288,33642.54543402,0
1507213423,22813249,0.00005287,10542.96257248,0
1507213422,22813248,0.00005289,2166.77965393,1
1507213422,22813247,0.00005290,33752.43400000,1
1507213422,22813246,0.00005290,5000.00000000,1
1507213422,22813245,0.00005290,3936.16914163,1
1507213422,22813244,0.00005291,4106.88340672,1
1507213422,22813243,0.00005292,2408.50000000,1
1507213304,22813187,0.00005286,10506.50089743,1
1507213290,22813178,0.00005277,87.55417415,1
1507213261,22813170,0.00005300,2387.95370332,0
1507213250,22813164,0.00005360,9672.16036576,0
1507213249,22813163,0.00005397,47582.35575319,0
1507213249,22813162,0.00005360,689.06268809,0
1507213249,22813161,0.00005318,413.40430538,1
1507213249,22813160,0.00005318,9068.49277800,1
1507213248,22813159,0.00005309,2067.02152689,1
1507213248,22813158,0.00005308,66269.96900000,0
1507213248,22813157,0.00005303,9032.21900000,0
1507213246,22813156,0.00005302,14584.83906112,0
1507213236,22813152,0.00005277,293.80311972,1
1507213186,22813120,0.00005288,47694.22101500,1
1507213183,22813118,0.00005288,4078.93909084,1
1507213183,22813117,0.00005292,2383.11766112,1
1507213183,22813116,0.00005297,8184.98590404,1
1507213137,22813087,0.00005287,6404.68985500,0
1507213122,22813080,0.00005308,55.35399397,1
1507213122,22813079,0.00005308,2904.14586490,1
1507213115,22813068,0.00005307,2652.42927346,1
1507213115,22813066,0.00005307,690.95590728,1
1507213104,22813039,0.00005310,576.99908700,1
1507213098,22813033,0.00005480,319.98518000,0
1507213098,22813032,0.00005479,10542.96257248,0
1507213098,22813031,0.00005307,4971.20059335,0
1507213096,22813028,0.00005307,2795.06117414,1
1507213096,22813027,0.00005698,3435.18351112,1
1507213096,22813026,0.00005699,10542.96257248,1
1507213095,22813025,0.00005842,17179.71995891,1
1507213095,22813021,0.00005840,1000.00000000,0
1507213095,22813020,0.00005830,1000.00000000,0
1507213095,22813019,0.00005830,1997.92215791,1
1507213094,22813015,0.00005820,1000.00000000,0
1507213094,22813014,0.00005810,1000.00000000,0
1507213094,22813013,0.00005800,2000.86300000,0
1507213094,22813012,0.00005800,3542.57875400,0
1507213094,22813011,0.00005800,2000.00000000,0
1507213094,22813010,0.00005800,1000.00000000,0
1507213093,22813009,0.00005800,1742.96435272,0
1507213093,22813008,0.00005800,18344.02279211,1
1507213093,22813007,0.00005792,290.70948036,0
1507213093,22813006,0.00005790,1000.00000000,0
1507213092,22813005,0.00005780,1000.00000000,0
1507213092,22813004,0.00005780,353.59801488,1
1507213092,22813003,0.00005770,1000.00000000,0
1507213092,22813002,0.00005760,739.54317486,0
1507213092,22813000,0.00005760,1000.00000000,0
1507213092,22812998,0.00005760,5630.68766800,1
1507213091,22812996,0.00005750,1000.00000000,0
1507213091,22812994,0.00005749,51.51257862,0
1507213091,22812993,0.00005749,199.62921394,1
1507213091,22812991,0.00005747,4000.00000000,0
1507213090,22812990,0.00005742,340.85163522,0
1507213090,22812989,0.00005742,17909.16344250,1
1507213090,22812988,0.00005742,998.14606970,1
1507213090,22812985,0.00005740,200.00000000,0
1507213090,22812984,0.00005740,1000.00000000,0
1507213089,22812982,0.00005730,1000.00000000,0
1507213089,22812981,0.00005730,75.86964000,1
1507213089,22812979,0.00005730,2008.39372396,1
1507213089,22812978,0.00005720,1000.00000000,0
1507213089,22812977,0.00005710,1000.00000000,0
1507213089,22812975,0.00005710,1103.62897800,1
1507213088,22812970,0.00005700,8000.00000000,0
1507213088,22812968,0.00005700,2000.00000000,0
1507213088,22812966,0.00005700,3934.18817169,0
1507213088,22812965,0.00005700,1000.00000000,0
1507213088,22812963,0.00005700,212.23404255,0
1507213088,22812962,0.00005699,3435.18351112,0
1507213088,22812961,0.00005699,10000.00000000,0
1507213087,22812959,0.00005692,211.38656907,0
1507213087,22812956,0.00005692,254.08878815,1
1507213087,22812955,0.00005690,500.00000000,0
1507213087,22812954,0.00005690,1000.00000000,0
1507213087,22812953,0.00005680,1000.00000000,0
1507213086,22812952,0.00005670,1000.00000000,0
1507213086,22812951,0.00005670,17683.10434382,1
1507213086,22812950,0.00005660,1000.00000000,0
1507213085,22812949,0.00005656,780.92598062,0
1507213085,22812948,0.00005654,500.00000000,0
1507213085,22812947,0.00005654,10000.00000000,0
1507213084,22812943,0.00005590,5754.96287548,0
1507213084,22812942,0.00005522,200.00000000,0
1507213084,22812940,0.00005520,9206.88992451,0
1507213084,22812938,0.00005519,7271.66947773,1
1507213083,22812936,0.00005403,10000.00000000,0
1507213083,22812935,0.00005399,100.00000000,0
1507213083,22812934,0.00005399,18294.87899388,1
1507213083,22812933,0.00005353,2000.00000000,0
1507213082,22812932,0.00005348,87.50437522,1
1507213082,22812931,0.00005333,306.33638974,0
1507213081,22812930,0.00005331,60990.91000000,0
1507213081,22812929,0.00005331,77543.66900000,1
1507213081,22812928,0.00005330,10720.31741573,1
1507213081,22812927,0.00005306,1531.68194871,0
1507213079,22812925,0.00005271,100.00000000,1
1507213063,22812912,0.00005274,353.90881000,1
1507213034,22812883,0.00005260,1833.77766118,1
1507213034,22812881,0.00005268,341.84054669,1
1507213033,22812870,0.00005353,2000.00000000,1
1507213031,22812865,0.00005354,6817.76066773,1
1507213031,22812864,0.00005654,6578.87389458,1
1507213031,22812863,0.00005650,1000.00000000,0
1507213031,22812862,0.00005650,4191.00000000,0
1507213031,22812861,0.00005650,1000.00000000,0
1507213030,22812859,0.00005642,356.31157862,0
1507213030,22812856,0.00005640,50.00000000,0
1507213030,22812854,0.00005640,1000.00000000,0
1507213030,22812851,0.00005635,2200.44181089,0
1507213029,22812848,0.00005630,1000.00000000,0
1507213029,22812846,0.00005620,1000.00000000,0
1507213029,22812845,0.00005620,10940.77898500,1
1507213029,22812842,0.00005610,1000.00000000,0
1507213028,22812841,0.00005605,32534.18150684,0
1507213028,22812840,0.00005605,1733.88906100,1
1507213028,22812838,0.00005600,1000.00000000,0
1507213028,22812837,0.00005600,5000.00000000,0
1507213028,22812835,0.00005600,1000.00000000,0
1507213027,22812834,0.00005599,4215.00000000,0
1507213027,22812833,0.00005599,10811.40233000,1
1507213027,22812831,0.00005592,210.94531394,0
1507213027,22812828,0.00005590,1000.00000000,0
1507213026,22812826,0.00005590,2086.19070575,1
1507213026,22812824,0.00005580,60.00000000,0
1507213026,22812823,0.00005580,1000.00000000,0
1507213026,22812822,0.00005570,1000.00000000,0
1507213026,22812821,0.00005570,1733.88906100,1
1507213025,22812819,0.00005570,10940.88051000,1
1507213025,22812817,0.00005560,1000.00000000,0
1507213025,22812815,0.00005550,1000.00000000,0
1507213025,22812814,0.00005550,1000.00000000,0
1507213025,22812812,0.00005550,494.09095131,1
1507213024,22812809,0.00005542,228.84620465,0
1507213024,22812808,0.00005540,1000.00000000,0
1507213024,22812807,0.00005540,2470.45475653,1
1507213023,22812805,0.00005530,1000.00000000,0
1507213023,22812801,0.00005522,49888.00000000,0
1507213023,22812800,0.00005522,90.90000000,1
1507213022,22812797,0.00005520,1000.00000000,0
1507213022,22812795,0.00005520,150.00000000,0
1507213022,22812793,0.00005520,1849.57276100,1
1507213022,22812792,0.00005500,1805.55555556,0
1507213022,22812791,0.00005500,50.80645161,0
1507213021,22812789,0.00005500,8126.00000000,0
1507213021,22812788,0.00005500,2000.00000000,0
1507213021,22812787,0.00005500,905.00000000,0
1507213021,22812786,0.00005500,158209.90099009,0
1507213021,22812785,0.00005500,1500.00000000,0
1507213021,22812784,0.00005500,1000.00000000,0
1507213021,22812783,0.00005500,78.00000000,0
1507213021,22812781,0.00005500,500.00000000,0
1507213021,22812780,0.00005500,1968.13000000,0
1507213020,22812779,0.00005500,18625.64359125,1
1507213020,22812777,0.00005499,1000.00000000,0
1507213020,22812776,0.00005499,280.28305661,0
1507213020,22812775,0.00005499,65.13858642,0
1507213020,22812774,0.00005498,400.00000000,0
1507213020,22812773,0.00005497,2000.00000000,0
1507213019,22812772,0.00005492,456.78122879,0
1507213019,22812770,0.00005490,1500.00000000,0
1507213019,22812768,0.00005485,5000.00000000,0
1507213018,22812767,0.00005460,6741.00000000,0
1507213018,22812766,0.00005442,452.94724433,0
1507213018,22812763,0.00005391,378.97956251,0
1507213018,22812760,0.00005390,67252.17320000,0
1507213017,22812758,0.00005390,366.30000000,1
1507213017,22812757,0.00005389,10000.00000000,0
1507213017,22812756,0.00005387,210.11374898,0
1507213017,22812755,0.00005387,7080.45346677,1
1507213017,22812754,0.00005384,93.41399363,0
1507213016,22812753,0.00005347,28652.90395821,0
1507213016,22812752,0.00005340,1125.00000000,0
1507213016,22812751,0.00005319,609.98882877,0
1507213016,22812750,0.00005318,10471.00042450,0
1507213015,22812749,0.00005300,9525.39999444,0
1507213015,22812748,0.00005295,6203.82500000,0
1507213015,22812747,0.00005293,3049.94414387,0
1507213015,22812746,0.00005291,12898.37300000,0
1507213013,22812744,0.00005289,10542.96257248,0
1507213010,22812741,0.00005287,37.15774541,1
1507213008,22812735,0.00005287,3672.46340079,0
1507213005,22812687,0.00005290,98.56840045,0
1507212996,22812681,0.00005268,1943.00000000,1
1507212995,22812680,0.00005293,910.67208404,0
1507212952,22812660,0.00005268,14381.58512454,1
1507212952,22812659,0.00005269,2107.24347380,1
1507212952,22812658,0.00005269,8831.88940266,1
1507212952,22812657,0.00005276,260.00000000,1
1507212899,22812588,0.00005300,668.88320754,0
1507212897,22812586,0.00005299,3398.59842434,0
1507212850,22812532,0.00005300,377.68256679,0
1507212837,22812520,0.00005276,40.00000000,1
1507212571,22812351,0.00005313,567.59966120,0
1507212571,22812350,0.00005311,2404.80000000,0
1507212569,22812349,0.00005301,1067.50320000,0
1507212554,22812344,0.00005311,187.81886650,0
1507212294,22812206,0.00005325,350.00000000,0
1507212215,22812089,0.00005326,139.74840405,0
1507212156,22812029,0.00005307,472.07616547,1
1507212132,22811998,0.00005334,4167.19947506,0
1507212061,22811937,0.00005300,2296.11865526,0
1507212061,22811936,0.00005299,5079.35802200,0
1507212060,22811935,0.00005299,5079.35802203,0
1507212060,22811934,0.00005300,2783.23936677,0
1507212059,22811931,0.00005300,11803.89953324,0
1507212058,22811930,0.00005307,1486.89070000,1
1507212058,22811929,0.00005309,2786.38545497,1
1507212058,22811928,0.00005310,2404.80000000,1
1507212058,22811926,0.00005315,10708.01000000,1
1507212058,22811925,0.00005316,1147.49277676,1
1507211974,22811827,0.00005332,1986.24807800,0
1507211948,22811808,0.00005330,37065.10971400,1
1507211935,22811799,0.00005330,3266.14906300,1
1507211934,22811796,0.00005330,29668.74122300,1
1507211911,22811779,0.00005346,396.30003741,0
1507211896,22811772,0.00005347,627.65120628,0
1507211873,22811757,0.00005347,4683.37404151,0
1507211872,22811755,0.00005345,2393.00000000,0
1507211872,22811752,0.00005345,750.00000000,0
1507211870,22811745,0.00005344,2250.00000000,0
1507211670,22811579,0.00005325,258.37068128,0
1507211665,22811573,0.00005325,396.95323943,0
1507211642,22811540,0.00005325,450.00000000,0
1507211624,22811524,0.00005323,1412.87911000,1
1507211604,22811507,0.00005322,1302.02776009,0
1507211603,22811506,0.00005322,3218.70897426,0
1507211534,22811458,0.00005322,565.52472491,1
1507211499,22811434,0.00005329,829.84650028,0
1507211496,22811430,0.00005329,298.82755100,0
1507211495,22811429,0.00005329,1145.06157000,0
1507211494,22811425,0.00005329,9364.80157600,0
1507211481,22811360,0.00005329,1749.00000000,0
1507211481,22811359,0.00005329,187.18446237,0
1507211405,22811319,0.00005329,1017.54160600,0
1507211404,22811318,0.00005329,887.00000000,0
1507211236,22811175,0.00005311,8876.23386817,0
1507211215,22811139,0.00005311,40.00000000,0
1507211214,22811137,0.00005311,10175.99566936,0
1507211209,22811127,0.00005311,468.04763697,0
1507211207,22811118,0.00005311,546.91970578,0
1507211187,22811085,0.00005310,516.41944000,0
1507211164,22811066,0.00005311,293.80311972,0
1507211049,22810916,0.00005311,1432.00000000,0
1507211033,22810875,0.00005300,146.00000000,1
1507210955,22810802,0.00005287,57.07365442,1
1507210948,22810795,0.00005328,305.22147147,1
1507210946,22810794,0.00005301,690.54204956,0
1507210945,22810793,0.00005301,1034.95265044,0
1507210904,22810758,0.00005297,12170.11534831,1
1507210902,22810754,0.00005287,1148.00440000,0
1507210902,22810753,0.00005287,809.22386282,0
1507210888,22810741,0.00005287,412.79723850,0
1507210848,22810689,0.00005287,154.51561610,1
1507210848,22810686,0.00005287,1067.50549387,1
1507210846,22810683,0.00005323,8962.73605109,1
1507210846,22810682,0.00005323,1222.02111000,1
1507210843,22810681,0.00005291,1002.69892269,0
1507210817,22810649,0.00005292,1604.61810279,1
1507210817,22810648,0.00005292,12053.96461000,1
1507210816,22810646,0.00005292,2203.43000000,1
1507210815,22810644,0.00005293,2400.98604283,1
1507210815,22810642,0.00005296,2405.29331917,1
1507210814,22810637,0.00005296,1508.95700000,1
1507210783,22810597,0.00005292,4876.11016829,0
1507210755,22810581,0.00005292,469.70389266,0
1507210728,22810562,0.00005293,191.67938787,1
1507210662,22810471,0.00005313,1336.69546395,1
1507210661,22810467,0.00005313,743.96455422,0
1507210483,22810346,0.00005312,1061.76939006,0
1507210481,22810344,0.00005311,8337.90472734,0
1507210356,22810170,0.00005296,163.35000000,1
1507210354,22810156,0.00005297,497.87929540,1
1507210353,22810155,0.00005313,447.71974402,0
1507210353,22810152,0.00005313,1191.68429824,0
1507210339,22810125,0.00005308,960.93191000,0
1507210315,22810107,0.00005294,844.15087920,1
1507210312,22810105,0.00005313,0.00003339,1
1507210311,22810101,0.00005313,1191.68429824,1
1507210304,22810092,0.00005312,2426.58989137,0
1507210274,22810071,0.00005308,1147.49277700,1
1507210273,22810069,0.00005309,3618.27422324,1
1507210273,22810068,0.00005310,1147.49277676,1
1507210269,22810062,0.00005300,807.23300000,0
1507210265,22810059,0.00005312,1128.40625000,1
1507210264,22810056,0.00005312,1107.16880000,0
1507210235,22810037,0.00005355,5147.74808590,0
1507210234,22810035,0.00005342,586.58313388,0
1507210234,22810033,0.00005342,7931.39729840,1
1507210234,22810030,0.00005338,2932.91566938,0
1507210234,22810029,0.00005338,2530.83520000,1
1507210233,22810026,0.00005327,2917.48600000,0
1507210232,22810024,0.00005326,261.00001060,0
1507210134,22809839,0.00005298,2322.70000000,1
1507210109,22809815,0.00005303,1147.07277676,1
1507210109,22809814,0.00005304,5099.47566176,1
1507210102,22809810,0.00005305,2255.69307400,1
1507210024,22809708,0.00005302,131.92722324,0
1507210023,22809703,0.00005303,1147.49277676,0
1507209968,22809654,0.00005311,2473.72120228,1
1507209896,22809550,0.00005312,188.72498000,1
1507209796,22809472,0.00005332,81.23030757,0
1507209669,22809253,0.00005322,399.41469372,0
1507209666,22809245,0.00005322,1355.10653889,0
1507209665,22809243,0.00005321,19800.00000000,1
1507209665,22809242,0.00005321,2489.65276016,1
1507209664,22809239,0.00005321,520.67075677,0
1507209594,22809113,0.00005293,2656.79721998,0
1507209594,22809112,0.00005293,259.69583202,0
1507209571,22809100,0.00005293,3922.50694800,0
1507209562,22809075,0.00005293,2404.00000000,1
1507209497,22808986,0.00005289,518.82643488,1
1507209472,22808948,0.00005284,67.72600638,1
1507209469,22808939,0.00005284,355.04264070,1
1507209468,22808937,0.00005287,108.21171205,1
1507209459,22808921,0.00005299,64.83298735,0
1507209451,22808913,0.00005287,2475.59160876,0
1507209436,22808884,0.00005296,2648.75017371,0
1507209436,22808882,0.00005296,2877.98000000,0
1507209436,22808880,0.00005295,16.03227290,0
1507209434,22808877,0.00005294,1994.28395041,0
1507209429,22808866,0.00005295,960.77072710,0
1507209427,22808865,0.00005294,97.82700945,0
1507209424,22808853,0.00005294,12435.85398564,0
1507209411,22808824,0.00005300,14481.29703960,0
1507209411,22808822,0.00005300,48.54234106,0
1507209411,22808819,0.00005300,18586.40536094,1
1507209410,22808816,0.00005300,7301.95473600,1
1507209408,22808814,0.00005300,2481.52674476,1
1507209407,22808810,0.00005296,54692.59100000,0
1507209407,22808809,0.00005295,2407.40000000,0
1507209407,22808808,0.00005295,1434.77723814,0
1507209406,22808807,0.00005294,496.61025978,0
1507209338,22808746,0.00005268,493.69281000,1
1507209290,22808711,0.00005296,3063.06646525,0
1507209217,22808612,0.00005245,0.90090290,0
1507209217,22808609,0.00005245,4329.00000000,0
1507209204,22808595,0.00005245,5748.57031300,0
1507209202,22808594,0.00005245,1648.00000000,0
1507209199,22808589,0.00005245,1657.55687900,0
1507209198,22808588,0.00005245,1211.87795800,0
1507209198,22808587,0.00005245,1138.04886900,0
1507209190,22808575,0.00005245,1657.55687900,0
1507209189,22808573,0.00005245,4684.00000000,0
1507209186,22808570,0.00005245,1970.41719700,0
1507209181,22808565,0.00005245,151.82934135,0
1507209179,22808564,0.00005245,4480.29741200,0
1507209174,22808558,0.00005245,3850.29833700,0
1507209159,22808541,0.00005245,9090.55676232,0
1507209158,22808540,0.00005241,10212.86495668,0
1507209157,22808539,0.00005241,15293.25924500,0
1507209156,22808537,0.00005241,892.43982500,0
1507209149,22808536,0.00005241,414.42158000,0
1507209148,22808535,0.00005241,6988.00000000,0
1507209145,22808533,0.00005241,36100.59176100,0
1507209141,22808531,0.00005241,1519.06930700,0
1507209139,22808528,0.00005241,8267.66662000,0
1507209126,22808512,0.00005241,332.96041939,0
1507209102,22808508,0.00005241,4884.32362800,0
1507209078,22808501,0.00005241,891.23175000,0
1507209076,22808498,0.00005241,894.83122600,0
1507209071,22808496,0.00005241,889.91865500,0
1507208959,22808423,0.00005241,819.78293350,0
1507208958,22808422,0.00005240,162.56817206,1
1507208948,22808418,0.00005241,1477.44969656,0
1507208948,22808417,0.00005240,193.15030344,0
1507208719,22808286,0.00005211,995.40049894,0
1507208584,22808143,0.00005190,985.63005779,1
1507208479,22808074,0.00005190,14.36994221,0
1507208217,22807969,0.00005178,3130.44495944,0
1507208216,22807968,0.00005177,722.55741923,0
1507208123,22807928,0.00005168,504.74322755,0
1507208122,22807921,0.00005168,2095.00000000,0
1507207987,22807766,0.00005171,21943.20576290,1
1507207987,22807765,0.00005171,2827.65263330,0
1507207957,22807699,0.00005166,38.61807975,0
1507207937,22807683,0.00005166,480.39430894,0
1507207848,22807649,0.00005166,521.34456059,0
1507207729,22807564,0.00005174,151.98647081,0
1507207729,22807563,0.00005174,1744.97280587,0
1507207552,22807401,0.00005169,2412.24526112,0
1507207431,22807213,0.00005170,1198.00000000,1
1507207323,22807122,0.00005168,1209.51335139,0
1507207066,22806964,0.00005177,2068.57291868,0
1507207011,22806924,0.00005177,211.89878307,0
1507206865,22806875,0.00005180,144.76447876,0
1507206549,22806646,0.00005184,531.05709876,0
1507206449,22806605,0.00005168,2522.15700000,1
1507206434,22806601,0.00005168,5197.90966000,1
1507206422,22806596,0.00005168,1859.97668400,1
1507206192,22806432,0.00005190,409.28285163,0
1507206045,22806326,0.00005190,575.34720616,0
1507206045,22806324,0.00005187,2461.94535448,0
1507206043,22806322,0.00005185,1103.65050000,0
1507205995,22806258,0.00005188,999.00000000,0
1507205995,22806257,0.00005186,1110.88880000,0
1507205994,22806256,0.00005180,888.00000000,0
1507205842,22805965,0.00005185,1098.25640000,0
1507205822,22805936,0.00005180,1694.33598558,1
1507205616,22805679,0.00005196,2126.00000000,1
1507205608,22805669,0.00005229,1907.64237904,1
1507205603,22805668,0.00005211,2500.00000000,0
1507205355,22805406,0.00005206,3516.49238292,0
1507205336,22805394,0.00005206,4178.01075199,0
1507205285,22805359,0.00005207,2548.52141348,0
1507204840,22804912,0.00005203,134.98568248,1
1507204644,22804844,0.00005210,152.09227782,1
1507204560,22804825,0.00005206,314.79112743,1
1507204528,22804820,0.00005203,256.16495528,0
1507203933,22804517,0.00005211,474.04532000,1
1507203867,22804458,0.00005191,305.13420000,0
1507203503,22804271,0.00005183,168.00000000,1
1507203427,22804250,0.00005178,1473.31683495,0
1507203419,22804247,0.00005178,2826.68316505,1
1507203365,22804222,0.00005201,393.75324886,0
1507203316,22804196,0.00005201,2426.83830032,0
1507203093,22804095,0.00005178,489.43022592,1
1507203093,22804094,0.00005179,306.56977408,0
1507203091,22804091,0.00005200,556.35692308,0
1507203089,22804090,0.00005198,299.20260000,0
1507203089,22804089,0.00005195,1127.79740000,0
1507203084,22804087,0.00005200,0.00000040,1
1507203063,22804014,0.00005200,1490.93802200,1
1507203050,22803993,0.00005206,25962.94757399,0
1507203041,22803971,0.00005202,1257.18080000,1
1507203039,22803969,0.00005202,1.45902449,1
1507203039,22803968,0.00005206,1896.73210351,1
1507202970,22803865,0.00005230,1208.58240917,1
1507202854,22803801,0.00005221,42072.35656941,1
1507202854,22803800,0.00005222,9097.32227259,1
1507202851,22803799,0.00005221,13717.60149600,1
1507202850,22803798,0.00005222,2097.87368043,0
1507202850,22803797,0.00005222,1440.46887857,1
1507202850,22803796,0.00005224,800.00000000,1
1507202829,22803781,0.00005240,2250.00000000,0
1507202647,22803703,0.00005240,2861.24032991,1
1507202642,22803701,0.00005240,4043.90530000,1
1507202639,22803699,0.00005240,31431.36900000,1
1507202633,22803698,0.00005240,961.92431200,1
1507202625,22803687,0.00005240,7677.34360600,1
1507202484,22803622,0.00005241,3806.52547223,0
1507202462,22803606,0.00005241,620.84335050,0
1507202415,22803589,0.00005240,1920.00000000,1
1507202412,22803588,0.00005241,137.14531855,0
1507202345,22803546,0.00005241,684.04254913,0
1507202273,22803529,0.00005241,1027.76817401,0
1507202154,22803497,0.00005240,23037.50083100,1
1507202069,22803217,0.00005240,40.00000000,1
1507201969,22803154,0.00005240,12500.00000000,1
1507201935,22803142,0.00005241,1826.48615363,0
1507201931,22803141,0.00005241,2018.37737882,1
1507201831,22803110,0.00005245,513.78226883,0
1507201818,22803095,0.00005245,981.00000000,0
1507201784,22803087,0.00005245,3010.19550400,0
1507201743,22803075,0.00005240,34878.35729400,1
1507201725,22803070,0.00005245,13596.07996575,0
1507201725,22803069,0.00005244,3955.36222625,0
1507201724,22803067,0.00005245,32335.90098685,0
1507201724,22803064,0.00005244,3374.49778315,0
1507201715,22803059,0.00005244,690.13597200,0
1507201707,22803050,0.00005245,7944.13042400,0
1507201665,22802964,0.00005240,6682.63439227,1
1507201665,22802963,0.00005241,1597.01925573,1
1507201543,22802868,0.00005241,2078.99355400,1
1507201528,22802852,0.00005241,1177.65000000,1
1507201503,22802835,0.00005240,200.00000000,1
1507201499,22802833,0.00005240,500.00000000,1
1507201460,22802796,0.00005240,8836.44812900,1
1507201447,22802791,0.00005258,2411.28299733,0
1507201369,22802759,0.00005240,42549.89659200,1
1507201215,22802679,0.00005277,1600.51337423,0
1507200842,22802475,0.00005264,119.54996200,0
1507200633,22802387,0.00005241,7635.16634275,1
1507200632,22802386,0.00005250,3220.15838125,1
1507200601,22802370,0.00005263,485.39008170,0
1507200599,22802369,0.00005262,1981.71232981,0
1507200599,22802368,0.00005262,2404.70000000,0
1507200476,22802298,0.00005240,2528.31759504,1
1507200475,22802297,0.00005247,1100.10570000,1
1507200475,22802296,0.00005249,708.72932546,1
1507200475,22802295,0.00005250,1494.70000000,1
1507200473,22802292,0.00005258,168.14737950,1
1507200359,22802243,0.00005272,49.24222306,0
1507200277,22802170,0.00005289,7048.54120983,0
1507200125,22802117,0.00005283,11350.00000000,0
1507200082,22802105,0.00005275,300.00000000,1
1507200032,22802069,0.00005275,410.53213270,0
1507199995,22802034,0.00005277,203.74305849,0
1507199920,22801998,0.00005274,1418.88284823,0
1507199898,22801991,0.00005274,113.24751514,0
1507199884,22801985,0.00005275,332.03428646,0
1507199873,22801975,0.00005274,449.24246530,0
1507199860,22801969,0.00005275,81.95444694,0
1507199848,22801963,0.00005274,613.29282931,0
1507199837,22801960,0.00005274,685.33106210,0
1507199703,22801876,0.00005270,17664.65966655,1
1507199702,22801872,0.00005270,1820.12473145,1
1507199702,22801871,0.00005271,495.31211765,1
1507199677,22801857,0.00005278,17933.88848000,0
1507199665,22801839,0.00005280,658.78969934,0
1507199641,22801802,0.00005270,2208.87167300,1
1507199624,22801782,0.00005270,15083.98613600,1
1507199548,22801760,0.00005270,2332.01960000,1
1507199540,22801756,0.00005270,890.33819300,1
1507199538,22801755,0.00005272,409.65459028,0
1507199529,22801754,0.00005259,9687.56314000,1
1507199422,22801706,0.00005282,10000.00000000,1
1507199076,22801486,0.00005276,56.71929492,0
1507198833,22801339,0.00005276,78.85331931,1
1507198693,22801196,0.00005290,2401.79446400,1
1507198693,22801195,0.00005290,2297.74053600,1
1507198691,22801193,0.00005290,300.46500000,1
1507198681,22801175,0.00005270,34834.53862600,1
1507198680,22801174,0.00005270,42901.01639976,1
1507198680,22801173,0.00005271,180.76469457,1
1507198680,22801172,0.00005275,903.33891449,1
1507198680,22801171,0.00005276,1193.68051118,1
1507198673,22801170,0.00005270,14279.59337500,1
1507198667,22801168,0.00005270,54221.95816640,1
1507198667,22801167,0.00005271,14708.63415706,1
1507198667,22801166,0.00005272,1020.25573515,1
1507198667,22801165,0.00005273,204.00594139,1
1507198640,22801140,0.00005320,1193.68051118,0
1507198464,22800959,0.00005286,445.86681000,1
1507198455,22800939,0.00005308,2965.08253626,0
1507198454,22800925,0.00005308,297.67915248,0
1507198454,22800920,0.00005308,13868.64770715,0
1507198454,22800919,0.00005306,2448.58432889,0
1507198454,22800918,0.00005288,449.95982627,0
1507198454,22800917,0.00005288,81.05658310,0
1507198452,22800905,0.00005288,360.11315000,0
1507198452,22800896,0.00005286,1402.14104092,0
1507198452,22800894,0.00005286,445.86681000,0
1507198425,22800854,0.00005285,1917.68784000,0
1507198412,22800804,0.00005274,298.13153904,0
1507198410,22800783,0.00005275,275.49944000,0
1507198410,22800781,0.00005276,446.54494000,0
1507198387,22800655,0.00005277,299.20673260,0
1507198387,22800648,0.00005277,13516.90183251,0
1507198386,22800646,0.00005256,363.73876000,0
1507198386,22800643,0.00005258,10798.83501952,1
1507198386,22800641,0.00005258,448.15525000,1
1507198386,22800636,0.00005277,29782.01591775,0
1507198386,22800633,0.00005276,358.95957757,0
1507198386,22800631,0.00005260,6586.88342682,0
1507198385,22800630,0.00005257,1794.79788786,0
1507198163,22800467,0.00005258,171.98929492,0
1507198126,22800445,0.00005258,147.84906998,0
1507198095,22800427,0.00005240,10000.00000000,1
1507198051,22800409,0.00005258,77.76953355,0
1507198004,22800306,0.00005260,113.55138051,0
1507197832,22799790,0.00005255,1495.97069457,0
1507197830,22799788,0.00005250,0.00000028,0
1507197763,22799624,0.00005234,2348.50428620,1
1507197581,22799398,0.00005227,1297.43620859,1
1507197581,22799397,0.00005228,1314.43619141,0
1507197581,22799396,0.00005235,1292.72760000,1
1507197579,22799394,0.00005240,1095.40000000,1
1507197497,22799361,0.00005250,2886.26868000,0
1507197368,22799317,0.00005269,1003.37502372,0
1507197351,22799309,0.00005270,1294.65711574,0
1507197325,22799295,0.00005226,16207.80754025,0
1507197325,22799292,0.00005236,1500.20590000,1
1507197325,22799291,0.00005239,5941.38856147,1
1507197323,22799289,0.00005240,9397.33060828,1
1507197320,22799285,0.00005269,66.99957377,0
1507196900,22798706,0.00005265,1331.68415882,1
1507196801,22798551,0.00005288,8.79009135,1
1507196797,22798548,0.00005288,441.16977619,1
1507196726,22798431,0.00005292,60.39807037,0
1507196726,22798430,0.00005292,100.66345062,0
1507196686,22798367,0.00005287,13.05606668,1
1507196685,22798365,0.00005287,117.50460008,1
1507196583,22798205,0.00005290,228.73535781,0
1507196508,22798065,0.00005294,770.53565029,0
1507196333,22797735,0.00005286,227.41273036,0
1507196320,22797683,0.00005286,377.41430193,0
1507195988,22796777,0.00005290,1223.77542533,0
1507195924,22796530,0.00005294,906.30978466,0
1507195804,22796054,0.00005249,1542.23874571,0
1507195804,22796050,0.00005249,125.76125429,0
1507195016,22795914,0.00005271,1969.65346855,0
1507194939,22795851,0.00005249,2072.23327150,1
1507194939,22795849,0.00005274,223.08186589,0
1507194912,22795789,0.00005274,95.30273935,0
1507194865,22795687,0.00005252,200.00000000,1
1507194829,22795674,0.00005277,1040.89027857,0
1507194821,22795672,0.00005251,2200.10000000,1
1507194821,22795671,0.00005251,1799.90000000,1
1507194702,22795556,0.00005273,771.18296983,1
1507194671,22795544,0.00005287,674.87781350,0
1507194634,22795506,0.00005253,2362.88933829,1
1507194630,22795482,0.00005280,3091.60462601,0
1507194629,22795480,0.00005279,11943.28693760,0
1507194629,22795478,0.00005273,648.38431014,0
1507194622,22795452,0.00005273,122.79865969,0
1507194555,22795359,0.00005255,771.18296983,1
1507194553,22795358,0.00005271,93.67097678,1
1507194527,22795349,0.00005278,401.35587215,0
1507194383,22795226,0.00005288,57.86856492,0
1507194380,22795225,0.00005265,3479.93921574,0
1507194379,22795224,0.00005265,4155.33799207,0
1507194374,22795221,0.00005265,248.33392287,0
1507194367,22795217,0.00005263,1131.26040000,0
1507194294,22795054,0.00005274,112.00752707,0
1507194053,22794808,0.00005290,743.26867900,0
1507194048,22794807,0.00005290,743.26867900,0
1507194043,22794803,0.00005289,1195.52804533,0
1507194043,22794802,0.00005289,4515.67944227,0
1507194034,22794800,0.00005276,100.00000000,1
1507193977,22794757,0.00005295,94.64574171,0
1507193977,22794756,0.00005295,76.26466842,0
1507193976,22794755,0.00005294,53.38526790,0
1507193966,22794746,0.00005291,122.10145609,0
1507193966,22794745,0.00005291,85.47101926,0
1507193965,22794744,0.00005291,59.82971348,0
1507193957,22794742,0.00005291,91.83125346,0
1507193955,22794741,0.00005291,174.43065156,0
1507193945,22794734,0.00005292,203.17694865,0
1507193944,22794733,0.00005292,203.17694865,0
1507193878,22794704,0.00005286,231.96999113,0
1507193846,22794690,0.00005284,1888.70000000,0
1507193711,22794641,0.00005295,90.11332416,0
1507193681,22794626,0.00005295,215.29466573,0
1507193637,22794611,0.00005293,131.10579396,0
1507193626,22794606,0.00005290,203.19571442,0
1507193616,22794605,0.00005292,210.52926006,0
1507193616,22794604,0.00005291,147.37048204,0
1507193616,22794603,0.00005291,103.15933743,0
1507193616,22794602,0.00005291,203.40236686,0
1507193615,22794600,0.00005275,500.00000000,1
1507193606,22794598,0.00005287,113.31346154,0
1507193605,22794597,0.00005289,203.40236686,0
1507193605,22794596,0.00005289,79.31943417,0
1507193605,22794595,0.00005289,429.65155114,0
1507193604,22794594,0.00005289,300.75608580,0
1507193595,22794590,0.00005291,89.20773801,0
1507193594,22794589,0.00005291,123.90611570,0
1507193594,22794588,0.00005291,83.74417516,0
1507193594,22794587,0.00005291,55.28172376,0
1507193583,22794580,0.00005293,212.79546080,1
1507193579,22794576,0.00005296,114.34069840,0
1507193578,22794575,0.00005293,45.08249846,0
1507193578,22794572,0.00005293,252.86962388,0
1507193578,22794570,0.00005293,177.00873671,0
1507193575,22794569,0.00005293,654.66054095,0
1507193572,22794567,0.00005294,555.33328447,1
1507193567,22794566,0.00005298,51.93021882,0
1507193567,22794565,0.00005296,203.15818635,0
1507193558,22794554,0.00005301,383.12245044,0
1507193558,22794553,0.00005294,58.31782657,0
1507193558,22794552,0.00005294,309.00819945,0
1507193557,22794550,0.00005294,216.30576177,0
1507193557,22794548,0.00005294,151.41401662,0
1507193557,22794547,0.00005294,105.98002031,0
1507193556,22794545,0.00005294,203.12067214,0
1507193556,22794544,0.00005294,74.18600314,0
1507193547,22794538,0.00005300,88.11936315,0
1507193546,22794537,0.00005300,800.02522657,1
1507193546,22794536,0.00005301,371.98542657,0
1507193545,22794535,0.00005300,4500.00000000,1
1507193545,22794534,0.00005301,203.13942752,0
1507193544,22794529,0.00005300,1836.00727600,1
1507193544,22794528,0.00005300,3808.34172500,1
1507193544,22794527,0.00005300,16595.20299900,1
1507193534,22794524,0.00005301,105.75653198,0
1507193533,22794522,0.00005300,2305.90849800,1
1507193532,22794518,0.00005300,3781.43316300,1
1507193527,22794514,0.00005300,633.11721400,1
1507193526,22794513,0.00005300,500.72596000,1
1507193520,22794510,0.00005300,9954.40929900,1
1507193518,22794509,0.00005301,315.02160397,0
1507193508,22794504,0.00005300,22719.03451400,1
1507193500,22794499,0.00005300,87805.38075308,1
1507193497,22794485,0.00005300,5043.81133900,1
1507193496,22794482,0.00005300,6269.29442600,1
1507193494,22794479,0.00005305,202.78366670,0
1507193492,22794477,0.00005300,19000.00000000,1
1507193491,22794476,0.00005300,7895.30041000,1
1507193484,22794472,0.00005304,73.86032462,0
1507193484,22794471,0.00005304,52.03971239,0
1507193484,22794470,0.00005304,202.83975659,0
1507193480,22794468,0.00005301,87.28872877,0
1507193457,22794461,0.00005305,202.63424519,0
1507193456,22794460,0.00005305,103.25833645,0
1507193446,22794458,0.00005307,186.79760013,0
1507193443,22794456,0.00005309,207.09337204,0
1507193436,22794450,0.00005310,202.65291083,0
1507193435,22794448,0.00005300,17845.78858424,1
1507193435,22794447,0.00005305,1237.56199570,1
1507193435,22794446,0.00005306,5740.66042006,1
1507193433,22794445,0.00005305,101.22551667,1
1507193432,22794444,0.00005306,99.37532233,1
1507193425,22794439,0.00005306,202.57876084,0
1507193414,22794431,0.00005307,202.63424519,0
1507193401,22794426,0.00005301,479.18132000,1
1507193390,22794424,0.00005307,1458.51586600,0
1507193376,22794418,0.00005300,19810.80304546,1
1507193376,22794417,0.00005315,189.19695454,1
1507193330,22794391,0.00005320,250.00000000,0
1507193325,22794389,0.00005320,568.55012841,1
1507193322,22794387,0.00005320,364.61869100,1
1507193302,22794377,0.00005320,4200.57171900,1
1507193299,22794375,0.00005320,933.16881900,1
1507193291,22794369,0.00005325,100.00000000,0
1507193273,22794359,0.00005320,4498.09064259,1
1507193273,22794358,0.00005322,5105.70135741,1
1507193269,22794354,0.00005322,986.86651200,1
1507193269,22794353,0.00005322,5080.17696400,1
1507193256,22794343,0.00005342,202.37328673,0
1507193256,22794342,0.00005342,202.37328673,0
1507193255,22794341,0.00005323,14631.53439460,1
1507193255,22794340,0.00005342,66.56844779,0
1507193247,22794335,0.00005328,206.67420013,0
1507193245,22794333,0.00005328,546.00048091,0
1507193245,22794332,0.00005328,382.16517923,0
1507193244,22794331,0.00005328,551.92714562,0
1507193244,22794330,0.00005328,544.95257037,0
1507193244,22794329,0.00005328,383.65799964,0
1507193243,22794328,0.00005328,268.56059974,0
1507193242,22794325,0.00005322,775.20234000,1
1507193235,22794321,0.00005322,21030.34930100,1
1507193233,22794320,0.00005329,546.53982562,0
1507193224,22794313,0.00005329,100.00000000,0
1507193195,22794301,0.00005329,1213.63370238,0
1507193195,22794300,0.00005329,51.35728090,0
1507193191,22794299,0.00005322,239.90843210,1
1507193185,22794296,0.00005331,121.61568281,0
1507193185,22794295,0.00005331,85.13097797,0
1507193185,22794294,0.00005331,59.59230481,0
1507193134,22794253,0.00005339,172.92797536,0
1507193101,22794222,0.00005349,1049.84109179,0
1507192869,22794110,0.00005322,506.71508400,1
1507192860,22794098,0.00005322,1916.42804600,1
1507192853,22794097,0.00005322,245.73670000,1
1507192850,22794096,0.00005322,129.12796400,1
1507192848,22794094,0.00005322,1367.95685400,1
1507192838,22794092,0.00005322,4326.51315200,1
1507192832,22794091,0.00005322,200.00000000,1
1507192824,22794089,0.00005322,932.24299100,1
1507192824,22794087,0.00005322,4096.29136200,1
1507192808,22794082,0.00005323,295.25332000,1
1507192704,22794057,0.00005345,544.12345679,0
1507192666,22794048,0.00005328,1117.11620000,0
1507192548,22794017,0.00005333,281.84257735,0
1507192520,22794007,0.00005332,190.53544634,0
1507192284,22793947,0.00005345,129.65164455,0
1507192262,22793946,0.00005343,57.61593395,0
1507192089,22793807,0.00005343,188.96369935,0
1507192088,22793804,0.00005331,286.20896642,0
1507192088,22793801,0.00005331,93.79103358,1
1507191984,22793771,0.00005347,104.29933725,0
1507191984,22793770,0.00005340,26.67705643,0
1507191945,22793756,0.00005340,73.32294357,0
1507191836,22793722,0.00005338,380.10848471,1
1507191591,22793651,0.00005358,997.87234042,0
1507191580,22793645,0.00005358,7914.63568495,0
1507191467,22793578,0.00005371,2284.98009000,1
1507191464,22793577,0.00005368,1733.59903132,0
1507191464,22793576,0.00005367,20768.22400000,0
1507191464,22793575,0.00005367,535.00000000,0
1507191398,22793559,0.00005353,3569.04141500,1
1507191394,22793557,0.00005353,50158.75247454,0
1507191393,22793556,0.00005351,6282.46342122,0
1507191393,22793555,0.00005351,2363.20000000,0
1507191365,22793541,0.00005350,110.12032100,1
1507191292,22793498,0.00005351,228.21582943,0
1507191253,22793468,0.00005351,118.13535164,0
1507191253,22793467,0.00005351,201.04176186,0
1507191215,22793448,0.00005334,2500.00000000,1
1507191193,22793440,0.00005353,199.21103833,0
1507191155,22793434,0.00005353,1260.04261878,0
1507191114,22793418,0.00005353,531.73775843,0
1507191114,22793416,0.00005353,2851.03523401,0
1507191112,22793414,0.00005351,111.65630758,0
1507191096,22793399,0.00005332,232.66148936,1
1507191040,22793370,0.00005351,441.93182153,0
1507191024,22793360,0.00005351,2232.30000000,0
1507190631,22793232,0.00005334,210.67836700,1
1507190630,22793230,0.00005341,4014.83522378,1
1507190394,22793152,0.00005369,1498.96351424,0
1507190314,22793134,0.00005355,695.00000000,0
1507190092,22793083,0.00005355,2235.29411764,0
1507189869,22793011,0.00005351,47.00000000,0
1507189748,22792972,0.00005347,5036.67907237,0
1507189353,22792826,0.00005342,100.00000000,0
1507189298,22792778,0.00005323,23076.79928554,1
1507189298,22792777,0.00005325,14557.10071446,1
1507189298,22792776,0.00005328,2366.10000000,1
1507189256,22792750,0.00005355,12334.70793650,0
1507189149,22792697,0.00005405,478.32969472,1
1507189146,22792695,0.00005324,262.32400000,0
1507189117,22792681,0.00005337,4459.74068351,0
1507189117,22792680,0.00005336,14001.89150649,0
1507189065,22792646,0.00005334,84.15391826,0
1507189057,22792639,0.00005315,2074.17293614,0
1507189001,22792621,0.00005315,808.11663960,0
1507189000,22792620,0.00005315,4043.96941957,0
1507188995,22792618,0.00005315,1596.76136475,0
1507188994,22792615,0.00005315,911.55219734,1
1507188994,22792614,0.00005315,4565.42744260,1
1507188832,22792580,0.00005314,500.00000000,1
1507188502,22792446,0.00005328,467.78547297,0
1507188230,22792365,0.00005318,835.41234565,1
1507187590,22792131,0.00005329,996.26252580,0
1507187433,22792067,0.00005318,9802.95811911,0
1507187432,22792066,0.00005318,5038.25217322,1
1507187432,22792065,0.00005320,1345.78859900,1
1507187287,22792023,0.00005319,816.51812100,1
1507187174,22791998,0.00005347,1121.29680194,0
1507186820,22791723,0.00005340,146.00000000,1
1507186751,22791603,0.00005341,2180.24196223,1
1507186616,22791495,0.00005407,82.86535971,1
1507186616,22791493,0.00005385,495.14453406,0
1507186615,22791492,0.00005372,1152.90000000,0
1507186615,22791491,0.00005366,2475.72267029,0
1507186613,22791489,0.00005365,1832.18509509,0
1507186491,22791451,0.00005366,3148.50428624,0
1507186415,22791391,0.00005373,3065.32011911,0
1507186335,22791331,0.00005371,1803.18106896,1
1507186334,22791327,0.00005370,1196.81893104,0
1507186270,22791302,0.00005364,91.68249642,1
1507186210,22791239,0.00005338,325.62993197,1
1507186207,22791235,0.00005337,3369.18104836,0
1507186207,22791232,0.00005337,4.07171536,1
1507186204,22791219,0.00005337,321.55823220,1
1507186146,22791191,0.00005340,200.00000000,1
1507186131,22791182,0.00005369,50.82000000,0
1507186074,22791082,0.00005369,3060.49388606,0
1507186074,22791081,0.00005366,1127.69384044,0
1507186074,22791080,0.00005362,1609.95451098,0
1507186074,22791079,0.00005362,6134.78826738,0
1507186039,22791054,0.00005371,6698.42617762,1
1507186039,22791053,0.00005371,1591.88229686,0
1507186038,22791048,0.00005351,0.00000010,0
1507185953,22791016,0.00005351,7759.34569300,0
1507185712,22790921,0.00005324,1152.96622082,1
1507185712,22790920,0.00005327,5379.16464795,1
1507185710,22790919,0.00005328,13467.86913123,1
1507185650,22790881,0.00005351,72.00000000,0
1507185573,22790815,0.00005358,2446.13307204,0
1507185569,22790813,0.00005301,602.65054051,0
1507185569,22790812,0.00005301,372.14745959,0
1507185560,22790804,0.00005301,230.40602106,0
1507185559,22790803,0.00005301,602.42417594,0
1507185450,22790734,0.00005281,1500.00000000,1
1507185280,22790690,0.00005297,577.74117424,0
1507185280,22790689,0.00005296,1414.16565182,0
1507185278,22790688,0.00005291,136.49873681,0
1507185159,22790648,0.00005279,8919.86062695,0
1507185159,22790647,0.00005278,4515.67944227,0
1507185159,22790645,0.00005277,2153.30000000,0
1507185159,22790644,0.00005277,8145.70067436,0
1507185144,22790630,0.00005277,1663.44207400,0
1507185117,22790617,0.00005258,2184.40097360,0
1507185099,22790611,0.00005260,9758.47659200,0
1507185099,22790610,0.00005260,6763.30640800,0
1507185097,22790608,0.00005260,23478.21700000,0
1507184834,22790448,0.00005258,72.98326359,0
1507184713,22790385,0.00005123,9891.79225200,0
1507184712,22790384,0.00005204,100.00000000,1
1507184712,22790383,0.00005209,2143.09930000,1
1507184712,22790382,0.00005228,931.99644800,1
1507184710,22790380,0.00005229,15933.11200000,1
1507184554,22790329,0.00005251,234.18396495,0
1507184385,22790260,0.00005233,3211.61182100,0
1507184384,22790259,0.00005233,12.99942779,0
1507184384,22790258,0.00005232,422.37486821,0
1507184271,22790178,0.00005220,293.80311972,1
1507184149,22790134,0.00005237,418.00248234,0
1507183947,22790043,0.00005228,2460.83543100,0
1507183937,22790038,0.00005229,3691.85057339,0
1507183937,22790037,0.00005220,980.91118061,0
1507183929,22790032,0.00005220,1951.08735527,0
1507183929,22790031,0.00005218,983.91264473,0
1507183925,22790019,0.00005218,2827.16322500,0
1507183913,22790007,0.00005220,3741.24657100,0
1507183913,22790006,0.00005220,3484.26753429,0
1507183913,22790005,0.00005219,2931.99853571,0
1507183912,22790003,0.00005219,983.91264500,0
1507183906,22789988,0.00005220,171.90000000,0
1507183904,22789986,0.00005219,10329.41264100,0
1507183903,22789985,0.00005220,2325.10177800,0
1507183902,22789984,0.00005220,2931.99853600,0
1507183902,22789983,0.00005219,233.97013480,0
1507183900,22789982,0.00005226,1968.81050000,1
1507183900,22789981,0.00005227,9150.25980104,1
1507183900,22789980,0.00005227,63102.89000000,1
1507183900,22789979,0.00005228,2387.50000000,1
1507183899,22789978,0.00005229,14189.07469616,1
1507183899,22789977,0.00005229,3614.95204763,1
1507183845,22789952,0.00005237,176.99751766,0
1507183801,22789864,0.00005249,1480.51397800,0
1507183693,22789815,0.00005220,277.20202192,1
1507183678,22789805,0.00005260,5760.00000000,1
1507183677,22789804,0.00005260,159.30000000,1
1507183675,22789800,0.00005262,2088.17005970,1
1507183642,22789767,0.00005300,962.49389209,0
1507183641,22789766,0.00005295,2871.09538010,0
1507183641,22789765,0.00005301,1941.37408036,1
1507183639,22789764,0.00005280,3570.99144201,0
1507183639,22789763,0.00005279,14316.68468305,0
1507183433,22789669,0.00005285,1920.10000000,0
1507183404,22789651,0.00005260,2320.71543010,0
1507182998,22789393,0.00005313,14331.80295241,0
1507182903,22789349,0.00005343,3155.26979599,1
1507182884,22789326,0.00005359,1240.19766800,0
1507182791,22789273,0.00005359,396.64862847,0
1507182718,22789241,0.00005361,44.11863458,0
1507182054,22789014,0.00005366,803.13548267,0
1507181936,22788963,0.00005357,10162.57476199,0
1507181934,22788959,0.00005335,335.12858815,0
1507181916,22788946,0.00005335,4986.87141185,0
1507181916,22788945,0.00005334,2237.18745809,0
1507181916,22788944,0.00005329,1005.53193906,0
1507181902,22788941,0.00005330,1483.89791500,0
1507181890,22788939,0.00005332,2871.96008500,0
1507181889,22788938,0.00005330,243.36729401,1
1507181881,22788931,0.00005322,3860.47884275,0
1507181869,22788923,0.00005333,5777.46218059,0
1507181869,22788922,0.00005324,3527.96490941,0
1507181864,22788917,0.00005321,4595.94857700,0
1507181685,22788837,0.00005231,12637.02735839,0
1507181685,22788835,0.00005232,559.79109738,1
1507181684,22788833,0.00005293,1597.84100000,1
1507181684,22788832,0.00005295,2797.67615697,1
1507181684,22788831,0.00005300,9754.01498220,1
1507181646,22788816,0.00005302,1476.68740500,0
1507181640,22788812,0.00005302,5090.56513500,0
1507181635,22788809,0.00005302,28823.03800000,1
1507181635,22788808,0.00005303,6594.99443577,1
1507181621,22788804,0.00005310,3560.03872571,1
1507181616,22788797,0.00005309,2360.30777400,0
1507181615,22788795,0.00005309,5554.52762600,0
1507181584,22788781,0.00005316,9500.00000000,0
1507181580,22788780,0.00005316,2360.80000000,1
1507181460,22788721,0.00005335,3577.39931771,1
1507181453,22788718,0.00005336,387.92941100,1
1507181386,22788682,0.00005348,412.66361256,1
1507181247,22788609,0.00005351,2274.15436367,0
1507181144,22788576,0.00005349,602.27058201,1
1507181059,22788509,0.00005344,1000.00000000,1
1507181025,22788472,0.00005388,0.00000019,1
1507180991,22788446,0.00005399,1330.24634191,0
1507180979,22788429,0.00005388,1825.03215698,1
1507180979,22788427,0.00005399,0.00000002,1
1507180966,22788411,0.00005399,4927.64232300,1
1507180946,22788405,0.00005400,8850.00000000,1
1507180905,22788393,0.00005403,11432.61700000,1
1507180898,22788383,0.00005402,2523.57210200,1
1507180891,22788379,0.00005405,193.00000000,1
1507180863,22788371,0.00005448,1008.95447870,0
1507180854,22788370,0.00005451,137.09455745,0
1507180815,22788364,0.00005411,1658.38354759,1
1507180814,22788363,0.00005411,1474.47025300,1
1507180800,22788361,0.00005411,3133.43288600,1
1507180696,22788307,0.00005462,2752.00823874,0
1507180695,22788306,0.00005450,121.66783616,0
1507180695,22788305,0.00005450,608.33918079,0
1507180695,22788303,0.00005440,5000.00000000,0
1507180694,22788302,0.00005439,1805.10000000,0
1507180694,22788301,0.00005439,2022.16763925,0
1507180621,22788283,0.00005438,198.10702464,0
1507180356,22788207,0.00005420,3000.00000000,0
1507180336,22788197,0.00005412,2003.20128300,1
1507180303,22788180,0.00005430,4036.63984000,1
1507180302,22788179,0.00005431,2009.48362000,0
1507180295,22788177,0.00005425,4600.00000000,0
1507180110,22788125,0.00005451,110.21495850,0
1507180101,22788123,0.00005453,9295.11754997,1
1507180101,22788122,0.00005453,12156.69901751,0
1507180042,22788083,0.00005422,249.17945407,1
1507180040,22788081,0.00005418,1272.90000000,0
1507180031,22788078,0.00005419,238.09374423,0
1507180018,22788071,0.00005411,2029.54439269,1
1507180018,22788070,0.00005419,110.21495831,1
1507179990,22788051,0.00005418,153.01486437,0
1507179972,22788045,0.00005420,65.96586715,0
1507179888,22788007,0.00005429,328.27903972,0
1507179844,22787984,0.00005429,321.99710116,0
1507179833,22787979,0.00005430,277.90822795,0
1507179673,22787927,0.00005440,582.88547800,0
1507179673,22787926,0.00005440,304.62100785,0
1507179661,22787910,0.00005447,598.34595054,0
1507179653,22787906,0.00005405,11039.58436039,1
1507179653,22787905,0.00005415,3382.97621537,1
1507179653,22787904,0.00005416,8029.09745389,1
1507179653,22787903,0.00005417,2314.30000000,1
1507179653,22787902,0.00005443,159.04197035,1
1507179645,22787898,0.00005458,14780.28668100,0
1507179639,22787896,0.00005460,2252.99542124,1
1507179639,22787894,0.00005450,1136.09956398,0
1507179637,22787892,0.00005443,684.15354052,0
1507179618,22787888,0.00005443,590.72534867,1
1507179617,22787887,0.00005444,10165.86609110,0
1507179616,22787886,0.00005444,79.69981373,0
1507179616,22787885,0.00005443,846.25242438,0
1507179614,22787884,0.00005443,1661.92491000,0
1507179591,22787872,0.00005449,75.84844436,0
1507179575,22787859,0.00005447,1984.35893333,0
1507179575,22787858,0.00005447,507.70167975,0
1507179574,22787857,0.00005446,289.70538881,0
1507179574,22787856,0.00005446,482.84231469,0
1507179521,22787843,0.00005415,93.00000000,1
1507179474,22787827,0.00005450,1863.90043602,0
1507179474,22787826,0.00005449,1233.95053667,0
1507179396,22787792,0.00005440,36.67297794,0
1507179355,22787778,0.00005436,367.00000000,0
1507179108,22787732,0.00005436,2024.32947019,0
1507179015,22787596,0.00005430,878.08471454,0
1507178819,22787536,0.00005412,1083.89169425,1
1507178819,22787535,0.00005414,3447.28827175,1
1507178649,22787505,0.00005439,1013.00000000,1
1507178535,22787460,0.00005409,218.86024800,1
1507178522,22787447,0.00005439,5185.13991542,1
1507178521,22787446,0.00005439,1157.67526845,0
1507178474,22787407,0.00005413,3369.10502660,1
1507178474,22787406,0.00005417,239.83457340,1
1507178399,22787369,0.00005437,657.71565201,0
1507178380,22787358,0.00005438,2329.22140492,0
1507178354,22787332,0.00005434,1692.20000000,0
1507178353,22787330,0.00005432,3331.62765800,0
1507178285,22787313,0.00005400,22.80618905,0
1507178285,22787311,0.00005399,194.78348414,0
1507178282,22787310,0.00005399,1753.05135723,0
1507178280,22787307,0.00005400,1224.14900000,0
1507178280,22787305,0.00005400,10635.47105241,0
1507178279,22787304,0.00005398,6426.12192700,0
1507178279,22787303,0.00005398,3312.52816400,0
1507178279,22787302,0.00005398,919.62715000,0
1507178277,22787301,0.00005406,1648.85640000,1
1507178277,22787300,0.00005407,10421.11000000,1
1507178276,22787299,0.00005407,800.37864757,1
1507178276,22787298,0.00005408,14165.90966116,1
