date,tid,price,amount,type
1507247921,22838208,0.20152,500.00000000,0
1507247921,22838207,0.20152,2498.75062468,0
1507247921,22838206,0.20152,82.77725300,0
1507247845,22838196,0.20152,118.54877700,0
1507247782,22838190,0.20152,225.17140000,0
1507247782,22838189,0.20151,274.82860000,0
1507247747,22838186,0.20132,886.80532218,0
1507247747,22838185,0.20132,85.47008547,0
1507247693,22838165,0.20128,500.00000000,1
1507247693,22838164,0.20128,500.00000000,1
1507247689,22838155,0.20152,274.82860000,0
1507247688,22838145,0.20127,465.08187000,1
1507247687,22838139,0.20152,5159.68662000,1
1507247687,22838137,0.20152,497.21172782,1
1507247687,22838136,0.20153,841.15435000,1
1507247686,22838133,0.20152,2002.78827218,1
1507247176,22837942,0.20311,349.04475407,1
1507247174,22837939,0.20200,143.00000000,0
1507247130,22837910,0.20154,0.00003991,0
1507247130,22837909,0.20154,1678.68860000,0
1507246915,22837847,0.20104,500.00000000,0
1507246740,22837760,0.20066,169.12825486,1
1507246740,22837759,0.20089,125.06962492,1
1507246299,22837467,0.20089,374.99999979,1
1507246299,22837465,0.20110,125.00000000,1
1507246299,22837462,0.20159,0.00000021,1
1507246295,22837445,0.20159,1689.21870031,1
1507246295,22837444,0.20160,1033.12955369,1
1507246172,22837329,0.20296,997.70279858,0
1507246081,22837306,0.20264,10945.70056000,1
1507246081,22837305,0.20265,8582.74444000,1
1507246021,22837294,0.20265,2728.34620389,1
1507246021,22837293,0.20276,4722.06410111,1
1507245891,22837236,0.20410,10371.69528810,0
1507245858,22837227,0.20400,0.38081000,0
1507245858,22837226,0.20345,319.58252000,0
1507245635,22837112,0.20344,205.41748000,0
1507245573,22837028,0.20418,873.61448339,0
1507245573,22837027,0.20382,180.00000000,0
1507245573,22837026,0.20346,30.41608400,0
1507245571,22837025,0.20345,44.05552200,0
1507245516,22836999,0.20278,1003.00000000,1
1507245395,22836939,0.20276,0.00000561,0
1507245395,22836938,0.20276,4712.10896300,0
1507245395,22836934,0.20276,0.00000025,0
1507244944,22836718,0.20276,867.72554600,0
1507244836,22836689,0.20276,3652.83275794,0
1507244605,22836594,0.20180,2000.00000000,0
1507244601,22836591,0.20126,2205.07249997,0
1507244597,22836589,0.20126,3694.08258000,0
1507244595,22836588,0.20126,406.57880003,1
1507244595,22836587,0.20127,3694.26612000,1
1507244540,22836562,0.20126,524.99999955,0
1507244540,22836561,0.20126,1584.32873345,0
1507244529,22836541,0.20126,406.57880003,0
1507244527,22836538,0.20126,123.94433000,0
1507244523,22836534,0.20126,408.53048652,0
1507244519,22836527,0.20126,2476.61765000,1
1507244043,22836310,0.20242,197.11609525,0
1507243891,22836201,0.20287,639.01000000,0
1507243857,22836184,0.20238,638.76000000,0
1507243825,22836168,0.20249,640.34000000,0
1507243791,22836146,0.20234,365.05090000,0
1507243791,22836145,0.20230,274.30910000,0
1507243743,22836135,0.20248,640.21000000,0
1507243668,22836074,0.20097,611.34000000,1
1507243666,22836070,0.20241,400.66000000,1
1507243627,22836057,0.20241,240.00000000,1
1507243626,22836056,0.20301,1174.03974163,0
1507243604,22835977,0.20241,577.33881725,0
1507243602,22835976,0.20160,434.67073000,0
1507243597,22835969,0.20139,200.56298381,0
1507243597,22835968,0.20139,109.31920484,0
1507243595,22835962,0.20139,175.88331098,0
1507243594,22835960,0.20139,540.74030000,0
1507243575,22835906,0.20057,500.00000000,0
1507243575,22835904,0.20057,500.00000000,0
1507243575,22835901,0.20057,6000.00000000,0
1507243572,22835875,0.20056,3464.59525567,1
1507243572,22835873,0.20076,100.00000000,1
1507243571,22835872,0.20100,1000.00000000,1
1507243571,22835870,0.20101,100.00000000,1
1507243571,22835869,0.20109,497.28977000,1
1507243570,22835867,0.20126,100.00000000,1
1507243570,22835862,0.20138,2585.02227433,1
1507243570,22835859,0.20139,2133.09270000,1
1507243569,22835854,0.20139,500.00000000,1
1507243568,22835849,0.20139,500.00000000,1
1507243562,22835802,0.20138,2906.81900567,1
1507243562,22835797,0.20151,100.00000000,1
1507243560,22835787,0.20160,6629.22008369,1
1507243557,22835766,0.20160,2076.45702348,1
1507243556,22835758,0.20160,87.10801394,1
1507243556,22835755,0.20160,843.25396825,1
1507243552,22835733,0.20161,1628.62320286,1
1507243552,22835729,0.20161,1000.00000000,1
1507243545,22835695,0.20160,363.96091064,1
1507243545,22835693,0.20176,100.00000000,1
1507243545,22835692,0.20186,356.72998936,1
1507243543,22835685,0.20187,274.30910000,1
1507243537,22835647,0.20186,500.00000000,1
1507243533,22835627,0.20186,550.00000000,0
1507243531,22835619,0.20197,450.00000000,1
1507243452,22835582,0.20203,200.00000000,1
1507243450,22835581,0.20201,828.00000000,0
1507243450,22835580,0.20201,3823.61407427,0
1507243449,22835579,0.20201,10000.00000000,0
1507243449,22835578,0.20201,10000.00000000,0
1507243449,22835577,0.20201,8136.73998654,0
1507243449,22835576,0.20200,1863.26001346,0
1507243448,22835575,0.20200,1395.39054654,1
1507243437,22835573,0.20201,2500.00000000,1
1507243437,22835572,0.20201,100.00000000,1
1507243298,22835523,0.20240,762.37396679,1
1507243290,22835521,0.20240,4557.76572470,1
1507243258,22835502,0.20240,129.74628627,1
1507243199,22835473,0.20240,14.27903224,1
1507243197,22835472,0.20266,135.72096776,1
1507243184,22835463,0.20266,257.78702996,1
1507243182,22835461,0.20280,373.82277960,1
1507243160,22835447,0.20280,12516.63300000,1
1507243126,22835436,0.20280,5376.22312600,1
1507243125,22835435,0.20280,13572.75721200,1
1507243086,22835421,0.20280,56864.73767000,1
1507243086,22835420,0.20281,3135.26233000,1
1507243078,22835407,0.20280,1000.00620440,1
1507243077,22835400,0.20280,1000.00000000,1
1507243074,22835390,0.20280,3252.70514700,1
1507243068,22835385,0.20280,113.23592100,1
1507243067,22835384,0.20281,3464.58161000,1
1507243060,22835370,0.20280,5929.87894000,1
1507243060,22835369,0.20281,7380.61794000,1
1507243052,22835359,0.20280,787.06484200,1
1507243050,22835358,0.20280,600.00000000,0
1507242973,22835306,0.20266,1722.82852999,1
1507242969,22835304,0.20266,901.25155229,1
1507242969,22835303,0.20277,147.95088031,1
1507242969,22835302,0.20300,0.00000040,1
1507242969,22835301,0.20306,250.00000000,1
1507242922,22835273,0.20332,43.00000000,0
1507242858,22835248,0.20300,499.99999960,1
1507242858,22835247,0.20300,100.00000000,1
1507242858,22835245,0.20300,249.39970740,1
1507242841,22835235,0.20306,560.74630362,1
1507242841,22835234,0.20306,1017.69706338,1
1507242832,22835231,0.20306,500.00004788,1
1507242831,22835230,0.20306,1156.20785138,1
1507242809,22835219,0.20306,838.40625100,1
1507242809,22835218,0.20310,738.00000000,1
1507242569,22835149,0.20382,500.00000000,0
1507242504,22835131,0.20311,2878.00000000,1
1507242457,22835111,0.20312,1962.94254445,0
1507242381,22835084,0.20312,1102.00000000,1
1507242379,22835081,0.20311,184.00000000,1
1507242378,22835077,0.20311,999.49287049,1
1507242378,22835075,0.20338,107.50712951,1
1507242303,22835007,0.20414,1434.86259429,0
1507242302,22835005,0.20412,13225.58226000,0
1507242220,22834925,0.20372,2629.00000000,1
1507242167,22834896,0.20372,733.00000000,1
1507242149,22834892,0.20355,828.00000000,0
1507241967,22834829,0.20420,1979.43192900,1
1507241864,22834817,0.20420,210.05269344,0
1507241822,22834806,0.20338,40.00000000,1
1507241813,22834805,0.20434,7366.28136931,0
1507241503,22834670,0.20328,2444.76000000,1
1507241503,22834669,0.20328,2500.00000000,1
1507241470,22834598,0.20350,1923.51290850,0
1507241469,22834593,0.20350,2500.00000000,0
1507241469,22834590,0.20350,3506.65194000,0
1507241467,22834587,0.20355,35322.72802760,1
1507241467,22834586,0.20361,147.34050390,1
1507241467,22834585,0.20367,3507.34067000,1
1507241467,22834584,0.20368,2500.00000000,1
1507241467,22834583,0.20371,1509.42595000,1
1507241385,22834541,0.20527,29.61579602,1
1507241385,22834540,0.20527,1035.10920000,0
1507241321,22834524,0.20430,2139.76000000,1
1507241304,22834520,0.20428,100.00000000,0
1507241302,22834519,0.20429,160.00000000,1
1507241190,22834497,0.20543,1456.70968213,0
1507241174,22834492,0.20551,270.00000000,0
1507241170,22834487,0.20554,30.00000000,0
1507241091,22834468,0.20351,1257.83837690,0
1507241091,22834467,0.20406,2660.02750000,1
1507241089,22834466,0.20407,2500.00000000,1
1507241056,22834447,0.20592,439.47545000,0
1507241056,22834446,0.20590,1011.59330000,0
1507241056,22834445,0.20589,3139.40000000,0
1507241039,22834426,0.20456,500.00000000,1
1507241037,22834420,0.20367,1070.00000000,0
1507241036,22834417,0.20304,966.21288939,1
1507241036,22834413,0.20306,83.87741643,0
1507241035,22834409,0.20306,2449.90969418,0
1507241032,22834405,0.20303,9440.89091994,1
1507241032,22834404,0.20304,5000.00000000,0
1507241032,22834403,0.20304,2500.00000000,1
1507241032,22834402,0.20322,220.60000000,1
1507241031,22834401,0.20342,5436.76629000,1
1507241031,22834399,0.20350,500.00000000,1
1507241031,22834396,0.20350,4902.21130221,1
1507241031,22834395,0.20350,2700.00000000,1
1507241031,22834394,0.20350,1077.63355400,1
1507241030,22834393,0.20353,2686.21353862,1
1507241030,22834392,0.20364,100.00000000,1
1507241030,22834390,0.20400,1607.58855404,1
1507241030,22834389,0.20400,738.90000000,1
1507241029,22834388,0.20401,353.80000000,1
1507241029,22834387,0.20439,450.00000000,1
1507241029,22834386,0.20493,2504.02080000,1
1507241029,22834385,0.20493,2500.00000000,0
1507241028,22834383,0.20500,10507.00000000,1
1507241028,22834382,0.20504,832.04200000,1
1507241028,22834381,0.20504,4161.18349000,1
1507241026,22834375,0.20600,240.00000000,1
1507241026,22834374,0.20600,13866.94955119,1
1507241025,22834373,0.20600,2417.77000000,1
1507241022,22834371,0.20600,2417.77000000,1
1507241019,22834363,0.20600,2417.77000000,1
1507241018,22834362,0.20600,2417.77000000,1
1507241016,22834357,0.20600,340.49040900,1
1507241015,22834352,0.20600,28.74103197,1
1507241014,22834347,0.20600,2062.34187402,1
1507240991,22834301,0.20600,999.50024987,1
1507240991,22834299,0.20600,1094.00000000,1
1507240988,22834296,0.20600,3687.60120000,1
1507240985,22834284,0.20600,1006.56568600,1
1507240984,22834281,0.20600,1336.25133000,1
1507240979,22834275,0.20600,1094.00000000,1
1507240975,22834272,0.20600,4191.16532100,1
1507240974,22834269,0.20600,1458.00000000,1
1507240965,22834258,0.20600,8222.17471400,1
1507240960,22834250,0.20600,831.88286700,1
1507240931,22834222,0.20600,500.00000000,1
1507240917,22834201,0.20600,183.00000000,1
1507240916,22834200,0.20600,10851.99000000,1
1507240916,22834199,0.20600,20531.12570000,1
1507240904,22834186,0.20600,900.00000000,1
1507240899,22834182,0.20600,10912.59183000,1
1507240898,22834181,0.20600,2527.31000000,1
1507240897,22834178,0.20602,2008.01978000,1
1507240896,22834176,0.20602,2527.31000000,1
1507240896,22834175,0.20600,3815.46556700,1
1507240896,22834172,0.20600,1524.48886700,1
1507240895,22834169,0.20601,1908.85029500,0
1507240895,22834168,0.20601,2422.16296400,0
1507240894,22834164,0.20601,2032.29694284,1
1507240884,22834158,0.20602,329.20352486,1
1507240884,22834155,0.20671,241.28155387,0
1507240883,22834154,0.20601,329.19693500,1
1507240880,22834149,0.20601,342.38320673,1
1507240876,22834145,0.20564,828.00000000,0
1507240801,22834095,0.20500,1100.00000000,0
1507240693,22834016,0.20408,500.00000000,0
1507240693,22834015,0.20408,822.33478000,0
1507240693,22834014,0.20412,667.89490000,1
1507240693,22834013,0.20412,3342.77032000,1
1507240686,22834010,0.20410,1168.90787310,1
1507240661,22833998,0.20647,30.00000000,0
1507240654,22833994,0.20684,746.83821628,1
1507240654,22833993,0.20684,2398.31263372,1
1507240652,22833992,0.20796,82089.10711248,0
1507240652,22833991,0.20796,157.88981000,1
1507240652,22833990,0.20796,10000.00000000,1
1507240652,22833989,0.20796,10000.00000000,1
1507240652,22833987,0.20796,10000.00000000,1
1507240652,22833984,0.20795,20000.00000000,1
1507240651,22833983,0.20795,20000.00000000,1
1507240651,22833982,0.20795,10000.00000000,0
1507240651,22833981,0.20790,26.00000000,0
1507240651,22833980,0.20790,13518.68400000,1
1507240651,22833979,0.20790,10000.00000000,1
1507240651,22833977,0.20790,10000.00000000,1
1507240650,22833974,0.20790,10000.00000000,1
1507240650,22833970,0.20754,481.84192000,0
1507240650,22833969,0.20754,10000.00000000,1
1507240649,22833966,0.20750,199.00000000,0
1507240649,22833963,0.20728,5436.76629000,0
1507240649,22833960,0.20700,500.00000000,0
1507240649,22833959,0.20700,1027.57998594,1
1507240648,22833956,0.20699,6794.52700000,1
1507240648,22833955,0.20690,26.00000000,0
1507240647,22833954,0.20684,450.00000000,0
1507240647,22833952,0.20683,20000.00000000,0
1507240647,22833951,0.20683,20855.62423896,1
1507240647,22833950,0.20682,20850.06800000,0
1507240646,22833949,0.20680,639.03545749,0
1507240646,22833947,0.20650,1360.00000000,0
1507240646,22833946,0.20650,200.00000000,0
1507240646,22833945,0.20649,9323.27800000,0
1507240645,22833944,0.20625,147.23926380,0
1507240645,22833943,0.20625,593.34679730,0
1507240645,22833942,0.20600,1770.00000000,0
1507240645,22833941,0.20600,304.64000000,0
1507240645,22833940,0.20590,3174.57104192,0
1507240644,22833939,0.20578,235.09857000,0
1507240644,22833938,0.20564,1024.95300000,0
1507240644,22833937,0.20499,27825.77253185,0
1507240642,22833936,0.20498,1175.49287000,0
1507240642,22833935,0.20498,6120.52052000,0
1507240431,22833861,0.20496,360.28293000,0
1507240417,22833844,0.20498,6511.94262500,0
1507240297,22833748,0.20496,24.35846019,0
1507240280,22833737,0.20498,24.35608352,0
1507240277,22833735,0.20401,400.00000000,1
1507240242,22833722,0.20401,2038.66050290,1
1507240202,22833705,0.20498,184.92160211,0
1507240150,22833686,0.20401,500.00000000,1
1507240150,22833685,0.20401,400.00000000,1
1507240150,22833684,0.20401,100.00000000,1
1507240145,22833677,0.20401,7000.00000000,1
1507240112,22833668,0.20498,5466.00000000,0
1507240060,22833634,0.20498,50.00000000,0
1507240057,22833633,0.20498,24.29695580,0
1507240018,22833575,0.20498,50.00000000,0
1507239876,22833490,0.20587,4851.11963860,1
1507239872,22833482,0.20487,1271.00000000,1
1507239871,22833481,0.20625,942.70307917,0
1507239871,22833480,0.20601,487.51282928,0
1507239870,22833479,0.20600,1596.16567476,0
1507239870,22833478,0.20590,35059.63706440,0
1507239870,22833477,0.20590,26.00000000,0
1507239870,22833474,0.20575,536.23167000,0
1507239869,22833473,0.20500,5291.00000000,0
1507239869,22833472,0.20490,26.00000000,0
1507239869,22833471,0.20486,2681.15833000,0
1507239867,22833470,0.20485,783.52412444,1
1507239867,22833469,0.20485,965.01931278,0
1507239865,22833467,0.20400,2418.47648220,1
1507239807,22833443,0.20400,4354.23377000,1
1507239718,22833410,0.20400,1228.64963400,1
1507239718,22833405,0.20401,964.53708143,1
1507239613,22833356,0.20487,762.25592029,0
1507239611,22833355,0.20445,1195.00000000,0
1507239600,22833351,0.20400,307.46472000,1
1507239373,22833242,0.20400,2683.46133200,1
1507239357,22833233,0.20504,2709.81613343,1
1507239357,22833232,0.20490,26.00000000,0
1507239357,22833231,0.20486,3348.30953000,1
1507239355,22833230,0.20443,0.00000411,0
1507239355,22833229,0.20443,375.89847589,1
1507239353,22833216,0.20443,2307.56285561,1
1507239320,22833178,0.20400,1500.00000000,1
1507239187,22833093,0.20443,2304.16841000,1
1507239172,22833083,0.20443,2759.90335000,1
1507239172,22833082,0.20443,240.00000000,1
1507239069,22833032,0.20353,1399.00695760,1
1507239021,22833017,0.20431,1957.80921149,0
1507239018,22833009,0.20353,816.26822780,1
1507239017,22833008,0.20370,0.00000040,1
1507238930,22832954,0.20464,341.87350904,0
1507238928,22832952,0.20461,160.18006993,0
1507238902,22832924,0.20462,200.00000000,0
1507238851,22832888,0.20370,35059.63706400,1
1507238788,22832836,0.20500,250.00000000,0
1507238695,22832795,0.20354,33.00000000,1
1507238674,22832780,0.20546,2569.99172700,1
1507238674,22832779,0.20546,2572.27264500,1
1507238674,22832778,0.20546,1876.80053800,1
1507238674,22832777,0.20547,948.19759000,1
1507238673,22832776,0.20505,2980.93509000,0
1507238671,22832774,0.20350,3722.36644600,1
1507238670,22832773,0.20351,2767.56030000,1
1507238670,22832772,0.20351,2191.23608000,0
1507238670,22832771,0.20352,438.91389000,1
1507238670,22832770,0.20375,1513.19533293,1
1507238669,22832769,0.20378,2191.88129000,1
1507238669,22832768,0.20383,3165.93630319,1
1507238668,22832767,0.20390,383.65783214,1
1507238668,22832766,0.20390,128.25252574,1
1507238651,22832760,0.20497,1596.16567470,0
1507238566,22832693,0.20391,31.00000000,1
1507238563,22832689,0.20532,103.70441262,0
1507238561,22832688,0.20450,383.65783214,0
1507238550,22832686,0.20450,1106.46953545,0
1507238549,22832683,0.20449,17.16692547,0
1507238548,22832679,0.20449,254.35907453,0
1507238532,22832671,0.20551,971.24611941,0
1507238519,22832662,0.20508,364.79890774,0
1507238415,22832603,0.20375,2280.76073620,0
1507238414,22832600,0.20375,147.23926380,1
1507238409,22832598,0.20447,887.53527233,0
1507238401,22832583,0.20365,233.36690000,1
1507238393,22832580,0.20531,631.60980956,0
1507238325,22832545,0.20586,3696.49952533,0
1507238325,22832544,0.20501,150.00000000,0
1507238309,22832538,0.20301,3226.27288134,1
1507238309,22832537,0.20301,2250.82250500,0
1507238308,22832536,0.20415,12418.99026000,1
1507238308,22832535,0.20416,2944.05050000,0
1507238308,22832534,0.20429,26.00000000,1
1507238307,22832533,0.20430,800.00000000,1
1507238307,22832532,0.20450,1360.00000000,1
1507238307,22832531,0.20500,487.80385366,1
1507238305,22832529,0.20501,1400.00000000,1
1507238279,22832504,0.20554,2434.09422049,0
1507238274,22832502,0.20502,271.52600000,1
1507238270,22832500,0.20505,807.38714400,1
1507238250,22832495,0.20590,1036.00000000,1
1507238234,22832484,0.20590,182.00000000,1
1507238230,22832482,0.20590,182.00000000,1
1507238155,22832456,0.20680,160.00967117,1
1507238108,22832435,0.20680,1038.22423309,0
1507238070,22832399,0.20593,1600.18659760,1
1507238024,22832369,0.20680,2385.71801208,0
1507237980,22832319,0.20632,2229.45070769,0
1507237980,22832318,0.20632,8731.56635319,0
1507237977,22832317,0.20632,11357.83813200,0
1507237973,22832315,0.20632,2357.75153600,0
1507237969,22832313,0.20632,2174.57000000,0
1507237969,22832310,0.20632,10131.72736470,0
1507237969,22832309,0.20631,1250.23546000,0
1507237969,22832308,0.20630,1404.11682066,0
1507237968,22832306,0.20600,1000.00000000,0
1507237968,22832305,0.20600,1173.04798864,0
1507237954,22832290,0.20600,778.52939000,0
1507237920,22832206,0.20433,4775.35812072,0
1507237920,22832204,0.20433,3977.80463900,0
1507237919,22832203,0.20461,487.51282928,1
1507237919,22832202,0.20461,1665.18692000,0
1507237919,22832200,0.20487,2590.80426200,0
1507237919,22832199,0.20487,1000.00000000,0
1507237919,22832198,0.20487,157.76600000,0
1507237918,22832195,0.20489,2444.63637000,0
1507237918,22832194,0.20489,67540.19800000,0
1507237916,22832188,0.20490,2770.15230000,1
1507237860,22832172,0.20463,1525.44382528,0
1507237858,22832171,0.20500,249.55617472,1
1507237841,22832168,0.20600,24.21131068,0
1507237828,22832162,0.20600,24.21131068,0
1507237689,22832080,0.20632,3526.91163500,1
1507237689,22832078,0.20632,2552.51047500,1
1507237671,22832068,0.20632,145.04255525,0
1507237664,22832067,0.20633,72.32438327,0
1507237626,22832051,0.20676,207.45032888,1
1507237626,22832050,0.20641,147.12373106,0
1507237624,22832043,0.20640,147.67638000,0
1507237609,22832035,0.20460,47.00000000,1
1507237600,22832033,0.20638,10631.40454683,0
1507237600,22832032,0.20638,1226.83317000,1
1507237600,22832031,0.20600,100.00000000,0
1507237600,22832030,0.20600,1000.00000000,0
1507237600,22832029,0.20596,180.47908000,0
1507237599,22832028,0.20596,902.39538000,0
1507237599,22832027,0.20500,800.00000000,0
1507237599,22832026,0.20467,5000.00000000,0
1507237597,22832023,0.20459,5000.00000000,0
1507237595,22832022,0.20392,61.00000000,1
1507237532,22832004,0.20358,130.00000000,1
1507237510,22831995,0.20457,1323.85034386,0
1507237504,22831989,0.20457,782.96492365,0
1507237496,22831974,0.20353,502.00000000,1
1507237453,22831964,0.20330,1059.00000000,1
1507237449,22831958,0.20429,2000.00000000,0
1507237440,22831946,0.20429,3090.04653200,0
1507237394,22831933,0.20422,115.39400000,0
1507237393,22831932,0.20422,964.10400000,0
1507237392,22831931,0.20421,964.10400000,0
1507237372,22831919,0.20289,1217.00000000,0
1507237350,22831902,0.20418,68.39592516,0
1507237280,22831882,0.20429,1279.22971121,0
1507237244,22831863,0.20435,3716.18908735,1
1507237242,22831861,0.20301,6087.42548434,0
1507237230,22831849,0.20280,2531.13261000,1
1507237230,22831843,0.20281,2656.84739000,1
1507237230,22831839,0.20282,1027.88000000,1
1507237225,22831817,0.20301,2302.51100132,0
1507237225,22831816,0.20300,369.48899868,0
1507237221,22831815,0.20300,2301.15413400,0
1507237214,22831809,0.20300,44.22438424,0
1507237204,22831804,0.20299,961.63309008,1
1507237191,22831796,0.20300,2551.11158706,0
1507237189,22831794,0.20300,1230.55555600,0
1507237189,22831792,0.20300,2551.08997225,0
1507237188,22831788,0.20300,2172.71887800,0
1507237184,22831784,0.20299,1905.63862900,0
1507237183,22831782,0.20299,1231.36097100,0
1507237172,22831777,0.20279,195.00000000,1
1507237165,22831776,0.20278,2202.95423088,0
1507237165,22831775,0.20300,614.06203170,1
1507237165,22831774,0.20300,1419.99995842,1
1507237163,22831773,0.20301,2830.85460000,1
1507237132,22831753,0.20267,628.42550707,0
1507237132,22831752,0.20267,791.57449293,0
1507237132,22831751,0.20267,628.42550707,0
1507237128,22831743,0.20300,500.00000000,1
1507237126,22831739,0.20379,2497.15855551,1
1507237116,22831731,0.20379,2494.76566001,0
1507237114,22831730,0.20380,11724.14639709,1
1507237113,22831729,0.20381,273.11756410,1
1507237104,22831721,0.20380,6039.68170294,1
1507237104,22831720,0.20391,147.12373106,1
1507237102,22831719,0.20400,80.00000000,1
1507237089,22831704,0.20448,156.85900000,0
1507236964,22831611,0.20400,0.00009222,0
1507236964,22831608,0.20400,971.31250778,0
1507236962,22831604,0.20400,2570.99740000,1
1507236961,22831603,0.20400,5000.00000000,1
1507236943,22831591,0.20401,312.86000000,1
1507236937,22831589,0.20540,353.25180136,0
1507236936,22831588,0.20500,1246.93479630,0
1507236928,22831582,0.20500,205.82687805,0
1507236903,22831560,0.20500,47.23832565,0
1507236867,22831522,0.20500,1000.00000000,0
1507236867,22831520,0.20500,1300.00000000,0
1507236824,22831422,0.20381,1415.54688302,1
1507236824,22831421,0.20381,203.25193608,1
1507236821,22831420,0.20380,1673.65499797,1
1507236820,22831419,0.20400,6331.35511000,1
1507236820,22831418,0.20401,6833.11494509,1
1507236820,22831417,0.20453,3881.24927694,1
1507236819,22831416,0.20454,2832.47140000,0
1507236818,22831415,0.20454,3657.15427000,1
1507236776,22831370,0.20600,245.87378640,1
1507236747,22831363,0.20475,303.00000000,1
1507236746,22831361,0.20623,69.60200000,0
1507236742,22831353,0.20439,30.00000000,0
1507236741,22831352,0.20400,2706.64489000,1
1507236741,22831351,0.20439,450.00000000,1
1507236741,22831350,0.20440,727.30414000,1
1507236740,22831349,0.20500,3800.00000000,1
1507236740,22831348,0.20503,3634.47517000,1
1507236740,22831347,0.20529,2323.56130000,1
1507236739,22831346,0.20560,131.00000000,1
1507236717,22831334,0.20600,1009.03317446,1
1507236704,22831324,0.20600,163.28875364,1
1507236704,22831323,0.20610,577.00620636,1
1507236688,22831316,0.20640,2261.34594137,0
1507236688,22831315,0.20635,3884.91347863,0
1507236688,22831314,0.20635,189.00000000,0
1507236687,22831313,0.20625,311.00000000,0
1507236681,22831308,0.20640,19554.86565822,1
1507236661,22831299,0.20640,80.00000000,1
1507236633,22831264,0.20640,183.00000000,1
1507236623,22831252,0.20640,5000.00000000,1
1507236622,22831251,0.20640,1122.52312000,1
1507236621,22831250,0.20641,2084.60600000,1
1507236621,22831249,0.20641,4392.87088000,1
1507236537,22831192,0.20640,2063.99343000,1
1507236537,22831191,0.20670,81.36557000,1
1507236510,22831123,0.20670,942.40762800,1
1507236507,22831117,0.20670,827.59237200,1
1507236505,22831116,0.20698,26.36172577,0
1507236499,22831109,0.20640,942.40762800,1
1507236479,22831092,0.20640,4432.62641044,1
1507236477,22831090,0.20670,0.00000036,1
1507236467,22831071,0.20670,449.99999900,1
1507236467,22831069,0.20684,484.73558300,1
1507236441,22831057,0.20684,2330.26441700,1
1507236428,22831048,0.20700,263.00000000,0
1507236427,22831047,0.20700,4603.34452452,0
1507236410,22831035,0.20700,2159.43531401,0
1507236410,22831034,0.20700,250.00000000,0
1507236385,22831021,0.20699,1000.00000000,0
1507236380,22831014,0.20690,200.00000000,0
1507236380,22831013,0.20690,26.00000000,0
1507236380,22831012,0.20690,2628.03107782,0
1507236375,22831001,0.20690,1971.96892218,0
1507236373,22831000,0.20684,405.00000000,0
1507236341,22830963,0.20684,45.00000000,0
1507236322,22830948,0.20670,0.00000064,0
1507236320,22830944,0.20670,1221.15179000,0
1507236284,22830919,0.20669,2476.18011000,0
1507236284,22830917,0.20620,10060.76000000,0
1507236280,22830911,0.20620,2533.38000000,0
1507236277,22830904,0.20620,2155.86000000,0
1507236277,22830903,0.20620,1021.00000000,0
1507236248,22830889,0.20620,6482.00000000,0
1507236217,22830863,0.20670,2413.17305273,0
1507236207,22830852,0.20670,652.20195137,0
1507236207,22830851,0.20640,147.13094654,0
1507236149,22830823,0.20624,2518.87272916,0
1507236140,22830811,0.20624,48.55973623,0
1507236140,22830810,0.20624,2800.00000000,0
1507236135,22830809,0.20624,96.73254461,0
1507236105,22830794,0.20612,913.86782200,0
1507236105,22830793,0.20610,2316.59822082,0
1507236090,22830783,0.20610,10383.75906660,0
1507236087,22830768,0.20610,1487.63420670,0
1507236080,22830762,0.20610,2676.82678300,0
1507236079,22830761,0.20610,1013.00000000,0
1507236062,22830750,0.20594,1558.41915523,1
1507236062,22830749,0.20595,3390.58084477,1
1507236062,22830748,0.20600,51.00000000,1
1507236056,22830746,0.20610,2586.55396000,0
1507236043,22830733,0.20610,555.86175000,0
1507236038,22830732,0.20610,11987.55660100,0
1507236034,22830729,0.20610,2500.00000000,0
1507236033,22830728,0.20610,7972.49171449,0
1507236033,22830727,0.20609,1591.24343000,0
1507236029,22830724,0.20610,2005.97177000,0
1507236024,22830719,0.20610,264.61188743,0
1507236023,22830718,0.20609,267.79161000,0
1507236010,22830703,0.20610,1371.01028626,0
1507236010,22830701,0.20609,318.16825000,0
1507236009,22830699,0.20600,988.95062695,0
1507236004,22830698,0.20600,2000.00000000,0
1507236001,22830693,0.20600,2700.00000000,0
1507235972,22830669,0.20600,1050.00000000,0
1507235966,22830666,0.20600,3261.04937305,0
1507235965,22830665,0.20600,478.23393204,0
1507235931,22830632,0.20600,21.76606796,0
1507235929,22830631,0.20599,1000.00000000,0
1507235925,22830630,0.20594,400.00000000,1
1507235913,22830626,0.20580,4000.00000000,1
1507235909,22830625,0.20580,233.00000000,1
1507235905,22830622,0.20594,1533.36212217,0
1507235905,22830621,0.20593,378.02168000,0
1507235905,22830620,0.20590,26.00000000,0
1507235892,22830611,0.20589,1274.06913672,0
1507235891,22830610,0.20569,147.64506127,0
1507235886,22830605,0.20529,99.00000000,0
1507235871,22830594,0.20520,2.90348363,0
1507235870,22830590,0.20520,1801.89000000,0
1507235869,22830589,0.20520,3166.83000000,0
1507235857,22830562,0.20520,520.21779637,0
1507235856,22830561,0.20520,309.24036358,0
1507235856,22830559,0.20501,250.00000000,0
1507235856,22830557,0.20500,69.25184005,0
1507235855,22830550,0.20500,2072.00000000,0
1507235852,22830544,0.20500,992.23500000,0
1507235851,22830543,0.20500,6866.51315995,0
1507235851,22830542,0.20500,1741.55870374,0
1507235849,22830539,0.20500,996.25417000,0
1507235845,22830533,0.20500,1255.90950000,0
1507235844,22830532,0.20500,1063.99346668,0
1507235843,22830528,0.20500,4942.28415958,0
1507235843,22830527,0.20500,2105.05165442,0
1507235836,22830514,0.20500,394.94834558,0
1507235836,22830513,0.20500,3200.00000000,0
1507235836,22830512,0.20500,506.30518278,0
1507235836,22830511,0.20500,500.00000000,0
1507235836,22830510,0.20500,905.31197964,0
1507235836,22830509,0.20500,200.00000000,0
1507235836,22830508,0.20500,100.00000000,0
1507235833,22830506,0.20500,199.00000000,0
1507235833,22830505,0.20500,2140.65567918,0
1507235833,22830504,0.20500,353.00000000,0
1507235833,22830503,0.20500,1500.00000000,0
1507235833,22830501,0.20500,11925.71531088,0
1507235831,22830498,0.20500,1255.90950000,0
1507235828,22830495,0.20500,2077.50404900,0
1507235828,22830494,0.20500,50.00000000,0
1507235809,22830453,0.20500,6417.08678049,0
1507235800,22830448,0.20500,13367.85339663,0
1507235798,22830447,0.20499,405.13210672,0
1507235793,22830442,0.20499,778.53622328,1
1507235783,22830439,0.20499,1406.33860000,0
1507235762,22830426,0.20500,6271.29700000,0
1507235759,22830423,0.20500,8754.07291300,0
1507235759,22830421,0.20499,1694.51976000,0
1507235739,22830395,0.20500,2111.10105000,0
1507235739,22830393,0.20492,10000.00000000,1
1507235731,22830373,0.20492,520.00000000,1
1507235725,22830352,0.20491,11865.87900000,1
1507235723,22830348,0.20491,19080.44874932,1
1507235723,22830347,0.20492,4258.74721368,1
1507235715,22830341,0.20492,1789.52957200,1
1507235709,22830337,0.20492,14763.89427256,1
1507235709,22830336,0.20492,2072.00000000,1
1507235709,22830335,0.20499,1178.45278944,1
1507235709,22830334,0.20499,254.85064000,0
1507235708,22830333,0.20499,1000.00000000,0
1507235687,22830314,0.20491,302.79284000,1
1507235677,22830312,0.20492,4657.11265257,0
1507235674,22830304,0.20491,359.75388000,1
1507235671,22830302,0.20491,685.24548000,0
1507235671,22830301,0.20449,3341.87082100,1
1507235639,22830279,0.20492,1393.33779035,0
1507235637,22830277,0.20491,1040.60481000,0
1507235633,22830275,0.20492,1328.23011000,0
1507235633,22830274,0.20491,1203.76989000,0
1507235606,22830252,0.20491,97.36040213,0
1507235577,22830233,0.20491,129.74628627,0
1507235575,22830227,0.20445,100.00000000,1
1507235564,22830218,0.20492,38055.18353503,0
1507235564,22830217,0.20491,705.57320000,0
1507235564,22830216,0.20490,200.00000000,0
1507235563,22830215,0.20490,26.00000000,0
1507235563,22830213,0.20485,800.00000000,0
1507235563,22830209,0.20450,500.00000000,0
1507235561,22830204,0.20445,453.31507940,0
1507235553,22830195,0.20421,719.57370000,1
1507235549,22830191,0.20445,38.27287845,0
1507235547,22830189,0.20439,450.00000000,0
1507235545,22830179,0.20421,10000.00000000,1
1507235537,22830136,0.20417,4368.01099070,0
1507235536,22830133,0.20399,100.00000000,1
1507235529,22830110,0.20417,1151.51287930,0
1507235527,22830108,0.20406,2848.48712070,0
1507235514,22830100,0.20399,1000.00000000,1
1507235513,22830099,0.20406,11851.02026846,0
1507235513,22830098,0.20402,163.00316944,0
1507235495,22830085,0.20390,26.00000000,0
1507235491,22830080,0.20380,800.81690200,1
1507235467,22830062,0.20380,3761.70000000,1
1507235418,22830034,0.20378,4326.00000000,1
1507235418,22830032,0.20406,300.49261084,0
1507235404,22830018,0.20378,0.02951164,0
1507235398,22830014,0.20378,1073.18841947,1
1507235375,22829997,0.20398,200.00000000,0
1507235365,22829988,0.20378,311.54239019,1
1507235365,22829987,0.20378,316.88311688,1
1507235356,22829976,0.20400,22006.00906862,0
1507235356,22829975,0.20400,21058.66067652,0
1507235356,22829974,0.20400,30.97246073,0
1507235355,22829973,0.20400,520.00000000,0
1507235355,22829972,0.20399,1000.00000000,0
1507235355,22829971,0.20398,412.46435000,0
1507235355,22829970,0.20390,50.00000000,0
1507235355,22829969,0.20390,26.00000000,0
1507235354,22829968,0.20388,450.00000000,0
1507235354,22829967,0.20378,2435.31237333,0
1507235348,22829959,0.20378,3571.98183467,0
1507235348,22829958,0.20378,6829.10056500,0
1507235348,22829957,0.20378,2375.42876400,0
1507235348,22829956,0.20378,4788.17646300,0
1507235347,22829955,0.20377,2062.32175000,0
1507235347,22829954,0.20312,1000.00000000,0
1507235347,22829953,0.20301,327.85000000,0
1507235345,22829952,0.20300,5475.13975291,0
1507235340,22829948,0.20300,4524.86024709,0
1507235340,22829947,0.20300,7547.81886621,0
1507235290,22829844,0.20300,1065.18780882,0
1507235287,22829833,0.20299,100.00000000,1
1507235283,22829830,0.20300,4754.95370000,0
1507235282,22829829,0.20300,1500.00000000,0
1507235282,22829828,0.20300,1000.00000000,0
1507235282,22829826,0.20299,533.22300000,0
1507235282,22829825,0.20299,466.77700000,0
1507235281,22829824,0.20290,26.00000000,0
1507235275,22829809,0.20287,165.23560241,0
1507235264,22829795,0.20288,20650.26705442,0
1507235263,22829792,0.20288,3181.07000000,0
1507235263,22829791,0.20288,32462.63889300,0
1507235261,22829785,0.20288,10956.59704300,0
1507235260,22829784,0.20288,3181.07000000,0
1507235259,22829781,0.20288,17047.02381301,0
1507235259,22829780,0.20288,9762.31176199,0
1507235259,22829779,0.20287,264.04670000,0
1507235259,22829778,0.20260,29353.16334400,0
1507235225,22829732,0.20260,30646.83665600,0
1507235225,22829730,0.20259,313.71885000,0
1507235218,22829712,0.20250,199.00000000,0
1507235218,22829711,0.20250,5000.00000000,0
1507235209,22829694,0.20200,3013.43789900,0
1507235208,22829692,0.20200,5821.37210100,0
1507235206,22829688,0.20200,1165.19000000,0
1507235206,22829687,0.20200,360.50000000,0
1507235206,22829686,0.20200,64.00000000,0
1507235200,22829683,0.20200,100.00000000,0
1507235177,22829653,0.20199,1000.00000000,0
1507235177,22829652,0.20198,1246.66579773,0
1507235177,22829650,0.20198,3411.17123400,0
1507235176,22829649,0.20198,1000.00000000,0
1507235173,22829642,0.20198,395.48390000,0
1507235169,22829639,0.20198,1195.17665115,0
1507235169,22829638,0.20197,450.00000000,0
1507235169,22829637,0.20190,26.00000000,0
1507235167,22829636,0.20180,3270.90220000,0
1507235162,22829628,0.20180,729.09780000,0
1507235162,22829627,0.20162,61.87000000,0
1507235161,22829625,0.20162,731.28347900,0
1507235159,22829622,0.20162,395.48390000,0
1507235150,22829617,0.20162,2477.74872100,0
1507235146,22829615,0.20162,395.48390000,0
1507235142,22829611,0.20162,1126.76737900,0
1507235137,22829605,0.20162,1522.13000000,0
1507235135,22829598,0.20162,1522.13000000,0
1507235135,22829596,0.20162,3711.29482000,0
1507235134,22829595,0.20161,288.70518000,0
1507235131,22829591,0.20162,1522.13000000,0
1507235131,22829589,0.20162,23811.44880000,0
1507235127,22829584,0.20162,1522.13000000,0
1507235120,22829557,0.20162,265.75428000,0
1507235119,22829555,0.20161,100.00000000,1
1507235109,22829541,0.20162,57.31954000,0
1507235105,22829540,0.20162,42061.80655800,0
1507235104,22829539,0.20162,18877.08862300,0
1507235104,22829538,0.20161,939.17801000,0
1507235065,22829472,0.20140,1500.00000000,0
1507235065,22829471,0.20139,50.00000000,0
1507235065,22829470,0.20128,1000.00000000,0
1507235065,22829469,0.20117,0.00000100,0
1507235054,22829459,0.20117,400.53347000,0
1507235043,22829450,0.20100,1488.37571117,0
1507235043,22829449,0.20100,540.65398009,0
1507235042,22829447,0.20100,7970.97030874,0
1507235042,22829446,0.20100,119.11870074,0
1507235042,22829445,0.20100,4777.63783752,0
1507235041,22829443,0.20100,540.64950248,0
1507235019,22829438,0.20100,150.00000000,0
1507235019,22829437,0.20100,1500.00000000,0
1507235019,22829436,0.20100,718.44250425,0
1507235019,22829435,0.20100,300.00000000,0
1507235019,22829434,0.20100,12819.14734520,0
1507235017,22829433,0.20050,1933.00000000,1
1507234987,22829417,0.20100,270.00000000,0
1507234925,22829381,0.20100,540.64502487,0
1507234923,22829366,0.20100,540.32208955,0
1507234903,22829357,0.20100,8010.87963945,0
1507234901,22829356,0.20090,1817.40774758,0
1507234895,22829349,0.20090,270.00000000,0
1507234868,22829338,0.20090,1172.62601000,0
1507234841,22829326,0.20090,1406.68216000,0
1507234828,22829320,0.20090,1406.68216000,0
1507234791,22829308,0.20100,1172.62601000,0
1507234784,22829302,0.20100,17089.82462000,0
1507234784,22829301,0.20099,1105.17538000,0
1507234702,22829249,0.20100,2481.35875622,0
1507234688,22829244,0.20100,496.27174129,0
1507234667,22829235,0.20099,1200.00000000,1
1507234639,22829218,0.20099,500.00000000,1
1507234599,22829186,0.20000,650.63000000,1
1507234593,22829184,0.20100,10246.46499597,0
1507234591,22829183,0.20099,2117.53845000,0
1507234495,22829143,0.20100,5999.76778741,0
1507234495,22829142,0.20099,2515.88726000,0
1507234495,22829141,0.20099,1000.00000000,0
1507234495,22829140,0.20099,1000.00000000,0
1507234495,22829139,0.20099,1974.92544938,0
1507234493,22829138,0.20090,26.00000000,0
1507234402,22829092,0.20099,147.71535897,0
1507234400,22829090,0.20090,26.00000000,0
1507234353,22829051,0.20000,2180.58121990,0
1507234341,22829043,0.20000,270.00000000,0
1507234329,22829029,0.20000,49.41878010,0
1507234328,22829027,0.20000,2500.00000000,0
1507234287,22829013,0.19982,174.90430828,1
1507234283,22829012,0.19982,909.59600000,1
1507234191,22828972,0.20099,992.63681592,0
1507234186,22828969,0.20100,332.69199004,0
1507234186,22828968,0.20099,3551.49266000,0
1507234185,22828967,0.20099,1000.00000000,0
1507234185,22828964,0.20091,151.20205635,0
1507234185,22828961,0.20090,26.00000000,0
1507234184,22828959,0.20089,1853.00000000,0
1507234180,22828955,0.20089,147.00000000,0
1507234173,22828935,0.19990,5000.00000000,1
1507234173,22828934,0.20088,5447.36476199,1
1507234169,22828927,0.20088,2031.04752000,1
1507234161,22828920,0.20088,2283.89948000,1
1507234159,22828919,0.20088,1618.79881904,0
1507234095,22828813,0.20088,1043.14010000,0
1507234075,22828804,0.20088,100.73083432,0
1507234075,22828803,0.20075,650.00000000,0
1507234075,22828802,0.20075,2278.72100001,0
1507234073,22828800,0.20050,1444.28955113,0
1507233998,22828761,0.20050,49.02044887,0
1507233984,22828756,0.19983,814.00000000,1
1507233968,22828750,0.19982,4101.56800000,0
1507233968,22828749,0.19984,2480.59700000,1
1507233966,22828748,0.20050,2036.83500000,1
1507233948,22828737,0.20050,9562.29400000,1
1507233872,22828706,0.20075,79.50186799,0
1507233866,22828704,0.20075,482.03113325,0
1507233859,22828692,0.20050,3903.89100000,1
1507233856,22828689,0.20075,1625.39182600,0
1507233854,22828686,0.20070,837.89103139,0
1507233816,22828680,0.20050,1200.00000000,1
1507233806,22828678,0.20070,4712.10896861,0
1507233781,22828661,0.20050,16572.00000000,1
1507233763,22828651,0.20050,24.98000000,0
1507233681,22828579,0.20036,335.11010000,0
1507233668,22828570,0.20016,88.76391971,0
1507233659,22828560,0.20000,2500.00000000,0
1507233659,22828559,0.20000,3500.00000000,0
1507233659,22828558,0.20000,833.21565448,0
1507233659,22828557,0.20000,6162.13877950,0
1507233659,22828556,0.19999,3251.85075000,0
1507233627,22828541,0.20000,1308.00000000,0
1507233608,22828522,0.20000,7276.36600000,0
1507233602,22828514,0.20000,1039.66522050,0
1507233602,22828513,0.20000,650.59254950,0
1507233599,22828509,0.19998,15782.68094900,1
1507233599,22828507,0.19999,8672.24804000,1
1507233593,22828502,0.19999,468.17000000,1
1507233591,22828500,0.19999,28090.80832000,0
1507233589,22828497,0.19999,415.19462000,0
1507233575,22828492,0.19999,1319.71706000,0
1507233575,22828491,0.19999,688.51000000,0
1507233561,22828476,0.19998,2331.26699000,1
1507233560,22828475,0.19998,2331.26699000,0
1507233488,22828429,0.19996,1145.44168938,1
1507233488,22828428,0.19997,84.89801262,1
1507233427,22828305,0.19999,311.49000000,0
1507233426,22828302,0.19990,2100.00000000,0
1507233426,22828300,0.19990,26.00000000,0
1507233424,22828289,0.19977,1600.00000000,0
1507233424,22828288,0.19977,838.41993568,0
1507233423,22828284,0.19977,951.58006432,0
1507233423,22828282,0.19977,805.45993568,0
1507233421,22828267,0.19976,610.36929822,0
1507233421,22828265,0.19976,1145.44235178,0
1507233416,22828241,0.19977,1519.96616108,0
1507233409,22828226,0.19890,2887.25902990,1
1507233292,22828182,0.19890,105.00000000,1
1507233230,22828153,0.19977,92.24237908,0
1507233206,22828150,0.19906,100.00000000,0
1507233034,22828055,0.19977,44.93630975,0
1507232908,22827957,0.19977,2155.03886000,1
1507232908,22827956,0.19977,0.00000441,1
1507232900,22827948,0.19977,2155.03885559,0
1507232876,22827910,0.19977,2732.63170000,0
1507232863,22827900,0.19977,2732.63170000,0
1507232825,22827885,0.19890,26.00000000,0
1507232801,22827874,0.19976,2500.00000000,0
1507232793,22827870,0.19842,2624.96902107,1
1507232793,22827869,0.19911,2295.85610000,1
1507232793,22827868,0.19913,1835.00000000,1
1507232793,22827867,0.19913,269.99999963,1
1507232791,22827865,0.19967,0.17487930,1
1507232758,22827832,0.19976,2500.00000000,1
1507232757,22827828,0.19977,2186.49971000,0
1507232692,22827671,0.19950,249.51312070,0
1507232681,22827658,0.19950,0.44535230,0
1507232681,22827657,0.19930,635.77164770,0
1507232653,22827607,0.19930,144.22835230,0
1507232653,22827606,0.19915,12.06751770,0
1507232642,22827592,0.19915,137.93248230,0
1507232606,22827517,0.19913,0.00000037,0
1507232580,22827485,0.19913,3946.57403900,0
1507232558,22827464,0.19913,193.11700000,0
1507232558,22827463,0.19890,26.00000000,0
1507232504,22827418,0.19913,184.86893000,0
1507232305,22827290,0.19913,2915.37041128,0
1507232303,22827289,0.19912,7103.62970000,0
1507232245,22827271,0.19912,1545.00246083,0
1507232204,22827260,0.19912,696.04656905,0
1507232189,22827251,0.19912,1001.91462435,0
1507232164,22827240,0.19890,26.00000000,0
1507231996,22827202,0.19912,881.00000000,0
1507231928,22827141,0.19835,3713.77749170,0
1507231922,22827138,0.19835,2356.18431610,1
1507231883,22827135,0.19835,61.18441239,1
1507231763,22827086,0.19912,1641.98779630,0
1507231679,22827048,0.19910,50.00000000,0
1507231637,22827025,0.19910,193.45971767,0
1507231635,22827024,0.19890,26.00000000,0
1507231635,22827023,0.19890,0.66732484,0
1507231549,22826940,0.19820,2296.22989900,1
1507231547,22826938,0.19821,2781.82240000,1
1507231517,22826888,0.19910,953.96667516,1
1507231463,22826849,0.19900,1102.51000000,1
1507231271,22826743,0.19820,250.00000000,1
1507231270,22826742,0.19820,1546.47202900,1
1507231270,22826741,0.19821,2752.40691000,1
1507231262,22826733,0.19820,894.10818617,1
1507231256,22826731,0.19820,5558.88566300,1
1507231256,22826730,0.19821,3041.51463000,1
1507231204,22826667,0.19820,8225.92211200,1
1507231204,22826666,0.19820,3802.39278500,1
1507231202,22826656,0.19820,2864.23832000,1
1507231201,22826651,0.19821,3169.05045000,1
1507231201,22826650,0.19821,100.00000000,1
1507231049,22826584,0.19899,300.00000000,0
1507231014,22826564,0.19821,2715.31916000,0
1507231012,22826555,0.19821,3787.12084000,1
1507230990,22826546,0.19912,100.19144235,0
1507230977,22826540,0.19884,44.05552200,0
1507230967,22826538,0.19820,601.00000000,1
1507230963,22826537,0.19820,53709.23779991,1
1507230945,22826521,0.19820,5114.00000000,1
1507230916,22826503,0.19820,2000.00000000,1
1507230902,22826464,0.19821,1988.21838700,1
1507230887,22826452,0.19820,10730.48748100,1
1507230887,22826451,0.19821,69.51251900,1
1507230879,22826445,0.19821,430.48748100,1
1507230879,22826444,0.19823,2362.95210000,1
1507230879,22826443,0.19824,539.83081000,1
1507230855,22826430,0.19910,95.00000000,0
1507230853,22826429,0.19821,500.00000000,1
1507230775,22826363,0.19913,425.90056500,1
1507230775,22826362,0.19900,49.00000000,0
1507230773,22826361,0.19890,26.00000000,0
1507230695,22826332,0.19913,400.00000000,1
1507230694,22826331,0.19913,400.00000000,1
1507230694,22826330,0.19913,400.00000000,1
1507230664,22826319,0.19820,934.14577000,1
1507230664,22826318,0.19821,4036.98713000,1
1507230663,22826317,0.19822,1917.86710000,1
1507230577,22826217,0.19824,1125.41139123,1
1507230577,22826216,0.19825,2261.71690000,1
1507230577,22826214,0.19850,12602.80227099,1
1507230577,22826213,0.19850,49.00000000,1
1507230577,22826212,0.19850,3961.06943778,1
1507230486,22826182,0.19850,6038.93056222,1
1507230486,22826181,0.19858,2851.30796778,1
1507230486,22826180,0.19860,1165.00000000,1
1507230486,22826179,0.19860,5000.00000000,1
1507230486,22826178,0.19943,4944.76147000,1
1507230474,22826160,0.19861,128.00000000,1
1507230473,22826159,0.19875,872.00000000,1
1507230467,22826158,0.19890,974.00000000,1
1507230447,22826144,0.19890,26.00000000,0
1507230187,22825968,0.19978,249.62458704,0
1507230076,22825844,0.19875,645.00000000,1
1507230000,22825789,0.19862,153.67171000,1
1507229974,22825782,0.19870,530.45000000,1
1507229956,22825764,0.19865,2532.80250590,1
1507229946,22825753,0.20000,15891.09745050,0
1507229945,22825752,0.20000,496.98053923,0
1507229945,22825751,0.20000,10284.69796692,0
1507229945,22825750,0.19999,1479.99998800,0
1507229945,22825749,0.19999,1304.73591000,1
1507229945,22825748,0.19999,5088.08438200,1
1507229944,22825746,0.19990,1000.00000000,0
1507229944,22825745,0.19990,26.00000000,0
1507229944,22825744,0.19990,6128.54513190,0
1507229943,22825740,0.19987,261.06924000,0
1507229932,22825715,0.19987,1240.00000000,0
1507229912,22825686,0.19990,217.31655827,0
1507229911,22825685,0.19979,2832.37253886,0
1507229911,22825684,0.19974,1561.91982248,0
1507229911,22825683,0.19973,1783.44861000,0
1507229909,22825680,0.19970,1500.00000000,0
1507229902,22825675,0.19858,6955.49399781,1
1507229902,22825674,0.19859,3887.79056000,1
1507229902,22825673,0.19861,4113.91891719,1
1507229900,22825672,0.19863,13501.53572000,0
1507229900,22825671,0.19863,3171.64680000,1
1507229863,22825584,0.19974,3819.87315840,0
1507229861,22825583,0.19973,1323.94877000,0
1507229850,22825573,0.19973,1930.00000000,0
1507229848,22825572,0.19882,3252.39050226,1
1507229831,22825563,0.19974,1498.20701912,0
1507229821,22825561,0.19974,1027.26622193,0
1507229806,22825555,0.19974,386.74271456,0
1507229806,22825554,0.19960,0.00004244,0
1507229799,22825547,0.19960,2499.99995756,0
1507229791,22825542,0.19974,400.00000000,0
1507229777,22825518,0.19975,4508.33103400,0
1507229777,22825517,0.19974,2507.95467000,0
1507229643,22825426,0.19858,1038.50415535,1
1507229631,22825419,0.19974,33.75928707,0
1507229629,22825418,0.19973,466.26566000,0
1507229620,22825417,0.19974,2376.44942074,1
1507229615,22825413,0.19974,553.97901000,1
1507229604,22825408,0.19975,574.26783479,0
1507229601,22825404,0.19974,658.19288000,1
1507229591,22825394,0.19974,782.01134000,0
1507229543,22825349,0.19975,6097.16330413,0
1507229541,22825348,0.19974,929.12238000,0
1507229530,22825345,0.19974,1038.50415535,0
1507229516,22825329,0.19975,3191.87522424,0
1507229516,22825326,0.19974,117.63569000,0
1507229515,22825323,0.19973,10751.48160016,0
1507229515,22825322,0.19972,505.00000000,0
1507229515,22825321,0.19971,1720.02031000,0
1507229514,22825320,0.19960,49.00000000,0
1507229514,22825319,0.19950,7451.00000000,0
1507229514,22825318,0.19940,15590.00000000,0
1507229514,22825317,0.19940,54.98634560,0
1507229513,22825316,0.19938,2569.00083000,0
1507229495,22825268,0.19924,241.74600000,0
1507229407,22825220,0.19934,347.00000000,1
1507229394,22825190,0.19938,804.46654629,0
1507229254,22825075,0.19819,39.25953337,0
1507229253,22825072,0.19819,460.74046663,0
1507229220,22825065,0.19819,3959.96372000,1
1507229220,22825064,0.19819,3157.03628000,1
1507229156,22825020,0.19940,5.01365440,1
1507229155,22825018,0.19940,997.71722560,1
1507229119,22824986,0.19940,8547.08500000,1
1507229096,22824965,0.19940,2500.18412000,1
1507229076,22824958,0.19940,7950.00000000,1
1507229068,22824954,0.19949,4.00000000,0
1507229066,22824952,0.19890,26.00000000,0
1507229024,22824920,0.19932,323.66536223,0
1507228983,22824900,0.19867,229.32828308,0
1507228696,22824563,0.19812,606.33923911,1
1507228696,22824562,0.19813,4131.17764010,1
1507228696,22824561,0.19870,49.00000000,1
1507228680,22824548,0.19971,519.45641180,0
1507228648,22824536,0.19721,26868.46407584,1
1507228648,22824535,0.19791,2120.84779748,1
1507228648,22824534,0.19846,3978.72638000,1
1507228647,22824533,0.19870,1002.77055668,1
1507228647,22824532,0.19870,800.00000000,1
1507228647,22824531,0.19874,794.39859000,1
1507228646,22824527,0.19875,2026.79260000,1
1507228646,22824526,0.19880,4479.00000000,1
1507228636,22824504,0.19965,11258.72796000,1
1507228618,22824471,0.19965,4366.47204000,0
1507228485,22824284,0.19872,4368.34494580,1
1507228414,22824215,0.19972,250.00000000,0
1507228337,22824183,0.19973,1248.51839984,0
1507228212,22824113,0.19880,50.00000000,1
1507228175,22824090,0.19974,219.56931000,0
1507228162,22824080,0.19974,167.79500000,0
1507228149,22824068,0.19974,167.79500000,0
1507228123,22824038,0.19974,626.00000000,1
1507227981,22823909,0.19979,1022.56010420,0
1507227981,22823908,0.19978,7646.53874262,0
1507227981,22823907,0.19977,292.12119000,0
1507227981,22823906,0.19977,917.00000000,0
1507227979,22823903,0.19924,108.01579326,0
1507227964,22823898,0.19924,3721.60026270,1
1507227920,22823850,0.19949,291.08867612,0
1507227907,22823839,0.19978,2353.46125738,0
1507227905,22823837,0.19974,642.48146000,0
1507227884,22823816,0.19974,5000.00000000,0
1507227874,22823808,0.19973,9228.96945085,0
1507227874,22823807,0.19957,450.00000000,0
1507227872,22823800,0.19955,310.10489390,0
1507227852,22823796,0.19955,699.82896517,0
1507227828,22823787,0.19924,802.34071300,1
1507227786,22823757,0.19924,646.28298087,0
1507227786,22823753,0.19890,26.00000000,0
1507227786,22823751,0.19870,5000.00000000,0
1507227784,22823740,0.19868,2870.02776000,0
1507227757,22823695,0.19868,3310.11615378,0
1507227757,22823694,0.19850,147.07535022,0
1507227756,22823689,0.19850,5494.01500200,0
1507227755,22823686,0.19850,4269.69116600,0
1507227755,22823685,0.19849,5937.96921700,0
1507227755,22823684,0.19848,1930.25195000,0
1507227740,22823670,0.19790,26.00000000,0
1507227630,22823618,0.19751,702.97959597,0
1507227630,22823617,0.19724,383.00000000,0
1507227599,22823599,0.19751,97.02040403,0
1507227597,22823598,0.19750,905.00000000,0
1507227592,22823591,0.19640,47145.88938127,0
1507227591,22823590,0.19640,3281.28390379,0
1507227586,22823587,0.19640,275.68574600,0
1507227586,22823586,0.19639,595.18803200,0
1507227585,22823584,0.19639,1946.32182800,0
1507227570,22823572,0.19639,2353.60000000,0
1507227568,22823567,0.19640,183.08023600,0
1507227547,22823549,0.19632,150.00000000,1
1507227452,22823449,0.19749,1514.87928502,1
1507227450,22823448,0.19681,0.39812713,0
1507227426,22823436,0.19619,4472.18592355,1
1507227426,22823434,0.19655,1009.93385907,1
1507227426,22823431,0.19661,23604.83467738,1
1507227424,22823428,0.19663,13372.04554000,0
1507227424,22823426,0.19663,500.00000000,1
1507227347,22823295,0.19664,97.75000000,1
1507227286,22823271,0.19700,569.02787287,1
1507227266,22823265,0.19756,1027.03629261,0
1507227261,22823264,0.19700,130.97212713,1
1507227261,22823263,0.19700,948.97997507,1
1507227214,22823250,0.19758,2377.95953000,0
1507227213,22823249,0.19757,3116.58640000,0
1507227213,22823248,0.19756,1091.12380000,0
1507227213,22823247,0.19755,13414.33027000,0
1507227108,22823217,0.19700,722.64200000,1
1507227052,22823197,0.19700,275.83954315,1
1507227031,22823186,0.19700,716.45300000,1
1507226997,22823171,0.19700,697.07100000,1
1507226994,22823168,0.19700,697.07100000,1
1507226992,22823165,0.19700,161.46200000,1
1507226991,22823163,0.19700,698.82600000,1
1507226978,22823158,0.19700,685.01500000,1
1507226976,22823156,0.19700,147.20600000,1
1507226973,22823153,0.19700,685.27000000,1
1507226963,22823151,0.19700,663.51300000,1
1507226961,22823146,0.19700,662.69300000,1
1507226960,22823145,0.19700,165.23700000,1
1507226957,22823142,0.19700,662.85500000,1
1507226955,22823140,0.19700,662.85500000,1
1507226937,22823124,0.19700,657.79300000,1
1507226922,22823110,0.19790,2725.70407190,1
1507226922,22823109,0.19790,4500.00000000,1
1507226921,22823104,0.19790,1770.98985785,1
1507226921,22823103,0.19790,26.00000000,0
1507226908,22823091,0.19701,279.82625400,1
1507226906,22823090,0.19701,1277.82625400,1
1507226890,22823079,0.19700,144.67435280,0
1507226858,22823071,0.19700,658.25284263,0
1507226801,22823056,0.19650,649.00100000,1
1507226792,22823051,0.19699,45.39000000,1
1507226790,22823048,0.19700,66.63543147,0
1507226786,22823044,0.19678,4.61000000,0
1507226783,22823042,0.19699,6586.00000000,1
1507226782,22823041,0.19699,2500.00000000,0
1507226755,22823005,0.19650,15893.80140000,1
1507226754,22823003,0.19699,2157.15340880,0
1507226728,22822995,0.19699,2000.00000000,0
1507226703,22822979,0.19699,273.00000000,0
1507226682,22822972,0.19609,1293.80064662,0
1507226659,22822925,0.19609,1017.38997399,0
1507226624,22822908,0.19609,1017.49778163,0
1507226620,22822905,0.19605,3700.11000000,1
1507226592,22822885,0.19607,95.15000000,1
1507226588,22822881,0.19607,95.15000000,1
1507226530,22822855,0.19604,23422.88015691,0
1507226503,22822850,0.19604,1000.00000000,0
1507226487,22822846,0.19600,457.96061898,1
1507226487,22822845,0.19600,515.51679000,1
1507226483,22822840,0.19604,7376.13678381,0
1507226442,22822827,0.19602,150.00000000,1
1507226436,22822826,0.19602,383.00000000,0
1507226435,22822825,0.19602,232.06493998,0
1507226401,22822816,0.19600,484.48321000,1
1507226392,22822812,0.19602,468.16942149,0
1507226378,22822807,0.19602,3912.48146000,1
1507226362,22822804,0.19602,1730.00000000,1
1507226347,22822783,0.19604,3362.49048598,1
1507226275,22822726,0.19604,1644.25368000,1
1507226183,22822685,0.19809,251.75425311,0
1507226162,22822676,0.19701,243.62727300,1
1507226161,22822675,0.19720,48.72507167,1
1507226129,22822668,0.19720,401.27492833,1
1507226127,22822667,0.19750,150.00000000,1
1507226127,22822666,0.19750,648.72507167,1
1507226119,22822665,0.19750,102.27492833,1
1507226119,22822664,0.19750,550.00000000,1
1507226105,22822655,0.19773,3066.48099657,1
1507226105,22822654,0.19780,3636.49275343,1
1507226070,22822638,0.19780,51.00000000,1
1507226064,22822637,0.19780,1355.37883400,1
1507226064,22822636,0.19800,500.00000000,1
1507226064,22822635,0.19800,820.00000000,1
1507226064,22822634,0.19800,280.00000000,1
1507226063,22822633,0.19802,1210.05912000,1
1507226063,22822632,0.19807,2774.00000000,1
1507226063,22822630,0.19815,800.00000000,1
1507226063,22822628,0.19822,6044.79618000,1
1507226061,22822626,0.19823,13425.70026000,1
1507225957,22822560,0.19978,1182.35058564,0
1507225946,22822556,0.19979,469.60438460,0
1507225946,22822555,0.19970,800.00000000,0
1507225946,22822554,0.19955,2237.50000412,0
1507225946,22822553,0.19951,4161.00000000,0
1507225946,22822552,0.19950,4367.50000000,0
1507225945,22822551,0.19949,4329.70899000,1
1507225945,22822550,0.19949,720.41668000,1
1507225945,22822549,0.19926,3602.08338000,1
1507225945,22822548,0.19890,26.00000000,0
1507225943,22822547,0.19843,1800.64000000,0
1507225903,22822529,0.19807,226.00000000,1
1507225901,22822527,0.19820,316.00000000,1
1507225879,22822523,0.19820,114.00000000,1
1507225879,22822522,0.19820,458.00000000,1
1507225867,22822514,0.19845,1475.82248000,0
1507225867,22822513,0.19845,6216.47752000,1
1507225862,22822508,0.19845,2315.05374586,1
1507225851,22822502,0.19843,338.00000000,0
1507225849,22822501,0.19845,800.00000000,1
1507225811,22822488,0.19949,950.00000000,0
1507225784,22822475,0.19949,1500.07519173,0
1507225746,22822451,0.19828,200.00000000,1
1507225730,22822442,0.19900,1084.79108778,1
1507225725,22822437,0.19900,2260.20891222,1
1507225713,22822431,0.19900,800.00000000,1
1507225679,22822419,0.19820,42.00000000,1
1507225679,22822418,0.19820,500.00000000,1
1507225640,22822404,0.19939,45743.00181696,0
1507225640,22822403,0.19939,4161.16518100,0
1507225640,22822402,0.19938,4995.08944000,0
1507225640,22822401,0.19900,0.00000453,0
1507225626,22822381,0.19900,800.00000000,1
1507225625,22822380,0.19900,23613.81909547,1
1507225457,22822332,0.19900,144.51678391,0
1507225457,22822331,0.19900,30.00000000,0
1507225455,22822329,0.19890,26.00000000,0
1507225383,22822272,0.19851,200.00000000,1
1507225330,22822259,0.19851,1703.00000000,1
1507225196,22822196,0.19811,532.12000000,1
1507225178,22822178,0.19850,5000.00000000,0
1507225127,22822163,0.19833,2554.59690120,1
1507224985,22822127,0.19940,2524.54974924,0
1507224985,22822126,0.19934,2569.49756000,0
1507224983,22822125,0.19932,9287.74861000,0
1507224891,22822095,0.19952,1094.89705293,0
1507224843,22822082,0.19948,1178.18189477,0
1507224842,22822080,0.19949,50.00000000,0
1507224820,22822075,0.19954,349.33879658,0
1507224784,22822063,0.19958,244.87875752,0
1507224742,22822058,0.19813,481.29849089,0
1507224742,22822057,0.19813,1033.70150911,1
1507224688,22822018,0.19900,21.53370639,1
1507224688,22822017,0.19953,87.37000000,1
1507224572,22821958,0.19963,5808.59891167,1
1507224571,22821956,0.19963,541.59154651,1
1507224571,22821954,0.19963,3643.35991000,0
1507224567,22821950,0.19900,2000.00000000,1
1507224446,22821843,0.19960,1846.09659624,0
1507224444,22821839,0.19940,153.00461079,0
1507224399,22821826,0.19900,158.20137779,1
1507224391,22821819,0.19900,4000.00000000,1
1507224305,22821795,0.19900,10000.00000000,1
1507224300,22821777,0.19900,10000.00000000,1
1507224291,22821776,0.19900,10000.00000000,1
1507224287,22821772,0.19900,10000.00000000,1
1507224282,22821769,0.19900,3455.74416015,1
1507224282,22821768,0.19901,6544.25583985,1
1507224241,22821750,0.19901,5017.00000000,1
1507224225,22821742,0.19901,1946.13528000,1
1507224224,22821741,0.19902,7227.86472000,1
1507224118,22821678,0.19902,6100.00000000,1
1507224027,22821640,0.19940,4846.99538921,0
1507224025,22821639,0.19921,629.00000000,0
1507223855,22821579,0.19979,220.55423074,1
1507223728,22821500,0.19979,6970.44078000,0
1507223679,22821484,0.19979,499.27734121,0
1507223676,22821483,0.19979,249.63867060,0
1507223632,22821452,0.19988,1267.59345607,0
1507223516,22821418,0.19988,1600.00000000,0
1507223494,22821412,0.19902,1969.42467634,1
1507223494,22821411,0.19902,1477.68193548,1
1507223468,22821401,0.19902,222.31806452,1
1507223459,22821386,0.19988,3401.19292405,0
1507223369,22821359,0.19988,536.00000000,0
1507223306,22821345,0.19990,7920.07573786,0
1507223306,22821344,0.19990,26.00000000,0
1507223306,22821343,0.19960,240.00000000,0
1507223304,22821342,0.19950,1000.00000000,0
1507223304,22821339,0.19950,2797.94699225,0
1507223291,22821330,0.19950,2458.10990000,0
1507223281,22821320,0.19950,334.86912280,0
1507223280,22821317,0.19950,334.74260651,0
1507223188,22821288,0.19950,195.00120301,0
1507223149,22821264,0.19950,500.00310777,0
1507223130,22821261,0.19901,4572.60888015,1
1507223128,22821259,0.19920,696.39111985,1
1507223071,22821195,0.19920,503.60888015,1
1507222847,22821025,0.19950,871.79759398,0
1507222845,22821024,0.19925,629.00000000,0
1507222838,22821011,0.19900,1100.00000000,1
1507222838,22821010,0.19900,150.00000000,1
1507222758,22820965,0.19938,550.00000000,0
1507222738,22820955,0.19940,166.84548561,1
1507222718,22820943,0.19900,0.00000084,0
1507222646,22820914,0.19900,1320.29677000,0
1507222641,22820911,0.19890,60.00000000,1
1507222632,22820905,0.19900,1663.70323000,0
1507222578,22820891,0.19890,827.69000000,1
1507222558,22820884,0.19890,1000.00000000,1
1507222558,22820883,0.19890,1500.00000000,1
1507222467,22820850,0.19890,26.00000000,1
1507222460,22820847,0.19890,26.00000000,0
1507222365,22820762,0.19829,989.23558733,1
1507222364,22820761,0.19830,167.77090267,1
1507222364,22820760,0.19854,1242.73262000,1
1507222364,22820759,0.19854,6214.05657000,1
1507222364,22820758,0.19855,13279.21745000,1
1507222364,22820757,0.19940,570.98687000,1
1507222362,22820754,0.19947,300.00000000,1
1507222355,22820752,0.19950,394.72947368,0
1507222353,22820751,0.19949,855.32119000,0
1507222196,22820664,0.19940,533.17196000,0
1507222193,22820662,0.19940,183.64766000,0
1507222190,22820660,0.19940,9590.47756003,0
1507222145,22820651,0.19910,4000.00000000,1
1507222140,22820637,0.19910,2496.78826332,0
1507222140,22820636,0.19830,19227.02080845,0
1507222134,22820632,0.19830,5000.00000000,0
1507222133,22820629,0.19830,166.82808875,0
1507222131,22820621,0.19830,166.61612490,0
1507222129,22820613,0.19830,2480.88634579,0
1507222129,22820612,0.19830,150.00000000,1
1507222098,22820608,0.19832,4320.37930000,1
1507221984,22820541,0.19910,2004.01808136,0
1507221935,22820517,0.19938,1000.60808506,0
1507221808,22820458,0.19818,5100.00000000,1
1507221789,22820449,0.19989,1985.73815848,1
1507221789,22820448,0.19950,7476.41000000,0
1507221787,22820447,0.19945,1402.14091000,0
1507221670,22820347,0.19921,2503.63937553,1
1507221648,22820341,0.19924,2750.74882518,0
1507221618,22820330,0.19807,228.00000000,1
1507221605,22820318,0.19921,1957.00708000,1
1507221603,22820315,0.19921,2068.99292000,0
1507221603,22820314,0.19863,974.00000000,0
1507221597,22820305,0.19805,7769.00000000,1
1507221585,22820304,0.19921,1331.59276301,0
1507221585,22820303,0.19915,2625.04793699,0
1507221585,22820302,0.19913,1043.35930000,0
1507221581,22820297,0.19802,1038.00000000,1
1507221516,22820274,0.19900,2666.52217000,1
1507221516,22820273,0.19900,1805.59256700,1
1507221516,22820272,0.19900,2034.53275200,1
1507221516,22820271,0.19900,2145.37192100,1
1507221516,22820270,0.19900,1321.98059000,1
1507221514,22820268,0.19890,26.00000000,0
1507221405,22820240,0.19970,2700.00000000,0
1507221370,22820231,0.19989,98.40822452,0
1507221366,22820229,0.19995,23530.24174343,0
1507221366,22820228,0.19995,5325.44288000,1
1507221366,22820227,0.19989,699.69159000,1
1507221365,22820225,0.19880,3498.45797000,1
1507221364,22820224,0.19880,3498.45797000,0
1507221334,22820205,0.19800,1000.00000000,1
1507221334,22820204,0.19802,498.19613781,1
1507221243,22820144,0.19937,2001.13096946,1
1507221243,22820143,0.19937,2252.09108000,0
1507221225,22820131,0.19945,1052.48490000,0
1507221026,22820036,0.19913,2544.67036919,0
1507221001,22820016,0.19887,1359.29688753,1
1507221001,22820015,0.19887,1160.40000000,1
1507220985,22819978,0.19940,3758.63082246,0
1507220975,22819969,0.20000,11681.18430000,0
1507220975,22819968,0.20000,500.00000000,0
1507220975,22819967,0.19990,26.00000000,0
1507220975,22819966,0.19957,450.00000000,0
1507220974,22819965,0.19950,1791.56039408,0
1507220974,22819964,0.19949,455.86495000,0
1507220974,22819963,0.19900,10000.00000000,0
1507220974,22819962,0.19890,26.00000000,0
1507220972,22819961,0.19887,2279.32475000,0
1507220952,22819951,0.19802,500.00000000,1
1507220950,22819949,0.19802,2318.23805900,1
1507220935,22819936,0.19890,998.34540326,1
1507220935,22819935,0.19900,501.25623128,1
1507220900,22819921,0.19938,2560.45364770,0
1507220898,22819919,0.19937,441.37408699,0
1507220883,22819901,0.19890,1165.68366800,1
1507220879,22819898,0.19890,998.46166700,1
1507220871,22819894,0.19925,26.82511000,0
1507220855,22819886,0.19890,5166.60922400,1
1507220848,22819884,0.19890,1038.46166600,1
1507220835,22819878,0.19890,170.68884600,1
1507220821,22819867,0.19890,2009.69331300,1
1507220775,22819845,0.19890,1400.00000000,1
1507220759,22819829,0.19900,1000.00000000,1
1507220680,22819743,0.19890,3316.89507291,1
1507220636,22819720,0.19890,525.00000000,1
1507220620,22819699,0.19940,4073.91347863,0
1507220587,22819684,0.19940,374.69012036,0
1507220543,22819646,0.19890,26.00000000,1
1507220543,22819645,0.19890,1000.00000000,1
1507220539,22819643,0.19890,5905.87468900,1
1507220538,22819641,0.19890,200.14642420,1
1507220532,22819639,0.19890,5903.85624300,1
1507220526,22819638,0.19800,2000.00000000,1
1507220522,22819631,0.19910,1752.52938221,1
1507220520,22819630,0.19890,26.00000000,0
1507220507,22819619,0.19802,560.39991563,1
1507220426,22819572,0.19796,499.55950298,0
1507220417,22819567,0.19790,100.00000000,1
1507220415,22819566,0.19790,26.00000000,0
1507220415,22819565,0.19789,4190.30203308,0
1507220414,22819564,0.19770,974.00000000,0
1507220413,22819561,0.19789,9284.69796692,1
1507220384,22819539,0.19750,1000.00000000,0
1507220324,22819500,0.19690,26.00000000,0
1507220227,22819397,0.19685,1520.19304038,0
1507220180,22819373,0.19518,3587.70000000,0
1507220178,22819370,0.19631,270.00000000,1
1507220175,22819363,0.19631,158.00000000,0
1507220175,22819362,0.19514,3485.71424029,1
1507220157,22819348,0.19634,1577.58837000,1
1507220153,22819347,0.19502,1382.94804000,0
1507220151,22819346,0.19630,500.00000000,1
1507220151,22819345,0.19631,6845.05196000,1
1507220138,22819332,0.19632,1772.78188000,1
1507220138,22819331,0.19631,485.90982976,0
1507220138,22819330,0.19632,1772.76400000,1
1507220137,22819329,0.19675,0.00000024,1
1507220123,22819317,0.19675,5984.47263000,1
1507220122,22819316,0.19676,7278.49180000,1
1507220116,22819310,0.19650,100.00000000,0
1507220084,22819275,0.19630,500.00000000,0
1507220080,22819273,0.19629,269.91000000,1
1507220057,22819259,0.19509,2162.09028830,1
1507219991,22819230,0.19616,4452.43889000,0
1507219978,22819219,0.19621,2860.23564000,0
1507219965,22819212,0.19626,270.00000000,0
1507219943,22819202,0.19501,1125.24000000,1
1507219926,22819195,0.19501,137.05097954,1
1507219920,22819193,0.19501,255.00000000,1
1507219919,22819192,0.19500,500.00000000,1
1507219917,22819191,0.19500,2311.27074810,1
1507219915,22819189,0.19550,173.42566000,1
1507219871,22819144,0.19500,173.42566391,1
1507219869,22819140,0.19500,3500.00000000,1
1507219866,22819128,0.19500,1402.50507317,1
1507219866,22819126,0.19500,1000.00000000,1
1507219866,22819124,0.19597,1349.46280000,1
1507219866,22819122,0.19600,1000.00000000,1
1507219866,22819120,0.19600,11000.00000000,1
1507219866,22819118,0.19600,2000.00000000,1
1507219866,22819117,0.19600,197.30118683,1
1507219865,22819115,0.19600,2402.36322900,1
1507219864,22819105,0.19600,3535.12217000,1
1507219839,22819084,0.19600,1329.00510000,1
1507219839,22819083,0.19601,5323.00000000,1
1507219838,22819082,0.19602,2347.99490000,1
1507219778,22819036,0.19603,4455.61993600,1
1507219777,22819035,0.19602,6346.30800000,1
1507219734,22819004,0.19768,1301.75226771,1
1507219734,22819003,0.19768,1072.00900000,1
1507219734,22819002,0.19768,8818.95200000,1
1507219734,22819001,0.19768,11516.84688000,0
1507219709,22818989,0.19601,3241.38730000,1
1507219709,22818988,0.19636,1393.61270000,0
1507219707,22818987,0.19660,2100.00000000,1
1507219704,22818964,0.19798,836.91985658,0
1507219704,22818957,0.19799,817.06317543,0
1507219702,22818952,0.19799,1656.51676598,0
1507219689,22818935,0.19601,945.00000000,1
1507219671,22818908,0.19831,1006.00695880,0
1507219659,22818895,0.19841,502.74996220,0
1507219644,22818876,0.19600,666.71131238,1
1507219644,22818875,0.19600,500.84165762,0
1507219644,22818874,0.19670,1453.77480000,1
1507219642,22818873,0.19714,2448.00888000,1
1507219642,22818872,0.19714,57.66335000,1
1507219637,22818870,0.19860,4012.06636500,0
1507219608,22818843,0.19890,501.51141277,0
1507219604,22818836,0.19895,498.00000000,0
1507219593,22818818,0.19714,653.54548300,0
1507219593,22818817,0.19713,1066.82160000,0
1507219589,22818811,0.19714,252.99436948,0
1507219588,22818810,0.19620,1885.78692800,0
1507219588,22818809,0.19620,2796.00000000,0
1507219588,22818808,0.19620,1356.77983200,0
1507219586,22818803,0.19501,2132.36998602,0
1507219586,22818802,0.19501,635.63001398,0
1507219586,22818801,0.19501,28.00000000,0
1507219586,22818800,0.19501,999.22293857,0
1507219586,22818797,0.19525,256.28681178,0
1507219585,22818796,0.19575,1078.29794607,0
1507219585,22818795,0.19575,318.72964134,0
1507219585,22818792,0.19575,163.35000000,0
1507219585,22818787,0.19575,509.83601000,0
1507219584,22818785,0.19575,940.14030885,0
1507219584,22818783,0.19575,500.00000000,0
1507219584,22818782,0.19525,500.00000000,0
1507219583,22818779,0.19501,4407.56670239,1
1507219583,22818778,0.19501,6290.48785671,1
1507219583,22818777,0.19501,2910.51450061,1
1507219583,22818776,0.19501,579.48549939,0
1507219583,22818775,0.19501,367.51445767,0
1507219582,22818774,0.19530,2303.48554233,1
1507219582,22818773,0.19530,696.51445767,1
1507219582,22818772,0.19530,499.99991411,0
1507219582,22818770,0.19530,499.99991411,0
1507219582,22818765,0.19590,2680.00000000,1
1507219582,22818764,0.19600,1088.48571411,1
1507219581,22818763,0.19600,881.51428589,1
1507219581,22818762,0.19600,65.48571411,0
1507219581,22818759,0.19600,434.51420000,0
1507219581,22818755,0.19601,65.48580000,0
1507219581,22818753,0.19601,500.00000000,0
1507219581,22818751,0.19601,500.00000000,0
1507219581,22818750,0.19621,254.82900973,0
1507219580,22818745,0.19621,86.56611796,0
1507219580,22818744,0.19621,1019.31603894,0
1507219580,22818742,0.19600,30.00000000,1
1507219580,22818739,0.19621,476.07741815,0
1507219579,22818734,0.19621,98.02949543,1
1507219579,22818730,0.19621,30.00000000,1
1507219579,22818729,0.19621,30.00000000,1
1507219578,22818727,0.19621,5162.05749665,1
1507219578,22818726,0.19621,10969.72515374,0
1507219578,22818724,0.19650,5096.00000000,1
1507219578,22818723,0.19669,711.66765709,1
1507219577,22818722,0.19700,239.00000000,1
1507219577,22818721,0.19720,450.00000000,1
1507219577,22818720,0.19757,3590.00000000,1
1507219577,22818719,0.19800,1077.52525252,1
1507219576,22818718,0.19849,80.00000000,1
1507219576,22818717,0.19850,1589.94235000,1
1507219576,22818715,0.19900,3500.00000000,1
1507219576,22818713,0.19905,4334.08209000,1
1507219574,22818709,0.19905,1589.94235000,1
1507219574,22818702,0.19905,2021.92085000,1
1507219566,22818681,0.20036,3913.42628269,1
1507219564,22818675,0.20035,1065.19660000,0
1507219563,22818671,0.19935,6474.28421000,1
1507219563,22818670,0.20000,747.57779000,1
1507219562,22818669,0.19935,1250.48723443,1
1507219562,22818668,0.19935,340.66662457,1
1507219560,22818666,0.19935,159.33337543,1
1507219560,22818665,0.19945,500.12534469,1
1507219560,22818664,0.19967,5000.00000000,1
1507219560,22818663,0.19968,2483.79503000,1
1507219560,22818662,0.19980,1168.36124988,1
1507219557,22818661,0.19980,1270.76573012,1
1507219557,22818660,0.19980,143.68872988,1
1507219557,22818659,0.20000,1168.36125000,1
1507219506,22818579,0.19980,67.67307012,0
1507219504,22818577,0.19980,486.96778000,0
1507219446,22818546,0.19980,2500.00000000,1
1507219446,22818545,0.19985,410.00000000,1
1507219441,22818542,0.20044,1376.44306206,0
1507219441,22818541,0.20043,9572.44800000,1
1507219439,22818536,0.20000,434.00000000,1
1507219438,22818535,0.20000,2000.00000000,1
1507219438,22818533,0.20000,500.00000000,1
1507219358,22818459,0.20043,74.63952502,0
1507219312,22818427,0.20057,1243.30657625,0
1507219294,22818412,0.20026,974.00000000,0
1507219280,22818398,0.20000,388.74631782,0
1507219266,22818384,0.20000,974.00000000,0
1507219266,22818382,0.20000,637.25368218,1
1507219254,22818367,0.20000,2000.00000000,1
1507219237,22818340,0.20000,350.00939294,1
1507219237,22818339,0.20000,1649.99060706,1
1507219173,22818262,0.20000,2000.00000000,1
1507219121,22818204,0.19981,2501.67641798,1
1507219121,22818203,0.20050,102.46672000,1
1507219082,22818182,0.20073,2484.69640811,0
1507219054,22818131,0.20075,99.37793275,0
1507219053,22818127,0.19978,4001.84243400,1
1507219048,22818125,0.19978,7842.44718753,1
1507219048,22818124,0.19978,2487.39160000,1
1507219048,22818123,0.20000,125.00000000,1
1507219046,22818122,0.20050,1582.66592847,1
1507219041,22818114,0.20050,65.00000000,0
1507219041,22818113,0.20050,102.46672153,0
1507219028,22818081,0.20050,1647.66593000,0
1507219003,22818031,0.20050,249.86734847,0
1507219003,22818030,0.20012,182.80497100,0
1507219001,22818029,0.20000,8.64332913,0
1507218995,22818017,0.19967,1715.21630622,0
1507218994,22818015,0.19975,249.70037378,1
1507218994,22818014,0.19978,8765.71282000,1
1507218994,22818013,0.19979,2317.37050000,1
1507218992,22818009,0.19990,50.00000000,1
1507218986,22818003,0.20000,222.81000000,0
1507218976,22817998,0.20000,207.98656000,0
1507218963,22817989,0.20000,78.25224000,0
1507218961,22817987,0.20000,82.30787087,0
1507218960,22817986,0.20000,4601.10006313,0
1507218960,22817985,0.20000,3598.70118800,0
1507218958,22817983,0.20000,517.69212900,0
1507218950,22817979,0.20000,207.98656000,0
1507218938,22817971,0.20000,30.95957846,0
1507218938,22817970,0.20000,814.42692154,0
1507218937,22817968,0.20000,207.98656000,0
1507218933,22817965,0.20000,3725.58069112,0
1507218933,22817964,0.20000,2500.00000000,0
1507218933,22817963,0.20000,25.55000000,0
1507218933,22817962,0.20000,200.00000000,0
1507218933,22817961,0.20000,6383.97861088,0
1507218923,22817953,0.20000,51.08978000,0
1507218917,22817950,0.20000,10578.85300000,0
1507218913,22817946,0.20000,2986.07860912,0
1507218913,22817945,0.20000,81.00000000,0
1507218913,22817944,0.20000,601.34000000,0
1507218913,22817943,0.20000,300.00000000,0
1507218913,22817942,0.20000,25.00000000,0
1507218913,22817941,0.20000,17000.00000000,0
1507218913,22817940,0.20000,510.00000000,0
1507218913,22817939,0.20000,2500.00000000,0
1507218913,22817937,0.20000,100.00000000,0
1507218913,22817936,0.20000,430.00000000,0
1507218913,22817935,0.20000,100.00000000,0
1507218913,22817934,0.20000,500.00000000,0
1507218912,22817933,0.20000,15000.00000000,0
1507218912,22817932,0.20000,200.00000000,0
1507218912,22817931,0.20000,350.00000000,0
1507218912,22817930,0.20000,30.00000000,0
1507218912,22817929,0.20000,199.12167706,0
1507218912,22817928,0.20000,9087.45971382,0
1507218910,22817926,0.20000,49.06503000,0
1507218909,22817925,0.20000,10459.10732900,0
1507218906,22817923,0.20000,2619.05000000,0
1507218897,22817919,0.20000,7.48930000,0
1507218884,22817917,0.20000,7.19249000,0
1507218872,22817913,0.20000,3000.00000000,0
1507218870,22817912,0.20000,6.90744000,0
1507218857,22817904,0.20000,6.63369000,0
1507218844,22817899,0.20000,26.74730000,0
1507218832,22817890,0.20000,6682.08145800,0
1507218831,22817888,0.20000,26.74730000,0
1507218818,22817834,0.20000,26.74730000,0
1507218804,22817829,0.20000,26.74730000,0
1507218791,22817824,0.20000,26.74730000,0
1507218778,22817817,0.20000,26.74730000,0
1507218776,22817816,0.19975,180.44750015,1
1507218774,22817814,0.20000,248.00000000,0
1507218765,22817808,0.20000,26.74730000,0
1507218753,22817806,0.20000,10000.00000000,0
1507218752,22817802,0.20000,26.74730000,0
1507218739,22817798,0.20000,7349.80000000,0
1507218738,22817796,0.20000,26.74730000,0
1507218725,22817771,0.19990,26.00000000,0
1507218712,22817759,0.20000,0.74730000,0
1507218712,22817758,0.19990,26.00000000,0
1507218708,22817754,0.20000,2275.98151080,0
1507218699,22817748,0.19990,26.00000000,0
1507218686,22817741,0.20000,6.57020000,0
1507218684,22817739,0.20000,472.75431000,0
1507218674,22817733,0.20000,2184.17585000,0
1507218672,22817729,0.20000,7.80618000,0
1507218659,22817724,0.20000,9.27467000,0
1507218646,22817720,0.20000,13.57269000,0
1507218633,22817710,0.20000,19.86247000,0
1507218621,22817708,0.20000,7730.60000000,0
1507218620,22817706,0.20000,23.59898000,0
1507218607,22817699,0.20000,28.03839000,0
1507218597,22817680,0.20000,760.00000000,0
1507218595,22817679,0.19975,255.00000000,1
1507218595,22817678,0.20000,316.25700900,0
1507218594,22817677,0.20000,161.12912000,0
1507218593,22817676,0.20000,9696.65393100,0
1507218593,22817669,0.20000,2263.73642545,0
1507218593,22817666,0.19999,127.81618000,0
1507218590,22817659,0.20000,2833.44857512,0
1507218589,22817658,0.20000,3200.00000000,0
1507218587,22817654,0.20000,170.19630982,0
1507218585,22817652,0.20000,4069.58837300,0
1507218585,22817651,0.20000,7677.31919500,0
1507218585,22817650,0.20000,2021.26100000,0
1507218580,22817640,0.20000,48.75064000,0
1507218570,22817635,0.20000,1104.93075000,0
1507218568,22817634,0.20000,3140.23396999,0
1507218568,22817632,0.20000,250.00000000,0
1507218568,22817630,0.20000,3404.46634838,0
1507218567,22817627,0.20000,57.92155000,0
1507218566,22817622,0.19975,348.85212607,1
1507218564,22817616,0.19976,197.09436441,1
1507218560,22817595,0.20000,3310.75956237,0
1507218559,22817591,0.20000,3226.85253925,0
1507218559,22817590,0.20000,50.59116498,0
1507218559,22817589,0.20000,1626.75624577,0
1507218558,22817580,0.20000,1420.25905000,0
1507218554,22817572,0.20000,70.09246000,0
1507218547,22817559,0.20000,4882.89224423,0
1507218547,22817557,0.20000,100.00000000,0
1507218547,22817556,0.20000,100.00000000,0
1507218546,22817555,0.20000,350.00000000,0
1507218546,22817554,0.20000,2097.00000000,0
1507218546,22817553,0.20000,2097.00000000,0
1507218546,22817552,0.20000,373.10775577,0
1507218544,22817551,0.20000,6045.19321900,0
1507218543,22817549,0.19999,314.63335000,0
1507218541,22817539,0.19990,26.00000000,0
1507218529,22817526,0.20000,3733.95256100,0
1507218528,22817524,0.20000,503.00000000,0
1507218527,22817522,0.20000,97.42978000,0
1507218514,22817509,0.20000,142.58017000,0
1507218510,22817508,0.20000,514.09662200,0
1507218503,22817502,0.20000,6266.80543400,0
1507218503,22817501,0.20000,8323.83445823,0
1507218503,22817500,0.20000,9000.00000000,0
1507218503,22817499,0.20000,150.00000000,0
1507218503,22817498,0.20000,25.05039406,0
1507218503,22817497,0.20000,1905.84373443,0
1507218503,22817496,0.20000,900.00000000,0
1507218503,22817494,0.20000,500.00000000,0
1507218502,22817493,0.20000,30.00000000,0
1507218502,22817492,0.20000,500.00000000,0
1507218502,22817491,0.20000,185.00000000,0
1507218502,22817489,0.20000,68.73913928,0
1507218501,22817487,0.20000,169.40218000,0
1507218496,22817481,0.20000,5661.85868072,0
1507218496,22817479,0.19999,612.05204000,0
1507218496,22817477,0.19999,88.99000000,0
1507218496,22817475,0.19999,48.80000000,0
1507218495,22817473,0.19999,1000.00000000,0
1507218495,22817472,0.19991,156.31532000,0
1507218495,22817471,0.19990,10000.00000000,0
1507218495,22817470,0.19990,281.98504728,0
1507218486,22817463,0.19990,393.01495272,0
1507218486,22817462,0.19990,27.00000000,0
1507218486,22817459,0.19982,1000.00000000,0
1507218486,22817456,0.19981,0.00000475,0
1507218475,22817415,0.19981,99.99999525,0
1507218474,22817414,0.19981,200.00000000,0
1507218474,22817413,0.19981,172.04639475,0
1507218468,22817409,0.19981,14976.72789149,0
1507218463,22817403,0.19981,3620.02855800,0
1507218461,22817398,0.19981,233.98622000,0
1507218448,22817381,0.19981,737.36244000,0
1507218445,22817379,0.19981,4566.88437000,0
1507218436,22817363,0.19981,4408.43533900,0
1507218435,22817360,0.19981,2279.38474200,0
1507218434,22817359,0.19980,676.71283000,0
1507218418,22817341,0.19981,608.67382000,0
1507218404,22817305,0.19981,27.27327000,0
1507218386,22817287,0.19981,12837.02422503,0
1507218386,22817286,0.19980,530.93615000,0
1507218359,22817266,0.19981,557.94839000,0
1507218351,22817257,0.19981,500.00000000,0
1507218347,22817250,0.19981,19273.33648790,0
1507218345,22817233,0.19981,10089.23293552,0
1507218345,22817232,0.19980,46.59498000,0
1507218345,22817230,0.19980,8959.23430000,0
1507218333,22817201,0.19980,1040.76570000,1
1507218329,22817196,0.19980,55.36037000,1
1507218315,22817191,0.19980,81.01519000,1
1507218302,22817186,0.19980,96.25566000,1
1507218290,22817182,0.19980,5247.98000000,1
1507218289,22817181,0.19980,114.36316000,1
1507218280,22817177,0.19981,650.00000000,0
1507218276,22817173,0.19980,135.87703000,1
1507218263,22817158,0.19980,161.43805000,1
1507218249,22817145,0.19980,236.25081000,1
1507218249,22817144,0.19981,349.45913618,0
1507218238,22817124,0.19980,280.69403000,0
1507218223,22817112,0.19980,22.30597000,1
1507218221,22817111,0.19980,640.00000000,1
1507218211,22817108,0.19980,337.69403000,0
1507218205,22817103,0.19980,621.32335921,0
1507218173,22817085,0.19981,5407.68485289,0
1507218173,22817084,0.19980,0.00000011,0
1507218173,22817082,0.19980,758.19985989,0
1507218173,22817080,0.19980,1067.15211211,0
1507218171,22817056,0.19969,57.94032103,1
1507218156,22817038,0.19980,1000.00000000,0
1507218119,22817018,0.19980,1542.06000000,0
1507218079,22816958,0.19980,1390.78788789,0
1507218079,22816957,0.19980,192.00000000,0
1507218048,22816918,0.19974,786.34243189,0
1507218029,22816903,0.19967,10000.00000000,1
1507218011,22816887,0.19974,3582.00000000,0
1507218011,22816885,0.19971,1418.00000000,0
1507217961,22816845,0.19967,2463.95097330,1
1507217952,22816840,0.19974,219.73700811,0
1507217941,22816827,0.19967,124.88990000,1
1507217927,22816820,0.19967,85.00000000,1
1507217907,22816808,0.19967,956.70015526,0
1507217894,22816793,0.19967,549.53513297,0
1507217864,22816768,0.19935,335.11010000,0
1507217789,22816708,0.19930,3071.90063910,1
1507217789,22816707,0.19960,1959.09936090,1
1507217787,22816705,0.19960,593.00000000,1
1507217772,22816695,0.19960,51.00000000,1
1507217766,22816679,0.19960,282.06850000,1
1507217760,22816674,0.19960,30.00000000,1
1507217746,22816666,0.19957,500.00000000,0
1507217746,22816665,0.19957,414.83213910,0
1507217713,22816617,0.19950,1125.00701754,1
1507217712,22816616,0.19957,35.16786090,0
1507217712,22816615,0.19950,285.00000000,0
1507217712,22816614,0.19950,1000.00000000,0
1507217712,22816613,0.19947,125.00000000,0
1507217712,22816612,0.19946,55.41666666,0
1507217711,22816611,0.19939,1000.00000000,0
1507217693,22816603,0.19930,284.93088351,0
1507217669,22816591,0.19930,491.58795785,0
1507217656,22816581,0.19930,5483.53582438,0
1507217656,22816580,0.19890,80.00000000,0
1507217654,22816574,0.19850,6323.84939567,0
1507217654,22816572,0.19850,510.97364464,0
1507217653,22816570,0.19850,503.52639798,0
1507217650,22816562,0.19850,5030.00000000,0
1507217632,22816534,0.19930,4339.94533426,0
1507217632,22816533,0.19920,50.00000000,0
1507217630,22816532,0.19910,2800.00000000,0
1507217623,22816522,0.19900,9304.58671115,0
1507217623,22816521,0.19900,9652.68406674,0
1507217620,22816518,0.19900,347.31593326,0
1507217620,22816517,0.19900,904.86692374,0
1507217620,22816514,0.19900,1618.66070225,0
1507217620,22816512,0.19900,2222.00000000,0
1507217620,22816511,0.19900,200.00000000,0
1507217620,22816510,0.19900,250.00000000,0
1507217619,22816509,0.19899,100.00000000,0
1507217619,22816508,0.19899,1000.00000000,0
1507217619,22816507,0.19896,121.62644800,0
1507217619,22816506,0.19890,27.00000000,0
1507217619,22816505,0.19890,5838.42194175,0
1507217614,22816500,0.19890,2604.14313725,0
1507217601,22816484,0.19890,500.00000000,0
1507217580,22816433,0.19890,3057.43492100,0
1507217580,22816429,0.19890,1000.00000000,0
1507217579,22816427,0.19873,4611.36918000,0
1507217579,22816425,0.19864,900.00000000,0
1507217579,22816424,0.19863,2651.26642000,0
1507217544,22816342,0.19859,500.00000000,1
1507217528,22816322,0.19859,134.43477089,0
1507217498,22816283,0.19849,498.72000000,0
1507217498,22816282,0.19849,100.00000000,0
1507217483,22816267,0.19821,1000.00000000,0
1507217478,22816247,0.19785,2647.98430125,0
1507217477,22816243,0.19821,248.96120965,1
1507217454,22816198,0.19821,246.03879035,0
1507217435,22816169,0.19821,1343.91741600,0
1507217427,22816164,0.19821,246.03879000,0
1507217385,22816108,0.19821,814.00500365,0
1507217385,22816107,0.19817,102.90400784,0
1507217385,22816105,0.19800,2567.02994451,0
1507217378,22816055,0.19800,2518.95510101,0
1507217374,22816048,0.19800,2206.60469697,0
1507217372,22816042,0.19800,1835.99499600,0
1507217364,22816029,0.19800,871.41526151,0
1507217364,22816028,0.19800,1379.97000000,0
1507217364,22816027,0.19800,70.00000000,0
1507217364,22816026,0.19800,500.00000000,0
1507217364,22816023,0.19800,1631.00000000,0
1507217364,22816022,0.19800,184.60000000,0
1507217364,22816021,0.19800,1470.24070773,0
1507217364,22816020,0.19800,500.00000000,0
1507217364,22816019,0.19800,2418.84141076,0
1507217344,22815994,0.19800,6549.24242424,0
1507217342,22815989,0.19800,691.91616500,0
1507217342,22815985,0.19800,340.00000000,0
1507217342,22815984,0.19800,500.00000000,0
1507217342,22815983,0.19800,100.00000000,0
1507217340,22815981,0.19799,1000.00000000,0
1507217340,22815979,0.19794,99.58974400,0
1507217340,22815978,0.19792,31.00000000,0
1507217340,22815977,0.19790,27.00000000,0
1507217340,22815976,0.19780,503.00000000,0
1507217340,22815975,0.19773,1778.94945878,0
1507217331,22815962,0.19773,2855.70826122,0
1507217331,22815961,0.19764,60.55921978,0
1507217311,22815930,0.19764,1778.94945900,0
1507217304,22815923,0.19764,1194.88208567,0
1507217304,22815922,0.19764,3605.11791433,0
1507217294,22815912,0.19764,1035.24513400,0
1507217271,22815894,0.19764,37.59575000,0
1507217269,22815892,0.19764,1514.12603724,0
1507217254,22815880,0.19764,1037.29002226,0
1507217221,22815850,0.19764,19194.42300200,0
1507217211,22815844,0.19764,822.72065300,0
1507217204,22815841,0.19764,8731.28600000,0
1507217185,22815824,0.19764,1227.90188000,0
1507217112,22815795,0.19764,5150.66063100,0
1507217110,22815794,0.19748,152.99000000,1
1507217098,22815782,0.19764,5000.00000000,0
1507217097,22815780,0.19764,6335.76684500,0
1507217097,22815779,0.19764,8756.78626200,0
1507217095,22815777,0.19764,1950.00000000,0
1507217089,22815769,0.19764,3859.20000000,0
1507217053,22815761,0.19764,710.60291337,0
1507217051,22815758,0.19763,4336.62116177,0
1507217029,22815745,0.19763,507.91883823,1
1507216998,22815739,0.19764,2523.52762598,0
1507216874,22815682,0.19764,2523.54336167,0
1507216808,22815652,0.19763,2586.89988115,0
1507216808,22815651,0.19762,5273.68683000,0
1507216808,22815650,0.19696,1418.00000000,0
1507216808,22815649,0.19690,26.00000000,0
1507216801,22815643,0.19628,408.48278000,1
1507216800,22815642,0.19652,500.00000000,1
1507216724,22815612,0.19664,711.24000000,1
1507216718,22815611,0.19762,868.18677259,0
1507216673,22815597,0.19641,5407.16206744,0
1507216670,22815596,0.19763,275.00000000,0
1507216636,22815557,0.19763,278.10011885,1
1507216622,22815555,0.19764,6309.48785671,0
1507216592,22815549,0.19764,710.72632000,0
1507216586,22815545,0.19764,1085.12365918,0
1507216580,22815541,0.19763,2500.00000000,1
1507216544,22815524,0.19763,510.00000000,1
1507216535,22815518,0.19764,100.00000000,0
1507216532,22815511,0.19764,1517.60673600,0
1507216507,22815490,0.19764,30.00000000,0
1507216507,22815489,0.19763,27.07654000,1
1507216494,22815467,0.19763,54.67640000,1
1507216490,22815463,0.19764,1009.41105039,0
1507216488,22815458,0.19764,1015.07791944,0
1507216481,22815456,0.19763,64.96205000,1
1507216471,22815453,0.19764,8995.46746622,0
1507216467,22815450,0.19763,77.18264000,1
1507216454,22815448,0.19763,91.70215000,1
1507216402,22815423,0.19764,2369.72663599,0
1507216402,22815422,0.19763,153.80099000,0
1507216384,22815406,0.19764,767.15715442,0
1507216376,22815399,0.19764,2074.42116980,0
1507216376,22815398,0.19763,182.73385000,1
1507216375,22815397,0.19750,500.00000000,0
1507216375,22815395,0.19750,199.00000000,0
1507216375,22815391,0.19720,450.00000000,0
1507216373,22815388,0.19700,1000.00000000,0
1507216373,22815386,0.19700,647.77380403,0
1507216366,22815384,0.19700,1104.90642100,0
1507216364,22815381,0.19700,1521.77380400,0
1507216364,22815379,0.19699,100.00000000,0
1507216364,22815378,0.19690,26.00000000,0
1507216213,22815278,0.19681,50.00000000,0
1507216212,22815275,0.19680,54.00000000,1
1507216181,22815251,0.19680,200.00000000,0
1507216141,22815220,0.19673,4663.93812000,0
1507216140,22815219,0.19665,76.46593580,0
1507216113,22815211,0.19587,36.00000000,1
1507216089,22815195,0.19660,3000.00000000,0
1507216069,22815182,0.19659,86.25871102,0
1507216068,22815181,0.19659,91.92827712,0
1507216066,22815179,0.19651,1684.67253575,0
1507216047,22815165,0.19651,815.32746425,0
1507216047,22815164,0.19640,200.00000000,0
1507216045,22815163,0.19600,0.00000028,0
1507216043,22815158,0.19600,999.99999972,0
1507216043,22815156,0.19600,5000.00000000,0
1507216043,22815153,0.19600,200.00000000,0
1507216043,22815151,0.19599,36064.32131128,0
1507216031,22815146,0.19599,2078.66028879,0
1507216029,22815144,0.19598,466.15204000,0
1507216015,22815134,0.19599,12323.12694900,0
1507216013,22815133,0.19599,42390.96886800,0
1507216009,22815131,0.19599,381.71825093,0
1507216006,22815130,0.19599,1398.16872200,0
1507216006,22815129,0.19598,553.84401000,0
1507215999,22815124,0.19598,252.92113547,0
1507215997,22815123,0.19590,4838.85919280,0
1507215969,22815092,0.19493,26.00000000,1
1507215969,22815091,0.19590,294.38829000,0
1507215969,22815090,0.19589,705.61171000,0
1507215958,22815074,0.19590,201.22660949,0
1507215958,22815073,0.19590,26.00000000,0
1507215955,22815070,0.19560,1178.00208300,0
1507215912,22815011,0.19560,1384.99791700,0
1507215912,22815010,0.19557,524.00000000,0
1507215912,22815009,0.19490,26.00000000,0
1507215897,22814956,0.19530,486.00000000,0
1507215850,22814921,0.19500,724.00000000,0
1507215850,22814920,0.19500,104.24545555,0
1507215823,22814913,0.19500,9581.75454445,0
1507215823,22814912,0.19500,5000.00000000,0
1507215822,22814911,0.19500,545.11514290,0
1507215822,22814910,0.19500,15565.62979983,0
1507215759,22814885,0.19500,1025.90479600,0
1507215758,22814884,0.19499,975.75795000,0
1507215745,22814880,0.19500,2835.95006909,0
1507215744,22814879,0.19499,1159.31638000,0
1507215744,22814878,0.19499,5380.00000000,0
1507215744,22814877,0.19496,258.09047883,0
1507215744,22814876,0.19495,2001.66274608,0
1507215736,22814874,0.19495,7300.74965500,0
1507215730,22814869,0.19495,258.09048000,0
1507215717,22814851,0.19496,329.32829000,0
1507215709,22814842,0.19496,294.48398700,0
1507215709,22814841,0.19490,26.00000000,0
1507215635,22814776,0.19474,509.51721307,0
1507215524,22814727,0.19491,3253.43301000,0
1507215517,22814723,0.19410,3946.71000000,0
1507215410,22814669,0.19496,77.00000000,1
1507215392,22814657,0.19496,26.00000000,1
1507215273,22814580,0.19498,45.78767053,0
1507215260,22814569,0.19407,2894.82000000,0
1507215253,22814567,0.19403,958.90275583,0
1507215238,22814556,0.19403,30.00000000,0
1507215201,22814524,0.19404,30.64000000,1
1507215161,22814481,0.19490,465.74171370,0
1507215153,22814474,0.19490,14.00000000,1
1507215125,22814462,0.19490,26.00000000,0
1507215118,22814454,0.19402,900.00000000,0
1507214918,22814293,0.19500,168.80871795,0
1507214889,22814284,0.19411,200.00000000,1
1507214860,22814271,0.19500,5937.07266665,0
1507214860,22814270,0.19500,560.01025642,0
1507214858,22814268,0.19499,2199.23799000,0
1507214823,22814235,0.19499,511.56469562,0
1507214814,22814232,0.19499,2049.55575400,0
1507214709,22814189,0.19500,939.98974358,0
1507214708,22814188,0.19499,3400.29396000,0
1507214708,22814187,0.19490,26.00000000,0
1507214708,22814186,0.19487,13770.59334632,0
1507214708,22814185,0.19487,2889.87673139,0
1507214706,22814171,0.19485,4688.00000000,0
1507214703,22814117,0.19485,255.96771876,0
1507214651,22814097,0.19397,300.00000000,0
1507214583,22814067,0.19485,461.63710000,0
1507214541,22814019,0.19412,679.29377761,1
1507214510,22814004,0.19488,511.85344827,0
1507214505,22814000,0.19487,511.88289629,0
1507214492,22813987,0.19443,1418.00000000,0
1507214461,22813942,0.19487,2559.39857340,0
1507214451,22813931,0.19487,1289.38392672,0
1507214400,22813902,0.19385,1417.99999000,1
1507214397,22813897,0.19488,1924.20225000,0
1507214389,22813887,0.19488,317.78657000,0
1507214389,22813886,0.19487,2788.57244000,0
1507214379,22813876,0.19370,950.26805200,0
1507214379,22813875,0.19370,2151.01280800,0
1507214378,22813873,0.19379,2311.51990000,1
1507214378,22813871,0.19426,787.19924000,1
1507214183,22813778,0.19488,512.87966954,0
1507214109,22813725,0.19389,160.00000000,1
1507214100,22813717,0.19488,245.74081486,0
1507214098,22813713,0.19487,66.52630363,0
1507214080,22813700,0.19487,122.86047108,0
1507214078,22813699,0.19450,346.16966581,0
1507214063,22813685,0.19388,2030.00004366,0
1507214061,22813682,0.19388,269.99995634,1
1507214050,22813677,0.19450,153.83033419,0
1507214030,22813665,0.19487,255.91419920,0
1507213945,22813626,0.19386,130.00000000,1
1507213920,22813610,0.19385,570.51069237,0
1507213920,22813609,0.19385,569.48930763,0
1507213920,22813608,0.19385,382.48933437,0
1507213910,22813606,0.19366,940.66109034,1
1507213907,22813601,0.19385,270.00000000,0
1507213898,22813594,0.19385,385.93221563,0
1507213897,22813591,0.19385,2035.30090000,1
1507213897,22813590,0.19391,288.27755000,1
1507213791,22813513,0.19487,783.18083851,0
1507213634,22813391,0.19487,1013.68820239,0
1507213632,22813390,0.19486,1545.80565000,0
1507213611,22813381,0.19487,25.00000000,0
1507213459,22813276,0.19487,545.94649048,0
1507213428,22813252,0.19364,200.00000000,1
1507213406,22813237,0.19361,70.00000000,1
1507213402,22813236,0.19487,516.92402309,0
1507213385,22813228,0.19358,548.30388542,1
1507213372,22813217,0.19483,254.97002515,0
1507213357,22813214,0.19354,6383.50360000,1
1507213357,22813213,0.19354,1316.49640000,1
1507213318,22813198,0.19497,3337.27527311,0
1507213318,22813197,0.19496,2052.38011000,0
1507213318,22813195,0.19495,4763.35335400,1
1507213318,22813194,0.19490,26.00000000,0
1507213316,22813193,0.19390,26.00000000,0
1507213200,22813130,0.19332,158.85993560,1
1507213200,22813129,0.19399,84.43734213,1
1507213200,22813128,0.19462,0.00000227,1
1507213168,22813107,0.19490,1530.29430477,0
1507213136,22813086,0.19462,81.25064000,1
1507213117,22813076,0.19488,282.06764880,0
1507213111,22813060,0.19490,767.70615700,0
1507213111,22813059,0.19494,6793.95107300,1
1507213111,22813058,0.19492,1015.32382000,0
1507213111,22813057,0.19491,15860.76400000,0
1507213111,22813056,0.19490,4839.65803700,0
1507213110,22813055,0.19490,6552.32800000,0
1507213110,22813054,0.19490,26.00000000,0
1507213110,22813053,0.19489,6491.47000000,0
1507213089,22812980,0.19462,5665.18518519,0
1507213051,22812904,0.19468,2049.52994658,0
1507213032,22812866,0.19476,512.17200657,0
1507213030,22812857,0.19476,10896.63456231,0
1507213030,22812855,0.19400,2500.00000000,0
1507213030,22812850,0.19399,3940.05472581,0
1507213029,22812847,0.19399,84.43734213,0
1507213019,22812771,0.19399,5975.50793206,0
1507213019,22812769,0.19397,846.79841000,0
1507212910,22812619,0.19312,832.00000000,1
1507212881,22812568,0.19487,511.88289629,0
1507212838,22812523,0.19454,6.58088000,0
1507212837,22812522,0.19451,7322.68700000,0
1507212837,22812521,0.19449,12670.73212000,0
1507212792,22812495,0.19309,632.76330000,1
1507212792,22812494,0.19310,1800.31330000,1
1507212790,22812493,0.19470,275.92340000,1
1507212641,22812381,0.19471,256.79215243,1
1507212608,22812363,0.19482,440.33225542,0
1507212572,22812352,0.19488,580.95725575,0
1507212556,22812345,0.19389,1000.00000000,1
1507212474,22812303,0.19559,107.97163000,0
1507212461,22812298,0.19360,746.65976000,1
1507212461,22812297,0.19360,8578.14024000,1
1507212379,22812264,0.19577,188.04520610,0
1507212378,22812263,0.19500,66.98309465,0
1507212376,22812260,0.19366,2102.66054389,0
1507212374,22812254,0.19366,313.20021584,1
1507212374,22812253,0.19366,269.99991267,1
1507212359,22812242,0.19366,100.00000000,1
1507212336,22812228,0.19400,188.55532000,0
1507212327,22812216,0.19352,559.38211848,1
1507212323,22812215,0.19400,270.00000000,0
1507212316,22812214,0.19344,4869.71379750,1
1507212310,22812213,0.19400,641.44468000,0
1507212159,22812038,0.19484,19899.61654100,0
1507212159,22812037,0.19483,134.05730182,0
1507212157,22812036,0.19483,369.95305200,0
1507212157,22812034,0.19483,150.99999547,0
1507212157,22812033,0.19427,500.00000000,0
1507212157,22812032,0.19399,376.92383453,0
1507212156,22812031,0.19399,123.07616547,0
1507212156,22812030,0.19394,27.92383453,0
1507212155,22812028,0.19394,472.07616547,0
1507212152,22812021,0.19322,1374.22290929,0
1507212150,22812020,0.19469,1105.32392071,1
1507212139,22812008,0.19484,1053.66633000,0
1507212138,22812007,0.19483,524.00000000,0
1507212130,22811995,0.19484,1209.54561100,0
1507212129,22811993,0.19484,14007.20838800,0
1507212126,22811990,0.19484,281.45321800,0
1507212125,22811988,0.19484,629.30655000,0
1507212121,22811980,0.19484,7919.20336200,0
1507212114,22811974,0.19530,1021.46067588,0
1507212110,22811967,0.19530,153.24203789,0
1507212020,22811906,0.19482,86.00000000,1
1507211999,22811860,0.19595,601.81541209,0
1507211997,22811859,0.19595,1634.00878000,0
1507211997,22811858,0.19594,1243.15190000,0
1507211970,22811821,0.19595,1018.06867956,0
1507211946,22811807,0.19598,518.26533988,1
1507211945,22811806,0.19597,1550.00000000,0
1507211942,22811805,0.19595,1070.62200000,0
1507211939,22811803,0.19590,26.00000000,0
1507211856,22811722,0.19597,942.41633923,0
1507211855,22811721,0.19590,26.00000000,0
1507211803,22811656,0.19597,559.38211848,0
1507211752,22811626,0.19485,300.00000000,1
1507211745,22811618,0.19598,570.83630425,1
1507211743,22811617,0.19598,4518.96872700,1
1507211742,22811616,0.19598,481.03127300,1
1507211734,22811613,0.19598,27.00000000,1
1507211732,22811612,0.19598,1729.56430000,1
1507211730,22811610,0.19590,569.43192700,0
1507211715,22811603,0.19598,1017.90907699,0
1507211701,22811600,0.19598,50.89835698,0
1507211675,22811590,0.19599,5363.03561000,0
1507211675,22811589,0.19598,2110.96439000,0
1507211675,22811588,0.19590,26.00000000,0
1507211671,22811581,0.19472,500.00000000,1
1507211668,22811577,0.19472,270.92918622,1
1507211667,22811576,0.19472,229.07081378,1
1507211656,22811564,0.19580,200.00000000,0
1507211653,22811562,0.19577,237.43326000,0
1507211651,22811557,0.19576,2508.07650000,1
1507211649,22811550,0.19560,1672.13389000,0
1507211637,22811536,0.19560,593.86611000,0
1507211634,22811533,0.19560,1127.00000000,0
1507211631,22811530,0.19577,100.00000000,0
1507211623,22811523,0.19458,785.87646900,1
1507211622,22811522,0.19458,628.41693100,1
1507211620,22811521,0.19460,2085.70660000,1
1507211619,22811520,0.19460,848.84640000,0
1507211617,22811519,0.19500,51.15360000,1
1507211615,22811517,0.19560,100.00000000,1
1507211590,22811491,0.19577,100.00000000,0
1507211568,22811483,0.19574,74.31089083,0
1507211551,22811477,0.19574,2000.00000000,0
1507211549,22811473,0.19574,100.00000000,0
1507211526,22811451,0.19574,288.30801000,0
1507211503,22811436,0.19574,7.29681451,0
1507211501,22811435,0.19530,92.70318549,0
1507211494,22811428,0.19574,2217.57274466,0
1507211494,22811427,0.19560,1696.64864864,0
1507211494,22811426,0.19560,3145.43049070,0
1507211482,22811362,0.19560,288.51437000,0
1507211480,22811358,0.19560,421.22190000,0
1507211426,22811328,0.19504,500.00000000,1
1507211416,22811326,0.19560,1000.00000000,0
1507211399,22811316,0.19501,27.00000000,1
1507211398,22811314,0.19560,619.74343496,0
1507211389,22811308,0.19560,152.99171779,0
1507211385,22811307,0.19560,510.02336401,0
1507211351,22811274,0.19560,1020.04672802,0
1507211322,22811261,0.19550,200.00000000,0
1507211322,22811260,0.19550,153.14499000,0
1507211322,22811259,0.19540,111.86611500,0
1507211321,22811258,0.19540,13.13388500,0
1507211321,22811257,0.19522,186.86574000,0
1507211319,22811254,0.19522,625.17565000,0
1507211306,22811242,0.19522,625.17565000,0
1507211293,22811228,0.19522,562.78296000,0
1507211293,22811227,0.19511,180.00000000,0
1507211283,22811223,0.19500,442.03648084,1
1507211282,22811222,0.19500,123.00000000,1
1507211245,22811186,0.19522,2240.82139500,0
1507211245,22811184,0.19522,3968.17860500,0
1507211243,22811183,0.19500,100.00000000,1
1507211243,22811182,0.19522,1791.00000000,0
1507211243,22811180,0.19511,209.00000000,0
1507211170,22811069,0.19500,27.00000000,1
1507211163,22811063,0.19506,1594.22000000,0
1507211148,22811042,0.19500,250.00000000,0
1507211128,22811024,0.19461,521.03859060,1
1507211042,22810888,0.19461,3791.90190000,0
1507211042,22810887,0.19460,6183.27769000,0
1507211042,22810885,0.19455,773.15627000,0
1507211042,22810884,0.19455,821.04183000,0
1507211039,22810881,0.19392,2645.70851780,1
1507211034,22810876,0.19455,3044.73950000,0
1507210969,22810826,0.19390,27.00000000,0
1507210923,22810774,0.19257,725.89000000,1
1507210890,22810743,0.19247,250.00000000,1
1507210852,22810705,0.19208,200.00000000,1
1507210852,22810704,0.19208,500.00000000,1
1507210851,22810702,0.19208,1500.00000000,1
1507210841,22810678,0.19206,358.00000000,1
1507210790,22810621,0.19560,642.02799452,0
1507210790,22810620,0.19550,200.00000000,0
1507210789,22810619,0.19520,200.00000000,0
1507210789,22810618,0.19500,155.00000000,0
1507210789,22810617,0.19500,2120.00000000,0
1507210789,22810616,0.19500,1500.00000000,0
1507210788,22810615,0.19500,100.00000000,0
1507210788,22810614,0.19500,400.00000000,0
1507210788,22810613,0.19500,100.00000000,0
1507210788,22810612,0.19500,500.00000000,0
1507210788,22810611,0.19500,250.00000000,0
1507210788,22810610,0.19500,500.00000000,0
1507210787,22810609,0.19500,199.00000000,0
1507210787,22810608,0.19499,1000.00000000,0
1507210787,22810607,0.19497,306.00000000,0
1507210787,22810606,0.19497,200.00000000,0
1507210786,22810605,0.19497,1096.40770000,1
1507210786,22810604,0.19490,27.00000000,0
1507210785,22810603,0.19487,450.00000000,0
1507210785,22810602,0.19450,15291.52781492,0
1507210785,22810601,0.19407,5060.26700000,0
1507210784,22810600,0.19400,1000.00000000,0
1507210784,22810599,0.19389,2416.02939000,0
1507210783,22810598,0.19388,1091.67690000,1
1507210781,22810595,0.19388,483.20588000,0
1507210760,22810584,0.19392,29.54826732,0
1507210730,22810568,0.19405,3720.02074000,0
1507210730,22810567,0.19393,1279.97926000,0
1507210669,22810478,0.19399,1028.51250064,0
1507210619,22810436,0.19437,232.25566825,0
1507210619,22810435,0.19390,27.00000000,0
1507210598,22810420,0.19306,785.00000000,1
1507210576,22810397,0.19296,286.32537000,0
1507210560,22810386,0.19427,259.51266213,0
1507210519,22810360,0.19269,2108.29458658,1
1507210488,22810347,0.19247,1128.76075070,1
1507210480,22810343,0.19450,3609.47218508,0
1507210480,22810342,0.19439,704.61969000,0
1507210479,22810339,0.19434,3089.04576000,0
1507210479,22810335,0.19430,933.00000000,0
1507210478,22810328,0.19428,617.80915000,0
1507210375,22810186,0.19444,3252.39050226,0
1507210369,22810183,0.19446,1590.14707394,0
1507210365,22810179,0.19446,1003.91371000,0
1507210356,22810169,0.19154,2.12070460,0
1507210355,22810167,0.19154,246.05522686,0
1507210355,22810166,0.19154,88.59477314,0
1507210355,22810161,0.19154,163.35000000,0
1507210354,22810159,0.19160,497.87929540,0
1507210351,22810151,0.19152,963.69753747,1
1507210351,22810150,0.19176,100.00000000,1
