date,tid,price,amount,type
1507247894,22838204,0.23773,356.65679552,0
1507247806,22838191,0.23793,3353.94855630,0
1507247735,22838184,0.23815,5235.26384515,0
1507247692,22838163,0.23830,583.84700000,0
1507247692,22838162,0.23827,270.00000000,0
1507247688,22838151,0.23400,6217.64805912,0
1507247688,22838150,0.23400,7659.68662000,0
1507247688,22838148,0.23400,85.47008547,0
1507247688,22838147,0.23400,26618.53584106,0
1507247688,22838146,0.23400,10891.77068000,0
1507247688,22838143,0.23400,1955.86312600,0
1507247688,22838142,0.23400,2972.65290900,0
1507247687,22838141,0.23400,465.08187000,0
1507247687,22838135,0.23400,2002.78827218,0
1507247687,22838134,0.23400,2500.00000000,0
1507247686,22838131,0.23400,1488.20722000,0
1507247685,22838130,0.23400,7425.05756000,0
1507247685,22838129,0.23400,700.00000000,1
1507247685,22838128,0.23489,2897.25630000,1
1507247685,22838127,0.23500,2178.13683646,1
1507247685,22838126,0.23500,294.19787978,1
1507247685,22838125,0.23600,1320.00000000,1
1507247685,22838124,0.23679,709.20512627,1
1507247684,22838123,0.23714,270.00000000,1
1507247684,22838122,0.23716,2500.00000000,1
1507247684,22838121,0.23717,13284.02301000,1
1507247570,22838083,0.23828,12068.23918163,1
1507247569,22838082,0.23828,270.00000000,0
1507247569,22838081,0.23827,2829.41664000,0
1507247569,22838080,0.23826,11147.45300000,0
1507247543,22838075,0.23829,410.23798732,0
1507247541,22838074,0.23700,3012.22162392,0
1507247541,22838073,0.23699,0.00002000,0
1507247540,22838072,0.23699,3438.85660000,0
1507247386,22838046,0.23679,12355.00000000,0
1507247386,22838045,0.23679,2150.79487373,0
1507247236,22837972,0.23679,4721.66341633,0
1507247232,22837969,0.23679,3012.22162400,0
1507247230,22837967,0.23679,2867.99297124,0
1507247228,22837964,0.23679,38420.80181300,0
1507247224,22837960,0.23679,1858.05725375,0
1507247224,22837958,0.23678,2852.75863000,0
1507247214,22837954,0.23700,427.14867949,0
1507247171,22837937,0.23699,1000.00000000,0
1507247168,22837935,0.23699,1937.67507200,0
1507247115,22837902,0.23700,173.00000000,0
1507247113,22837893,0.23700,435.13875200,0
1507247046,22837878,0.23699,642.19029077,0
1507246991,22837862,0.23700,952.49094459,0
1507246991,22837861,0.23680,1576.37000000,0
1507246991,22837860,0.23678,4804.42962000,0
1507246990,22837859,0.23676,9623.65592000,0
1507246895,22837843,0.23680,1141.21000000,0
1507246894,22837842,0.23679,1141.21000000,0
1507246894,22837841,0.23680,1141.21000000,0
1507246892,22837840,0.23680,1141.21000000,0
1507246891,22837839,0.23679,666.62200000,0
1507246820,22837829,0.23698,1.08000000,1
1507246802,22837802,0.23637,1548.00000000,0
1507246739,22837758,0.23500,5127.51373986,0
1507246738,22837755,0.23500,6921.51625900,0
1507246738,22837753,0.23500,10000.00000000,0
1507246738,22837752,0.23500,10000.00000000,0
1507246738,22837751,0.23500,10000.00000000,0
1507246738,22837750,0.23500,10000.00000000,0
1507246736,22837745,0.23500,21253.68700300,0
1507246736,22837743,0.23498,1915.09064047,0
1507246736,22837741,0.23500,6427.93497100,0
1507246735,22837735,0.23500,977.09699000,0
1507246734,22837734,0.23500,5577.22588600,0
1507246734,22837733,0.23500,270.00000000,0
1507246734,22837731,0.23498,965.10300000,0
1507246733,22837728,0.23500,25903.08866000,0
1507246732,22837727,0.23500,955.90029112,0
1507246731,22837726,0.23500,1919.89015575,0
1507246731,22837725,0.23500,36.76636000,1
1507246731,22837723,0.23500,825.94281582,1
1507246731,22837722,0.23500,777.46725034,1
1507246731,22837721,0.23520,704.96637043,1
1507246730,22837720,0.23520,200.56298381,1
1507246730,22837719,0.23540,700.00000000,1
1507246730,22837718,0.23554,6151.06200000,1
1507246730,22837717,0.23566,10743.65900000,1
1507246730,22837716,0.23568,1298.99352000,1
1507246730,22837714,0.23568,6501.81419000,1
1507246730,22837713,0.23569,13338.51320000,1
1507246730,22837712,0.23570,2500.00000000,1
1507246730,22837711,0.23599,63.56200000,1
1507246730,22837710,0.23600,270.00000000,1
1507246672,22837693,0.23599,380.09831769,0
1507246671,22837690,0.23599,1417.25260500,0
1507246646,22837679,0.23599,1971.94119200,0
1507246642,22837678,0.23599,998.38615900,0
1507246634,22837677,0.23599,63.55930000,0
1507246611,22837671,0.23600,718.40000000,1
1507246611,22837670,0.23620,40.00000000,1
1507246610,22837669,0.23620,40.00000000,1
1507246610,22837668,0.23650,71.82232230,1
1507246491,22837651,0.23754,1862.43996801,0
1507246356,22837532,0.23650,336.89000000,1
1507246356,22837531,0.23652,63.41960000,1
1507246356,22837530,0.23652,63.41960000,1
1507246347,22837519,0.23817,2079.93187169,0
1507246190,22837332,0.23884,769.01197454,0
1507246075,22837303,0.23652,3951.95072227,1
1507246075,22837302,0.23700,503.85109714,1
1507246074,22837301,0.23800,248.78000000,1
1507246074,22837300,0.23850,24025.41818059,1
1507246074,22837299,0.23850,1000.00000000,0
1507246072,22837298,0.23852,270.00000000,1
1507245926,22837278,0.24000,2409.46235700,1
1507245925,22837277,0.24000,10000.00000000,1
1507245925,22837276,0.24000,10000.00000000,1
1507245925,22837275,0.24000,10000.00000000,1
1507245924,22837274,0.24000,10000.00000000,1
1507245924,22837271,0.24000,10000.00000000,1
1507245922,22837263,0.24000,46232.55864300,1
1507245914,22837260,0.24000,52409.46235700,1
1507245908,22837259,0.24000,23055.10500000,1
1507245888,22837232,0.24000,73888.15000000,1
1507245884,22837231,0.24000,6443.16300000,1
1507245883,22837230,0.24000,69143.75300000,1
1507245853,22837223,0.24000,10000.00000000,1
1507245852,22837222,0.24000,10000.00000000,1
1507245841,22837204,0.24001,6036.03875000,1
1507245835,22837198,0.24000,2036.41563400,1
1507245833,22837197,0.24000,2574.55356000,1
1507245832,22837196,0.24000,1917.27763400,1
1507245831,22837195,0.24000,10000.00000000,1
1507245831,22837194,0.24000,4807.83375000,1
1507245831,22837193,0.24000,3109.58778500,1
1507245831,22837192,0.24000,1912.67728000,1
1507245829,22837191,0.24000,10000.00000000,0
1507245829,22837190,0.23995,60.00000000,0
1507245805,22837185,0.23912,3617.59785900,1
1507245720,22837136,0.23917,254.99884643,1
1507245672,22837121,0.24004,3231.36668889,0
1507245620,22837092,0.24008,2663.16916090,0
1507245614,22837086,0.24000,205.00000000,1
1507245602,22837065,0.23957,1548.00000000,0
1507245577,22837033,0.24000,2790.00000000,0
1507245576,22837032,0.24000,103.48156806,0
1507245576,22837031,0.23999,2995.58493000,0
1507245576,22837030,0.23999,10000.00000000,0
1507245483,22836978,0.24000,301.98095100,1
1507245474,22836977,0.24000,5006.00000000,1
1507245460,22836966,0.24000,18168.60465100,1
1507245455,22836962,0.24000,2839.13303693,0
1507245454,22836961,0.24000,2368.66173700,0
1507245454,22836960,0.24000,4712.10895914,0
1507245454,22836959,0.23992,3370.42764000,0
1507245395,22836937,0.24000,2343.44722600,1
1507245395,22836935,0.24000,1125.03587848,1
1507245294,22836914,0.24000,2343.77676298,1
1507245219,22836902,0.24009,423.78120705,0
1507245203,22836890,0.24000,820.27890000,1
1507245185,22836887,0.24000,11133.60396932,0
1507245185,22836886,0.24000,302.70666667,0
1507245164,22836879,0.24000,197.29333333,0
1507245127,22836845,0.24000,2573.00000000,1
1507245125,22836844,0.24000,2180.17903300,1
1507245109,22836841,0.24000,238.50541277,1
1507245109,22836840,0.24001,2334.49379223,1
1507245108,22836835,0.24001,4046.29203777,1
1507245095,22836826,0.24000,15018.00000000,1
1507245089,22836809,0.24000,700.00000000,0
1507245089,22836808,0.23998,573.36059000,0
1507245089,22836807,0.23981,227.17030000,0
1507245089,22836806,0.23980,700.00000000,0
1507245089,22836805,0.23900,7937.03330200,0
1507245082,22836802,0.23900,895.12059000,0
1507245074,22836800,0.23900,8635.49800000,0
1507245074,22836799,0.23878,2500.00000000,1
1507245061,22836791,0.23900,2532.34810800,0
1507245058,22836790,0.23875,12242.24413237,0
1507245058,22836789,0.23875,19727.65700000,0
1507245057,22836788,0.23875,2657.06854800,0
1507245038,22836774,0.23875,43655.82660900,0
1507245026,22836767,0.23875,4049.22768586,0
1507245023,22836765,0.23875,8679.38800000,0
1507245023,22836755,0.23875,21078.96316800,0
1507245022,22836747,0.23875,201.26292500,0
1507245021,22836742,0.23875,4667.35558700,0
1507245009,22836735,0.23875,784.64861725,0
1507245009,22836734,0.23850,7446.42438275,0
1507245007,22836733,0.23850,1519.88592900,0
1507244979,22836729,0.23850,2246.18146751,0
1507244971,22836725,0.23850,10030.51857100,0
1507244969,22836724,0.23850,407.28953700,0
1507244969,22836723,0.23849,270.00000000,0
1507244873,22836697,0.23850,17787.67201205,0
1507244873,22836696,0.23848,7347.60325000,0
1507244840,22836691,0.23850,46117.44188679,0
1507244839,22836690,0.23845,4093.26906000,0
1507244749,22836663,0.23858,207.70694911,0
1507244669,22836621,0.23714,7210.99821164,0
1507244669,22836620,0.23714,10000.00000000,0
1507244669,22836619,0.23714,10000.00000000,0
1507244668,22836618,0.23714,1164.99365000,0
1507244668,22836617,0.23700,8835.00635000,0
1507244668,22836616,0.23700,10656.00000000,0
1507244668,22836615,0.23700,10000.00000000,0
1507244666,22836614,0.23700,12363.49866700,0
1507244617,22836601,0.23714,1730.00000000,1
1507244617,22836600,0.23714,270.00000000,1
1507244602,22836593,0.23708,0.00002900,0
1507244601,22836592,0.23708,2913.45840000,0
1507244580,22836576,0.23708,2396.54157100,0
1507244572,22836575,0.23708,270.00000000,1
1507244538,22836560,0.23650,2627.18840335,0
1507244538,22836559,0.23650,10000.00000000,0
1507244537,22836555,0.23650,407.22979833,0
1507244536,22836552,0.23650,2500.00000000,0
1507244534,22836551,0.23650,1084.42915000,0
1507244534,22836547,0.23650,5000.00000000,0
1507244533,22836546,0.23650,2500.00000000,0
1507244533,22836545,0.23658,2500.00000000,1
1507244487,22836508,0.23781,736.43600000,0
1507244486,22836507,0.23786,1942.36000000,0
1507244485,22836506,0.23786,160.94200000,0
1507244484,22836505,0.23784,1942.36000000,0
1507244473,22836502,0.23789,4243.03587000,0
1507244473,22836501,0.23775,3947.92000000,0
1507244472,22836500,0.23773,158.92300000,0
1507244470,22836499,0.23775,1.08000000,1
1507244425,22836465,0.23775,1548.00000000,1
1507244236,22836389,0.23810,2072.12288614,1
1507244229,22836388,0.23831,3005.36893122,0
1507244153,22836326,0.23865,22.00000000,0
1507244131,22836322,0.23810,23424.00000000,1
1507244126,22836321,0.23874,22.00000000,0
1507244046,22836311,0.23810,1695.21209576,1
1507243891,22836200,0.23810,156.74190018,1
1507243683,22836087,0.23815,10449.46462313,1
1507243683,22836086,0.23815,1000.00000000,1
1507243682,22836085,0.23815,974.13699259,1
1507243682,22836084,0.23816,12666.33570000,1
1507243672,22836079,0.23816,540.00000000,1
1507243599,22835972,0.23815,25.86300741,1
1507243599,22835971,0.23815,514.33655259,1
1507243596,22835966,0.23815,485.66344741,1
1507243595,22835964,0.23749,270.00000000,1
1507243595,22835963,0.23749,2500.00000000,1
1507243593,22835959,0.23871,175.50693310,0
1507243577,22835922,0.23745,3344.74892000,1
1507243577,22835921,0.23745,9080.87690000,1
1507243576,22835919,0.23975,908.12795580,0
1507243576,22835918,0.23960,700.00000000,0
1507243576,22835917,0.23940,700.00000000,0
1507243576,22835916,0.23935,10000.00000000,0
1507243576,22835914,0.23920,700.00000000,0
1507243576,22835912,0.23900,700.00000000,0
1507243576,22835911,0.23880,700.00000000,0
1507243575,22835910,0.23860,1046.55000000,0
1507243575,22835909,0.23860,700.00000000,0
1507243575,22835907,0.23840,700.00000000,0
1507243575,22835905,0.23820,700.00000000,0
1507243575,22835902,0.23800,700.00000000,0
1507243575,22835900,0.23780,700.00000000,0
1507243575,22835899,0.23761,431.27069965,0
1507243574,22835897,0.23760,700.00000000,0
1507243574,22835890,0.23745,826.35582000,1
1507243573,22835888,0.23740,700.00000000,0
1507243573,22835887,0.23737,64.77223000,0
1507243573,22835886,0.23721,59.74885000,0
1507243573,22835885,0.23720,700.00000000,0
1507243573,22835884,0.23700,700.00000000,0
1507243573,22835883,0.23680,700.00000000,0
1507243573,22835882,0.23660,700.00000000,0
1507243572,22835881,0.23640,700.00000000,0
1507243572,22835880,0.23620,700.00000000,0
1507243572,22835879,0.23600,700.00000000,0
1507243572,22835878,0.23580,700.00000000,0
1507243572,22835877,0.23560,700.00000000,0
1507243572,22835876,0.23540,700.00000000,0
1507243572,22835874,0.23520,700.00000000,0
1507243570,22835866,0.23500,55.45975097,0
1507243570,22835864,0.23500,500.89606903,0
1507243568,22835853,0.23500,143.64418000,0
1507243568,22835852,0.23389,60.59721000,0
1507243568,22835850,0.23381,65.75861000,0
1507243567,22835843,0.22880,2352.25344271,0
1507243567,22835842,0.22880,240.00000000,0
1507243567,22835841,0.22880,9840.00000000,0
1507243567,22835839,0.22880,3992.62127382,0
1507243567,22835838,0.22880,5756.26771100,0
1507243566,22835836,0.22880,5659.21817800,0
1507243566,22835834,0.22880,3030.00000000,0
1507243566,22835832,0.22880,2142.60168100,0
1507243566,22835831,0.22880,1880.92782200,0
1507243566,22835830,0.22880,955.70600000,0
1507243566,22835829,0.22880,3154.44000000,0
1507243566,22835828,0.22880,16551.00000000,0
1507243565,22835827,0.22880,2076.45702348,0
1507243565,22835826,0.22880,1400.00000000,0
1507243565,22835825,0.22880,1400.00000000,0
1507243565,22835824,0.22880,423.29866866,0
1507243565,22835823,0.22880,270.00000000,0
1507243565,22835820,0.22880,1567.54509430,0
1507243563,22835811,0.22960,11614.35479600,0
1507243563,22835810,0.22960,1265.51554000,0
1507243563,22835809,0.22960,9458.80062900,0
1507243563,22835807,0.22960,3030.00000000,0
1507243563,22835806,0.22960,963.00000000,0
1507243562,22835804,0.22960,2080.37866500,0
1507243562,22835803,0.22960,1315.17100700,0
1507243562,22835800,0.22960,892.55620400,0
1507243562,22835798,0.22960,257.36458663,0
1507243562,22835796,0.22960,25534.00000000,0
1507243561,22835795,0.22963,8578.77512011,0
1507243561,22835794,0.22880,16112.68513989,0
1507243561,22835793,0.22880,2398.88233000,0
1507243561,22835792,0.22880,1641.43800000,0
1507243561,22835791,0.22880,77777.00000000,0
1507243560,22835790,0.22880,3449.77172800,0
1507243560,22835789,0.22880,5472.77505600,0
1507243560,22835788,0.22880,1036.18298000,0
1507243560,22835786,0.22880,20278.75337800,0
1507243560,22835785,0.22880,20241.18527400,0
1507243560,22835784,0.22880,29217.34269669,0
1507243560,22835783,0.22880,6950.00000000,0
1507243560,22835782,0.22880,208.00000000,0
1507243560,22835780,0.22880,603.60000000,0
1507243560,22835779,0.22880,12052.63072431,0
1507243559,22835778,0.22880,1707.78431600,0
1507243559,22835777,0.22880,9636.03908936,0
1507243559,22835776,0.22880,100.00000000,0
1507243559,22835774,0.22880,318.97459000,0
1507243559,22835773,0.22880,1400.00000000,0
1507243559,22835772,0.22880,1400.00000000,0
1507243557,22835769,0.22900,20000.00000000,1
1507243557,22835768,0.22900,700.00000000,1
1507243557,22835764,0.22920,700.00000000,1
1507243557,22835763,0.22920,843.25396825,0
1507243557,22835761,0.22920,87.10801394,0
1507243556,22835759,0.22920,3013.17630000,0
1507243556,22835750,0.22925,300.00000000,1
1507243556,22835749,0.22940,700.00000000,1
1507243555,22835748,0.22960,700.00000000,1
1507243555,22835747,0.22980,700.00000000,1
1507243554,22835746,0.22980,660.15457682,0
1507243554,22835745,0.23000,10700.00000000,1
1507243554,22835744,0.23000,916.00000000,1
1507243554,22835743,0.23000,85555.41378610,1
1507243554,22835741,0.23000,5000.00000000,1
1507243554,22835740,0.23000,100.00000000,1
1507243554,22835739,0.23000,22378.38002619,1
1507243553,22835738,0.23000,3941.86771923,1
1507243553,22835737,0.23000,700.00000000,1
1507243553,22835736,0.23020,700.00000000,1
1507243553,22835735,0.23020,1628.62320286,0
1507243552,22835732,0.23030,10500.00000000,1
1507243552,22835730,0.23030,65.75861000,1
1507243552,22835728,0.23040,700.00000000,1
1507243551,22835727,0.23047,26.03375711,1
1507243551,22835726,0.23048,433.87394331,1
1507243551,22835725,0.23050,300.00000000,1
1507243550,22835724,0.23060,700.00000000,1
1507243550,22835722,0.23062,60.59721000,1
1507243550,22835721,0.23080,700.00000000,1
1507243549,22835720,0.23080,16569.00000000,0
1507243549,22835719,0.23080,1377.05456000,0
1507243549,22835718,0.23080,270.00000000,0
1507243549,22835714,0.23100,20000.00000000,1
1507243549,22835713,0.23100,700.00000000,1
1507243548,22835712,0.23120,700.00000000,1
1507243548,22835711,0.23120,164.53399140,0
1507243548,22835710,0.23140,700.00000000,1
1507243548,22835709,0.23140,15457.20708369,0
1507243547,22835708,0.23150,1000.00000000,1
1507243547,22835705,0.23160,201.03626943,1
1507243547,22835704,0.23160,700.00000000,1
1507243547,22835701,0.23180,700.00000000,1
1507243546,22835699,0.23200,700.00000000,1
1507243546,22835698,0.23220,700.00000000,1
1507243546,22835697,0.23220,77.70000000,0
1507243545,22835696,0.23225,1000.00000000,1
1507243545,22835694,0.23240,700.00000000,1
1507243545,22835691,0.23254,2500.00000000,1
1507243544,22835689,0.23260,700.00000000,1
1507243544,22835688,0.23280,700.00000000,1
1507243544,22835687,0.23280,138.51004700,0
1507243543,22835686,0.23300,700.00000000,1
1507243543,22835683,0.23320,700.00000000,1
1507243543,22835680,0.23320,106981.07998000,0
1507243543,22835677,0.23340,700.00000000,1
1507243542,22835675,0.23360,5000.00000000,1
1507243542,22835674,0.23360,700.00000000,1
1507243542,22835673,0.23360,270.00000000,0
1507243542,22835672,0.23380,700.00000000,1
1507243541,22835671,0.23381,64.77223000,1
1507243541,22835670,0.23381,13713.49598006,0
1507243541,22835669,0.23389,59.74885000,1
1507243541,22835668,0.23399,4870.00000000,1
1507243540,22835667,0.23399,16565.00000000,0
1507243540,22835666,0.23400,1512.00000000,1
1507243540,22835665,0.23400,3226.00000000,1
1507243540,22835664,0.23400,700.00000000,1
1507243540,22835663,0.23400,7459.16399605,1
1507243539,22835661,0.23420,700.00000000,1
1507243539,22835657,0.23440,700.00000000,1
1507243539,22835656,0.23460,700.00000000,1
1507243538,22835655,0.23480,700.00000000,1
1507243538,22835654,0.23500,40865.44680851,1
1507243538,22835653,0.23500,10000.00000000,1
1507243538,22835652,0.23500,6098.00000000,1
1507243538,22835651,0.23500,700.00000000,1
1507243537,22835650,0.23520,12980.77240646,1
1507243537,22835649,0.23520,700.00000000,1
1507243537,22835648,0.23520,2550.95678834,0
1507243537,22835646,0.23530,368.00000000,1
1507243536,22835644,0.23540,700.00000000,1
1507243536,22835643,0.23540,191.74286998,0
1507243536,22835642,0.23560,700.00000000,1
1507243535,22835639,0.23580,700.00000000,1
1507243535,22835638,0.23580,2521.56410000,0
1507243535,22835636,0.23600,700.00000000,1
1507243535,22835635,0.23601,201.00000000,1
1507243534,22835634,0.23620,700.00000000,1
1507243534,22835633,0.23640,700.00000000,1
1507243534,22835631,0.23650,7006.00000000,1
1507243533,22835629,0.23654,2532.59460000,0
1507243533,22835628,0.23660,700.00000000,1
1507243533,22835626,0.23665,173224.00000000,1
1507243532,22835625,0.23665,270.00000000,0
1507243532,22835624,0.23680,700.00000000,1
1507243532,22835623,0.23684,1000.00000000,1
1507243532,22835622,0.23700,1008.60000000,1
1507243531,22835621,0.23700,627.78766039,1
1507243531,22835620,0.23700,700.00000000,1
1507243531,22835618,0.23715,50000.00000000,1
1507243531,22835617,0.23720,700.00000000,1
1507243530,22835616,0.23721,58.91237000,1
1507243530,22835615,0.23737,63.80065000,1
1507243530,22835614,0.23740,700.00000000,1
1507243529,22835613,0.23750,5935.00000000,1
1507243529,22835612,0.23760,700.00000000,1
1507243529,22835611,0.23760,3942.52593500,0
1507243528,22835610,0.23762,1675.96467000,0
1507243528,22835608,0.23780,700.00000000,1
1507243528,22835607,0.23800,16876.00000000,1
1507243528,22835606,0.23800,721.07799705,1
1507243528,22835605,0.23800,30937.00000000,1
1507243527,22835604,0.23800,1577.23606102,1
1507243527,22835603,0.23800,700.00000000,1
1507243527,22835602,0.23814,3209.29705214,1
1507243527,22835601,0.23814,8364.74721000,0
1507243525,22835599,0.23815,270.00000000,1
1507243467,22835588,0.23814,5000.00000000,0
1507243455,22835583,0.23810,1135.00000000,0
1507243365,22835554,0.23815,7079.57655735,1
1507243323,22835531,0.23810,903.00000000,1
1507243276,22835520,0.23802,152.89075709,1
1507243274,22835519,0.23844,5369.66949767,1
1507243201,22835476,0.23801,208.73086128,1
1507243200,22835475,0.23820,700.00000000,1
1507243200,22835474,0.23855,225.80171872,1
1507243044,22835354,0.23840,3900.00000000,0
1507243026,22835337,0.23840,700.00000000,1
1507242927,22835280,0.23850,1001.30949700,1
1507242923,22835274,0.23879,206.72084258,0
1507242893,22835266,0.23850,2052.75528300,1
1507242893,22835265,0.23850,8723.00000000,1
1507242893,22835264,0.23860,700.00000000,1
1507242893,22835263,0.23861,13266.39438000,1
1507242881,22835259,0.23876,1130.35891480,1
1507242858,22835246,0.23876,312.85299057,1
1507242858,22835244,0.23876,873.04294443,1
1507242821,22835225,0.23876,91.49413700,1
1507242812,22835221,0.23880,395.00000000,1
1507242811,22835220,0.23929,160.72900000,0
1507242807,22835217,0.23929,143.55400000,0
1507242688,22835180,0.23998,2047.13651138,0
1507242485,22835126,0.24009,7478.49231538,0
1507242478,22835121,0.24012,2361.63323809,0
1507242478,22835120,0.24012,17283.57324200,0
1507242475,22835119,0.24013,33.23216591,0
1507242472,22835118,0.24015,291.34000000,0
1507242472,22835117,0.24015,1438.66000000,0
1507242471,22835116,0.23963,270.00000000,0
1507242342,22835054,0.23900,4031.54096000,1
1507242339,22835052,0.23980,263.57770112,0
1507242339,22835051,0.23980,394.16200000,0
1507242339,22835050,0.23980,394.16200000,0
1507242339,22835049,0.23980,394.16200000,0
1507242339,22835048,0.23980,394.16200000,0
1507242338,22835047,0.23979,394.16200000,0
1507242338,22835046,0.23979,394.16200000,0
1507242338,22835045,0.23975,8843.39205700,0
1507242336,22835044,0.23973,909.85148000,0
1507242328,22835041,0.23900,968.45904000,1
1507242323,22835039,0.23978,396.42400000,0
1507242322,22835038,0.23978,451.77000000,0
1507242321,22835037,0.23978,0.18900000,0
1507242321,22835036,0.23978,270.00000000,0
1507242305,22835008,0.23918,393.88604530,1
1507242303,22835006,0.23950,903.05000000,1
1507242242,22834978,0.23908,515.55928738,1
1507242242,22834977,0.23919,200.00000000,1
1507242242,22834976,0.23920,270.00000000,1
1507242202,22834915,0.24249,1066.11307682,1
1507242201,22834914,0.24233,396.66962000,0
1507242201,22834913,0.24200,898.30000000,0
1507242201,22834912,0.24200,28921.62400000,1
1507242200,22834911,0.24110,655.26685000,0
1507242200,22834910,0.24110,3276.33427000,0
1507242200,22834909,0.24106,1234.36178000,1
1507242199,22834908,0.24000,1513.63263274,0
1507242180,22834902,0.23996,266.24895816,1
1507242179,22834901,0.23996,270.00000000,0
1507242156,22834893,0.23995,207.87780788,0
1507242132,22834881,0.23988,207.93846923,0
1507242031,22834845,0.23987,0.46741761,1
1507241898,22834825,0.23998,731.56550546,0
1507241823,22834810,0.23950,668.13758239,0
1507241739,22834793,0.23999,100.00000000,0
1507241639,22834746,0.24141,3168.19234683,1
1507241637,22834745,0.24023,270.00000000,0
1507241608,22834731,0.24031,415.13282843,0
1507241467,22834588,0.24057,158.28300000,0
1507241430,22834560,0.24000,1000.00000000,1
1507241389,22834543,0.24010,1904.00000000,1
1507241389,22834542,0.24011,270.00000000,1
1507241370,22834539,0.24105,602.65390000,0
1507241369,22834538,0.24104,1027.89610000,0
1507241368,22834537,0.24103,1159.93000000,0
1507241058,22834449,0.24001,311.87741643,1
1507241056,22834444,0.24081,186.12258357,1
1507241051,22834439,0.24187,9106.01190722,0
1507241039,22834427,0.24080,83.87741643,0
1507241038,22834424,0.24079,796.97000000,1
1507241037,22834422,0.24079,2422.82000000,1
1507241037,22834421,0.24079,280.21000000,1
1507241036,22834419,0.24079,2142.61000000,1
1507241036,22834418,0.24079,2422.82000000,1
1507241036,22834416,0.24080,186.12258357,1
1507241036,22834415,0.24080,83.87741643,1
1507241016,22834360,0.24050,1458.39137729,0
1507241016,22834359,0.24050,13106.41952000,0
1507241016,22834358,0.24050,270.00000000,0
1507241015,22834356,0.24050,3531.85327700,0
1507241015,22834355,0.24050,2539.13543300,0
1507241015,22834354,0.24050,4464.86410900,0
1507241015,22834353,0.24048,12987.06793000,0
1507241014,22834349,0.24050,2062.34187402,0
1507241014,22834348,0.24055,7634.85328630,1
1507241014,22834346,0.24055,6177.00674725,1
1507241013,22834345,0.24058,7069.05911000,1
1507241013,22834344,0.24059,340.49040900,1
1507241013,22834342,0.24117,999.58485714,1
1507241013,22834340,0.24118,270.00000000,1
1507240991,22834304,0.24117,0.49975013,0
1507240991,22834300,0.24117,999.50024987,0
1507240936,22834227,0.24203,138.02619510,0
1507240896,22834173,0.24225,2963.54845018,1
1507240894,22834166,0.24183,321.29615000,0
1507240894,22834165,0.24055,7638.67074982,0
1507240894,22834163,0.24055,2032.29694284,0
1507240893,22834161,0.24133,329.03230734,1
1507240884,22834156,0.24133,0.17121752,0
1507240882,22834153,0.24133,329.02572248,0
1507240882,22834152,0.24100,0.17121252,0
1507240880,22834147,0.24100,342.38320673,0
1507240843,22834136,0.24100,43.58002000,0
1507240821,22834111,0.24100,1917.20116400,0
1507240812,22834109,0.24051,1135.00000000,0
1507240801,22834097,0.24097,2089.29937000,0
1507240801,22834096,0.24083,386.13444000,0
1507240800,22834094,0.24006,1902.88127000,1
1507240772,22834083,0.24083,2059.22412100,0
1507240699,22834020,0.24080,17032.77214000,1
1507240699,22834019,0.24087,7366.79918000,1
1507240697,22834017,0.24088,12600.42868000,1
1507240663,22834001,0.24100,20.72406639,0
1507240663,22834000,0.24100,1501.03492000,0
1507240662,22833999,0.24082,535.94331200,1
1507240660,22833997,0.24100,1174.90541036,1
1507240648,22833957,0.24100,1027.57998594,0
1507240609,22833925,0.24100,898.25000000,1
1507240489,22833885,0.24233,4087.01474848,0
1507240421,22833849,0.24244,20.60097343,0
1507240419,22833845,0.24163,0.00000189,0
1507240416,22833843,0.24163,270.00000000,1
1507240416,22833842,0.24252,89.35122811,1
1507240414,22833839,0.24252,1565.60292000,0
1507240414,22833838,0.24252,249.40582220,0
1507240410,22833837,0.24252,20.59417780,0
1507240397,22833831,0.24324,2672.01430677,1
1507240396,22833830,0.24320,13316.00000000,0
1507240396,22833829,0.24319,20000.00000000,0
1507240396,22833828,0.24300,1389.00000000,0
1507240395,22833827,0.24267,273.34782828,0
1507240395,22833826,0.24267,3976.05353000,1
1507240395,22833825,0.24235,2000.00000000,0
1507240395,22833824,0.24231,386.56862000,0
1507240395,22833823,0.24231,1932.84311000,0
1507240394,22833822,0.24160,2545.70455700,1
1507240394,22833821,0.24161,3966.23806800,1
1507240393,22833820,0.24160,540.00000000,0
1507240393,22833819,0.24160,4000.00000000,0
1507240210,22833708,0.24160,4000.00000000,0
1507240157,22833698,0.24177,20.65720903,0
1507240155,22833696,0.24178,2228.43287285,0
1507240153,22833694,0.24018,540.04850622,0
1507240153,22833693,0.24053,710.00000000,0
1507240153,22833692,0.24070,22.00000000,1
1507240152,22833691,0.24080,22.00000000,1
1507240152,22833690,0.24090,22.00000000,1
1507240152,22833689,0.24099,22.00000000,1
1507240150,22833688,0.24100,121.95149378,1
1507240150,22833687,0.24179,20.65635469,0
1507240146,22833681,0.24100,1000.00000000,1
1507240128,22833672,0.24189,20.64781512,0
1507240124,22833670,0.24100,1098.00000000,1
1507240118,22833669,0.24192,20.64525463,0
1507240109,22833666,0.24100,271.04850622,0
1507240016,22833574,0.24100,206.95149378,0
1507240015,22833573,0.24100,22.00000000,0
1507240000,22833568,0.24129,2.96141572,0
1507239999,22833567,0.24100,204.27593361,0
1507239974,22833563,0.24100,20.72406639,0
1507239882,22833497,0.24100,1775.00000000,0
1507239882,22833495,0.24100,5590.00000000,0
1507239882,22833494,0.24092,500.00000000,0
1507239881,22833493,0.24090,902.80000000,0
1507239881,22833492,0.24088,200.00000000,0
1507239881,22833491,0.24053,225.00000000,0
1507239875,22833489,0.24087,11818.60412982,0
1507239875,22833488,0.24084,241.05324210,0
1507239875,22833487,0.24083,1.58728808,0
1507239872,22833485,0.24083,2679.57104192,0
1507239872,22833484,0.24083,270.00000000,0
1507239872,22833483,0.24053,225.00000000,0
1507239854,22833463,0.24087,1059.87756881,0
1507239852,22833457,0.24077,270.00000000,0
1507239852,22833456,0.24077,3185.53464000,0
1507239818,22833445,0.24084,20.73611226,0
1507239791,22833437,0.23928,1356.59641760,0
1507239790,22833436,0.23928,2997.63702500,0
1507239768,22833427,0.24053,20.76456159,0
1507239759,22833426,0.24053,20.76456159,0
1507239758,22833425,0.23922,600.00000000,1
1507239749,22833422,0.23919,1997.18153335,0
1507239747,22833421,0.23919,2500.00000000,1
1507239722,22833414,0.24056,20.76197207,0
1507239716,22833404,0.23876,6788.47392513,0
1507239716,22833403,0.23876,1931.71300000,0
1507239677,22833386,0.24073,200.00000000,0
1507239669,22833381,0.23865,4265.68954000,1
1507239668,22833380,0.23866,902.79058000,1
1507239668,22833379,0.23868,1622.67501000,1
1507239668,22833378,0.23903,12095.51900000,1
1507239668,22833377,0.23906,8106.93558000,1
1507239668,22833376,0.23910,2500.00000000,1
1507239668,22833375,0.23910,17376.66100000,1
1507239668,22833373,0.23911,13129.72929000,1
1507239611,22833354,0.24091,20.73180856,0
1507239600,22833350,0.24000,466.53523400,1
1507239600,22833349,0.24040,302.58349450,1
1507239600,22833348,0.24074,890.43299825,0
1507239598,22833346,0.24050,1000.00000000,0
1507239566,22833337,0.24040,250.00000000,1
1507239503,22833312,0.24075,2705.96554900,0
1507239503,22833311,0.24075,5439.52943400,0
1507239503,22833310,0.24061,500.00000000,0
1507239502,22833309,0.24050,900.40000000,0
1507239499,22833302,0.24040,78.41397866,0
1507239477,22833285,0.24040,4921.58602134,0
1507239476,22833284,0.24000,593.67595266,0
1507239475,22833283,0.24000,579.72321400,0
1507239434,22833264,0.24000,20.81041667,0
1507239428,22833263,0.24000,20.81041667,0
1507239421,22833257,0.24000,284.98000000,0
1507239420,22833255,0.24000,500.00000000,0
1507239354,22833227,0.23860,256.53866800,1
1507239354,22833226,0.23860,2500.00000000,0
1507239354,22833225,0.23863,5000.00000000,1
1507239354,22833224,0.23863,2683.46133200,0
1507239354,22833223,0.23864,5000.00000000,0
1507239353,22833222,0.23864,1000.00000000,1
1507239353,22833217,0.23865,1000.00000000,1
1507239353,22833212,0.23866,2500.00000000,0
1507239351,22833210,0.23916,60.00000000,1
1507239350,22833209,0.24038,2780.82061735,0
1507239350,22833208,0.24037,270.00000000,1
1507239349,22833207,0.24037,4028.75594000,0
1507239217,22833120,0.24037,20.77838333,0
1507239214,22833116,0.23873,7603.49464300,1
1507239213,22833115,0.23923,270.00000000,0
1507239212,22833114,0.23923,2309.97310000,1
1507239193,22833103,0.24037,20.77838333,0
1507239188,22833100,0.23873,18249.43113500,1
1507239188,22833099,0.23873,1679.18440500,0
1507239188,22833098,0.23875,1745.12089000,1
1507239188,22833097,0.23875,2304.16841000,0
1507239188,22833096,0.23875,270.00000000,0
1507239187,22833094,0.23909,899.87356000,1
1507239187,22833092,0.23910,8709.22160000,1
1507239186,22833091,0.23923,270.00000000,1
1507239185,22833090,0.23923,2500.00000000,1
1507239109,22833059,0.24089,20.73352983,0
1507239099,22833052,0.24065,848.48065655,0
1507239098,22833051,0.24064,580.54784000,0
1507239098,22833050,0.24063,1271.43410000,1
1507239098,22833049,0.24000,901.00000000,0
1507239096,22833048,0.23999,249.18871620,0
1507239081,22833040,0.23999,20.81128380,0
1507239075,22833034,0.23904,135.00000000,1
1507239074,22833033,0.23904,270.00000000,1
1507239015,22833007,0.24092,214.47293707,0
1507238975,22832997,0.24029,3504.23344259,0
1507238939,22832982,0.24097,148.63868002,0
1507238938,22832981,0.24055,1115.16230000,0
1507238938,22832980,0.24050,3817.09979000,0
1507238938,22832979,0.24049,10000.00000000,0
1507238933,22832978,0.23861,6895.22144284,1
1507238933,22832977,0.23861,5379.50000000,0
1507238933,22832976,0.23868,160.00000000,1
1507238933,22832974,0.23870,2500.00000000,0
1507238929,22832953,0.23868,110.00000000,1
1507238919,22832942,0.24058,20.76024607,0
1507238908,22832936,0.23906,974.04462683,1
1507238908,22832935,0.24000,22.95537317,1
1507238908,22832934,0.24000,118.55562683,0
1507238905,22832929,0.23863,1147.18840866,1
1507238905,22832928,0.23905,500.00000000,1
1507238904,22832926,0.23998,1352.81159134,1
1507238902,22832925,0.24000,20.81041667,0
1507238899,22832922,0.23998,1081.18958334,1
1507238899,22832921,0.24000,20.81041666,1
1507238897,22832919,0.23998,183.00000000,1
1507238894,22832917,0.23998,1102.00000000,1
1507238894,22832914,0.24000,20.81041667,0
1507238884,22832906,0.24000,1828.82941100,0
1507238882,22832905,0.24000,20.81041667,0
1507238871,22832901,0.23998,157.89079400,1
1507238870,22832900,0.23998,3224.30856100,1
1507238852,22832891,0.23998,686.98580000,1
1507238852,22832890,0.23998,211.81367032,1
1507238852,22832889,0.24000,212.70456468,1
1507238851,22832887,0.24000,637.29543532,1
1507238851,22832886,0.24000,11816.80939468,1
1507238846,22832884,0.24013,70.61799858,1
1507238846,22832883,0.24040,5669.56669785,1
1507238842,22832879,0.24098,20.72578637,0
1507238829,22832863,0.24040,713.31815890,1
1507238829,22832862,0.24040,2817.96924110,1
1507238828,22832861,0.24040,1271.91376900,1
1507238828,22832860,0.24045,2868.23277300,1
1507238799,22832841,0.24122,102.18414725,0
1507238797,22832840,0.24121,270.00000000,0
1507238790,22832837,0.24045,782.85145700,1
1507238788,22832835,0.24045,4581.09543000,1
1507238786,22832834,0.24045,41767.82034000,1
1507238784,22832833,0.24046,8232.17966000,1
1507238778,22832830,0.24122,627.89909626,0
1507238776,22832829,0.24121,270.00000000,0
1507238658,22832764,0.24159,20.67345503,0
1507238657,22832763,0.24042,85.50553500,1
1507238657,22832762,0.24058,58.51112000,1
1507238655,22832761,0.24075,3557.00000000,1
1507238577,22832697,0.24111,7394.76658000,1
1507238548,22832682,0.24242,5579.90233721,1
1507238548,22832681,0.24242,1757.27563734,1
1507238548,22832680,0.24242,254.35907453,1
1507238547,22832677,0.24242,6261.62453000,0
1507238537,22832676,0.24111,301.32375265,1
1507238530,22832670,0.24256,3701.01665499,0
1507238478,22832633,0.24071,4113.33222960,1
1507238476,22832631,0.24074,39.99257148,1
1507238421,22832607,0.24220,335.30361261,0
1507238420,22832606,0.24220,270.00000000,0
1507238415,22832602,0.24074,118.88435657,1
1507238405,22832594,0.24282,13369.92665348,0
1507238404,22832593,0.24281,699.12655000,0
1507238404,22832592,0.24280,887.19711697,1
1507238404,22832591,0.24250,3573.00000000,0
1507238403,22832589,0.24227,3495.63277000,0
1507238403,22832588,0.24222,10000.00000000,1
1507238403,22832586,0.24222,270.00000000,1
1507238403,22832585,0.24222,1514.09190000,0
1507238402,22832584,0.24147,2672.00000000,0
1507238352,22832561,0.24251,2316.28002968,0
1507238351,22832560,0.24250,1797.05220000,0
1507238300,22832528,0.24288,22.00000000,0
1507238293,22832521,0.24122,8748.43163700,1
1507238292,22832517,0.24125,392.00000000,1
1507238260,22832497,0.24317,20.53912900,0
1507238258,22832496,0.24117,4156.44914370,1
1507238148,22832454,0.24392,94.04733519,0
1507238122,22832445,0.24400,373.36983607,0
1507238110,22832437,0.24439,20.43659724,0
1507238105,22832431,0.24440,1719.98892080,1
1507238105,22832430,0.24445,905.89642054,0
1507238102,22832427,0.24370,3005.01107920,0
1507238092,22832418,0.24370,20.49446040,0
1507238087,22832417,0.24187,56656.23589882,1
1507238087,22832416,0.24190,2148.25973000,1
1507238087,22832415,0.24190,29852.78338400,0
1507238087,22832414,0.24190,3772.94523500,0
1507238086,22832413,0.24295,72799.27200000,1
1507238086,22832412,0.24297,10709.46699000,1
1507238086,22832411,0.24300,12158.40445218,1
1507238085,22832410,0.24304,9402.63231000,0
1507238084,22832409,0.24304,2500.00000000,1
1507238069,22832397,0.24370,20.49446040,0
1507238056,22832392,0.24291,3583.00000000,1
1507238030,22832383,0.24450,6382.88485675,0
1507238030,22832382,0.24450,4089.88301010,0
1507238030,22832381,0.24450,253.86199000,0
1507238030,22832380,0.24448,162.94736000,0
1507238029,22832379,0.24448,814.73678000,0
1507238029,22832378,0.24400,241.67530000,0
1507238029,22832377,0.24400,58.08760000,0
1507238029,22832376,0.24399,4112.30575024,0
1507238029,22832375,0.24399,587.69424976,0
1507238028,22832374,0.24390,582.38325000,1
1507238027,22832373,0.24390,3918.33406402,0
1507238016,22832367,0.24397,20.47177932,0
1507238012,22832362,0.24398,20.47094024,0
1507238012,22832361,0.24262,599.83753000,1
1507238010,22832360,0.24350,0.16247000,1
1507237993,22832337,0.24350,1999.83753000,1
1507237991,22832335,0.24390,0.16247000,1
1507237970,22832314,0.24350,232.04253000,0
1507237960,22832299,0.24349,1250.23546000,0
1507237960,22832298,0.24344,250.04709000,0
1507237959,22832297,0.24300,349.34744000,0
1507237954,22832289,0.24297,979.44396428,0
1507237953,22832288,0.24297,20.55603572,0
1507237947,22832278,0.24289,8918.28723165,0
1507237941,22832271,0.24289,3704.67000000,0
1507237941,22832269,0.24250,205.00000000,0
1507237763,22832120,0.24289,35711.09314000,0
1507237763,22832119,0.24272,270.00000000,0
1507237763,22832118,0.24272,1025.54619000,0
1507237762,22832116,0.24271,10000.00000000,0
1507237762,22832115,0.24270,2993.36067000,0
1507237746,22832112,0.24290,9353.91529000,0
1507237746,22832111,0.24280,29157.61400000,0
1507237746,22832110,0.24279,1218.47071000,0
1507237746,22832109,0.24254,270.00000000,0
1507237746,22832108,0.24252,10000.00000000,0
1507237730,22832103,0.24253,20.59163059,0
1507237717,22832101,0.24233,1557.80164998,1
1507237699,22832087,0.24269,20.57975195,0
1507237698,22832086,0.24233,4236.81780000,1
1507237696,22832085,0.24233,249.38967524,0
1507237690,22832081,0.24233,20.61032476,0
1507237649,22832062,0.24239,20.60522299,1
1507237642,22832061,0.24217,270.00000000,1
1507237624,22832045,0.24103,511.97000000,1
1507237622,22832039,0.24217,1103.80969487,0
1507237539,22832007,0.24259,20.58823529,0
1507237533,22832005,0.24008,3620.72947065,1
1507237532,22832003,0.24110,2500.00000000,1
1507237517,22831999,0.24200,334.20151661,1
1507237515,22831998,0.24196,1072.15293000,0
1507237515,22831997,0.24185,270.00000000,0
1507237515,22831996,0.24180,1323.64555339,0
1507237507,22831993,0.24269,2473.88211191,1
1507237506,22831992,0.24269,1260.27759800,1
1507237506,22831991,0.24187,782.57235537,0
1507237504,22831990,0.24149,270.00000000,0
1507237502,22831985,0.24270,24710.17198187,1
1507237501,22831984,0.24250,369.07148000,0
1507237501,22831983,0.24200,323.47094000,0
1507237501,22831982,0.24198,1323.64559000,0
1507237500,22831981,0.24187,264.72912000,0
1507237500,22831980,0.24150,204.06020000,0
1507237499,22831979,0.24106,2353.34688683,0
1507237497,22831977,0.24106,141.41882651,0
1507237497,22831976,0.24106,0.00713488,0
1507237497,22831975,0.24100,201.69182361,0
1507237486,22831972,0.24100,20.72406639,0
1507237479,22831969,0.24050,21.00000000,1
1507237471,22831965,0.24050,275.40336646,0
1507237450,22831959,0.24050,20.76715177,0
1507237446,22831955,0.24050,20.76715177,0
1507237445,22831954,0.24049,714.06659521,0
1507237440,22831947,0.24049,346.33434200,0
1507237438,22831944,0.24049,853.75700000,0
1507237437,22831942,0.24049,925.11600000,0
1507237372,22831920,0.24049,20.76801530,0
1507237368,22831916,0.24000,408.60021646,0
1507237368,22831915,0.24000,81828.39227364,0
1507237368,22831914,0.24000,15357.66102303,0
1507237368,22831913,0.24000,344.78778000,0
1507237367,22831912,0.24000,2213.18958333,0
1507237367,22831911,0.23999,255.96934000,0
1507237363,22831907,0.23999,2000.00000000,0
1507237348,22831901,0.24000,316.00000000,0
1507237332,22831898,0.24000,20.81041667,0
1507237319,22831890,0.23997,500.00000000,0
1507237316,22831888,0.23997,496.27270075,0
1507237280,22831881,0.23998,950.97710000,0
1507237280,22831880,0.23998,1019.02290000,0
1507237262,22831869,0.23999,8188.20484187,0
1507237248,22831866,0.23999,4156.44914371,0
1507237238,22831858,0.23933,1212.18800000,0
1507237221,22831814,0.23930,845.78200000,0
1507237220,22831813,0.23930,614.03000000,0
1507237189,22831790,0.24000,2500.00000000,1
1507237189,22831789,0.24000,50.00000000,1
1507237182,22831781,0.24051,574.27196374,0
1507237182,22831780,0.24050,3136.99960000,0
1507237182,22831779,0.24050,7508.31498000,0
1507237181,22831778,0.24049,1028.39870000,0
1507237157,22831771,0.24058,5562.29000000,0
1507237137,22831756,0.24050,1418.58000000,1
1507237117,22831733,0.24106,2494.75852513,1
1507237093,22831708,0.24248,20.59757506,0
1507237087,22831703,0.24107,1190.38561300,1
1507237085,22831702,0.24107,688.05339500,1
1507237085,22831701,0.24125,7317.00000000,1
1507237085,22831700,0.24126,1174.60550000,1
1507237079,22831698,0.24125,183.00000000,1
1507237078,22831697,0.24126,11916.03462800,1
1507237066,22831695,0.24263,28.77855170,0
1507237049,22831686,0.24198,82.44532606,0
1507237040,22831681,0.24276,673.66666666,1
1507237040,22831679,0.24200,413.86842875,0
1507237040,22831678,0.24200,971.31250778,1
1507237039,22831677,0.24200,82.43851240,0
1507237030,22831669,0.24151,82.60577202,0
1507237026,22831666,0.24111,4661.43647572,0
1507237026,22831665,0.24107,3310.72971000,0
1507237026,22831663,0.24107,500.00000000,0
1507237017,22831659,0.24108,20.68827775,0
1507237016,22831658,0.24106,6225.42840000,1
1507237009,22831656,0.24108,20.68827775,0
1507237006,22831652,0.24108,20.68570362,0
1507237006,22831650,0.24111,3436.24812428,0
1507237005,22831649,0.24109,7957.69658000,0
1507237005,22831647,0.24109,993.57276072,0
1507237000,22831645,0.24109,20.68741964,0
1507236996,22831639,0.24109,20.68741964,0
1507236993,22831637,0.24106,823.32534218,0
1507236989,22831634,0.24106,20.68999419,0
1507236986,22831633,0.24027,1000.00000000,1
1507236983,22831632,0.24106,20.68999419,0
1507236981,22831630,0.24108,20.68827775,0
1507236973,22831620,0.24101,4055.40800664,0
1507236973,22831619,0.24111,7666.40540000,0
1507236973,22831618,0.24110,1015.83460000,0
1507236972,22831617,0.24105,270.00000000,0
1507236971,22831613,0.24103,237.13000000,0
1507236861,22831517,0.24119,875.40791503,1
1507236860,22831516,0.24119,8406.60696281,1
1507236860,22831515,0.24130,10000.00000000,1
1507236860,22831514,0.24130,10000.00000000,1
1507236860,22831513,0.24130,10000.00000000,1
1507236860,22831512,0.24130,7593.39303719,1
1507236859,22831511,0.24000,2406.60696281,0
1507236859,22831510,0.24000,10000.00000000,0
1507236859,22831509,0.24000,10000.00000000,0
1507236859,22831508,0.24000,10000.00000000,0
1507236858,22831505,0.24000,16580.81084400,0
1507236858,22831504,0.24000,8207.43500000,0
1507236857,22831503,0.24000,1564.58708300,0
1507236857,22831501,0.24000,5681.05933000,0
1507236857,22831500,0.24000,1670.90468600,0
1507236857,22831499,0.24000,4565.14770700,0
1507236857,22831498,0.24000,7461.09620200,0
1507236857,22831497,0.24000,18096.04857000,0
1507236857,22831496,0.24000,636.47379180,0
1507236857,22831495,0.24000,1696.89000000,0
1507236856,22831494,0.24000,10000.00000000,0
1507236856,22831492,0.24000,10000.00000000,0
1507236856,22831491,0.24000,835.42600000,0
1507236856,22831488,0.24000,17381.50086000,0
1507236855,22831486,0.23907,3986.23272514,0
1507236855,22831484,0.23907,260.46341796,0
1507236855,22831483,0.23907,314.49776000,0
1507236854,22831476,0.24000,2020.99498779,0
1507236854,22831475,0.24000,83.33333333,0
1507236853,22831474,0.24000,2395.50370000,0
1507236853,22831467,0.24000,2500.00000000,0
1507236852,22831466,0.24000,2500.00000000,0
1507236852,22831465,0.24000,1898.00501221,0
1507236851,22831462,0.24000,3000.00000000,1
1507236851,22831461,0.24050,18703.00000000,1
1507236851,22831460,0.24058,58.08760000,1
1507236851,22831459,0.24099,62.84364000,1
1507236851,22831458,0.24128,13296.35042748,1
1507236851,22831457,0.24135,874.25020000,1
1507236851,22831455,0.24135,874.25020000,1
1507236851,22831454,0.24136,874.25020000,1
1507236850,22831453,0.24136,874.25020000,1
1507236850,22831452,0.24136,874.25020000,1
1507236850,22831451,0.24136,874.25020000,1
1507236850,22831450,0.24137,874.25020000,1
1507236850,22831448,0.24137,874.25020000,1
1507236850,22831447,0.24137,874.25020000,1
1507236850,22831446,0.24138,874.25020000,1
1507236850,22831445,0.24138,874.25020000,1
1507236850,22831444,0.24139,874.25020000,1
1507236849,22831443,0.24139,874.25020000,1
1507236849,22831441,0.24139,874.25020000,1
1507236849,22831440,0.24139,874.25020000,1
1507236849,22831439,0.24139,874.25020000,1
1507236849,22831438,0.24139,874.25020000,1
1507236849,22831437,0.24139,874.25020000,1
1507236849,22831436,0.24140,874.25020000,1
1507236833,22831431,0.24132,874.25019476,0
1507236831,22831428,0.24137,2500.00000000,1
1507236828,22831426,0.24136,203.23939344,1
1507236816,22831414,0.24128,919.69467000,1
1507236816,22831413,0.24129,720.30533000,1
1507236816,22831412,0.24140,2500.00000000,1
1507236811,22831408,0.24132,882.47428958,1
1507236807,22831405,0.24128,2343.04600000,1
1507236807,22831404,0.24128,2500.00000000,0
1507236806,22831402,0.24135,156.95400000,0
1507236806,22831401,0.24131,226.00000000,0
1507236805,22831400,0.24135,270.00000000,1
1507236802,22831398,0.24134,4443.39665700,1
1507236706,22831326,0.24186,200.00000000,1
1507236699,22831321,0.24166,741.03600000,0
1507236673,22831306,0.24274,155.96400000,0
1507236666,22831302,0.24305,5674.59525300,1
1507236651,22831293,0.24305,9525.40474700,1
1507236650,22831292,0.24310,2870.00000000,1
1507236649,22831291,0.24375,100.00000000,0
1507236609,22831243,0.24377,1446.94926869,0
1507236589,22831236,0.24379,20.48689446,0
1507236581,22831235,0.24300,9.00000000,0
1507236579,22831234,0.24302,721.00000000,1
1507236579,22831233,0.24303,270.00000000,1
1507236567,22831230,0.24396,20.47261846,0
1507236561,22831218,0.24397,139.94203639,0
1507236554,22831208,0.24400,20.46926230,0
1507236549,22831204,0.24301,2913.75311635,0
1507236547,22831197,0.24403,7959.66544252,0
1507236547,22831196,0.24345,40.33455748,0
1507236541,22831194,0.24345,20.51550626,0
1507236538,22831193,0.24300,4800.00000000,1
1507236536,22831188,0.24345,20.51550626,0
1507236534,22831185,0.24300,100.00000000,1
1507236501,22831113,0.24438,20.43743351,0
1507236499,22831110,0.24350,14654.60400283,1
1507236498,22831108,0.24350,880.00175900,1
1507236479,22831093,0.24445,20.43158110,0
1507236476,22831086,0.24350,4697.02994868,1
1507236475,22831085,0.24351,20.51045132,0
1507236474,22831084,0.24351,13032.45960000,1
1507236472,22831083,0.24447,6639.98854899,0
1507236471,22831082,0.24447,20.42990960,0
1507236469,22831078,0.24350,364.04632600,1
1507236468,22831077,0.24350,25341.51323564,1
1507236468,22831076,0.24351,8499.05503000,1
1507236468,22831075,0.24398,2025.97153080,1
1507236468,22831073,0.24398,1866.80891056,1
1507236468,22831072,0.24400,1414.98116700,1
1507236467,22831070,0.24448,20.42907395,0
1507236464,22831068,0.24400,2985.01883300,1
1507236462,22831066,0.24449,85.67888257,0
1507236447,22831061,0.24452,20.42573205,0
1507236444,22831060,0.24398,500.00000000,1
1507236442,22831058,0.24453,20.42489674,0
1507236439,22831056,0.24398,1096.51147550,1
1507236439,22831055,0.24399,4140.00000000,1
1507236439,22831054,0.24454,20.42406150,1
1507236432,22831050,0.24398,4372.60390000,1
1507236423,22831046,0.24398,833.88398190,1
1507236388,22831025,0.24459,20.41988634,0
1507236387,22831024,0.24459,3262.62308353,0
1507236384,22831018,0.24463,20.41654744,1
1507236384,22831017,0.24463,6139.74590216,1
1507236384,22831016,0.24463,10000.00000000,1
1507236383,22831015,0.24463,2873.30651000,1
1507236380,22831009,0.24463,2854.03105209,1
1507236379,22831006,0.24463,1322.20900000,1
1507236378,22831005,0.24463,939.11446900,1
1507236377,22831004,0.24463,10000.00000000,1
1507236377,22831003,0.24462,1411.28190000,0
1507236377,22831002,0.24462,10000.00000000,0
1507236355,22830987,0.24466,20.41320963,0
1507236355,22830986,0.24398,13258.35808200,1
1507236353,22830985,0.24398,4951.00000000,1
1507236352,22830984,0.24398,1729.02970000,1
1507236349,22830983,0.24470,2989.13691893,0
1507236349,22830982,0.24469,2224.32629000,0
1507236348,22830981,0.24460,700.00000000,0
1507236348,22830980,0.24457,1234.23121570,0
1507236348,22830979,0.24457,1810.41931700,0
1507236348,22830978,0.24457,1234.29871300,0
1507236348,22830977,0.24457,1200.00000000,0
1507236348,22830976,0.24457,6788.99456586,0
1507236348,22830975,0.24451,214.07440000,0
1507236348,22830974,0.24449,10000.00000000,0
1507236348,22830973,0.24440,700.00000000,0
1507236347,22830972,0.24398,1560.81923575,1
1507236347,22830971,0.24440,1655.76173825,1
1507236347,22830970,0.24420,700.00000000,0
1507236346,22830969,0.24409,110.33900000,0
1507236346,22830968,0.24404,200.00000000,0
1507236344,22830966,0.24401,233.56112314,0
1507236335,22830959,0.24401,20.46842343,0
1507236331,22830956,0.24401,20.46842343,0
1507236330,22830955,0.24398,3231.49053417,1
1507236329,22830954,0.24398,600.00000000,1
1507236323,22830949,0.24400,1405.50000000,1
1507236320,22830945,0.24400,1221.15179000,1
1507236319,22830943,0.24400,2500.00000000,0
1507236319,22830942,0.24400,639.98995715,0
1507236318,22830941,0.24399,270.00000000,0
1507236314,22830937,0.24398,9920.00000000,0
1507236314,22830936,0.24397,270.00000000,0
1507236303,22830930,0.24398,45.00000000,0
1507236299,22830928,0.24398,35.00000000,0
1507236299,22830927,0.24398,270.00000000,0
1507236255,22830896,0.24394,2750.47597573,0
1507236255,22830895,0.24392,249.52402427,0
1507236246,22830886,0.24392,20.47597573,0
1507236230,22830873,0.24313,669.00000000,1
1507236213,22830856,0.24394,20.47429696,0
1507236209,22830854,0.24313,9730.00000000,1
1507236209,22830853,0.24314,270.00000000,1
1507236168,22830843,0.24396,1071.72689590,0
1507236168,22830842,0.24396,9979.52738154,0
1507236168,22830841,0.24395,270.00000000,0
1507236168,22830840,0.24395,9979.52654232,0
1507236166,22830839,0.24395,20.47345768,0
1507236159,22830832,0.24303,93.79144017,1
1507236158,22830831,0.24396,20.47261846,0
1507236152,22830827,0.24399,55.00000000,1
1507236151,22830825,0.24399,182.00000000,1
1507236150,22830824,0.24399,576.74699783,1
1507236149,22830821,0.24399,2518.87270491,1
1507236147,22830819,0.24399,1023.50516200,1
1507236146,22830817,0.24399,9979.52989877,0
1507236146,22830816,0.24398,270.00000000,0
1507236125,22830804,0.24399,20.47010123,0
1507236117,22830800,0.24351,10358.81850684,0
1507236092,22830784,0.24351,20.51045132,0
1507236089,22830781,0.24400,3706.27416809,0
1507236089,22830780,0.24400,100.00000000,0
1507236089,22830779,0.24400,700.00000000,0
1507236089,22830778,0.24400,20000.00000000,0
1507236088,22830777,0.24396,27.85137000,0
1507236088,22830776,0.24380,700.00000000,0
1507236088,22830775,0.24360,700.00000000,0
1507236088,22830774,0.24356,10000.00000000,0
1507236087,22830770,0.24351,261.48416000,0
1507236087,22830769,0.24340,700.00000000,0
1507236087,22830767,0.24333,2500.00000000,0
1507236085,22830765,0.24320,700.00000000,0
1507236085,22830764,0.24320,904.39030191,0
1507236054,22830745,0.24320,20.53659539,0
1507236051,22830744,0.24303,2494.00000291,1
1507236051,22830743,0.24316,5.99999709,1
1507236049,22830740,0.24320,20.53659539,0
1507236046,22830739,0.24316,44.00000000,1
1507236043,22830736,0.24316,0.00000291,1
1507236043,22830735,0.24316,555.86174709,1
1507236036,22830731,0.24320,20.53659539,0
1507236033,22830726,0.24316,1736.58837376,1
1507236031,22830725,0.24316,707.54987915,0
1507236021,22830717,0.24316,251.37017349,0
1507236019,22830716,0.24316,20.53997368,0
1507236017,22830714,0.24302,330.56530000,1
1507236017,22830713,0.24303,8957.00000000,1
1507236010,22830702,0.24316,20.53997368,0
1507236004,22830697,0.24301,333.23942785,0
1507235994,22830685,0.24301,20.55265215,0
1507235992,22830682,0.24224,2388.82802966,1
1507235991,22830681,0.24300,27611.17197034,1
1507235990,22830680,0.24300,10000.00000000,0
1507235990,22830679,0.24300,40063.36509157,0
1507235990,22830678,0.24299,270.00000000,0
1507235975,22830674,0.24300,20.55349794,0
1507235975,22830673,0.24300,9916.08141049,0
1507235975,22830672,0.24300,83.91858951,0
1507235973,22830671,0.24208,10000.00000000,1
1507235967,22830668,0.24207,267.82578152,1
1507235966,22830667,0.24207,261.80257511,1
1507235964,22830663,0.24300,616.08141049,0
1507235964,22830662,0.24300,435.74187500,0
1507235964,22830661,0.24280,700.00000000,0
1507235964,22830660,0.24277,695.29796751,0
1507235960,22830658,0.24215,7500.00000000,1
1507235960,22830657,0.24215,2500.00000000,1
1507235957,22830656,0.24267,1211.83423190,0
1507235956,22830655,0.24267,3794.50000000,0
1507235941,22830637,0.24267,1347.37874800,0
1507235938,22830634,0.24267,10000.00000000,0
1507235907,22830623,0.24267,177.65826100,0
1507235903,22830619,0.24267,25000.00000000,0
1507235895,22830615,0.24267,2658.77639700,0
1507235895,22830614,0.24235,157.55100000,0
1507235895,22830613,0.24204,734.00000000,1
1507235894,22830612,0.24205,2500.00000000,1
1507235876,22830601,0.24267,20.58144806,0
1507235872,22830598,0.24202,1131.55665000,1
1507235869,22830588,0.24266,996.25417000,0
1507235869,22830587,0.24260,700.00000000,0
1507235869,22830586,0.24251,247.27497000,0
1507235869,22830585,0.24250,257.00000000,0
1507235868,22830583,0.24240,700.00000000,0
1507235868,22830582,0.24239,63.28876000,0
1507235868,22830581,0.24231,1003.25745054,0
1507235868,22830580,0.24215,1022.54421936,0
1507235868,22830579,0.24200,4041.44849400,0
1507235861,22830572,0.24200,5958.55150600,0
1507235861,22830571,0.24215,20.62564526,0
1507235858,22830568,0.24166,192.11400000,1
1507235854,22830548,0.24215,20.62564526,0
1507235846,22830535,0.24146,192.11399000,0
1507235846,22830534,0.24146,1063.79551000,0
1507235841,22830525,0.24231,3207.74254946,0
1507235841,22830524,0.24220,700.00000000,0
1507235840,22830523,0.24215,50.00000000,0
1507235840,22830522,0.24201,226.22559000,0
1507235840,22830521,0.24200,8348.74283500,0
1507235839,22830519,0.24198,1031.31370000,0
1507235839,22830518,0.24198,7845.44315616,0
1507235838,22830517,0.24198,20643.70010400,0
1507235837,22830516,0.24146,1255.90950000,0
1507235822,22830493,0.24198,983.20922700,0
1507235816,22830490,0.24198,554.46458384,0
1507235815,22830488,0.24197,270.00000000,0
1507235770,22830434,0.24198,1103.74794100,0
1507235768,22830433,0.24198,7535.31498800,0
1507235765,22830430,0.24198,11334.12000000,0
1507235761,22830425,0.24200,808.90000000,0
1507235759,22830424,0.24200,1042.35716500,0
1507235759,22830422,0.24200,225.00000000,0
1507235759,22830420,0.24200,22.01952500,0
1507235758,22830419,0.24200,677.98047500,0
1507235758,22830418,0.24200,209.12000000,0
1507235756,22830414,0.24200,13106.51845042,0
1507235756,22830413,0.24196,125.57176838,0
1507235756,22830412,0.24195,270.00000000,0
1507235748,22830398,0.24196,20.64184162,0
1507235746,22830397,0.24196,1730.00000000,0
1507235746,22830396,0.24195,270.00000000,0
1507235739,22830394,0.24196,234.88744000,1
1507235737,22830386,0.24196,1065.12810000,1
1507235736,22830384,0.24196,12429.98446000,1
1507235735,22830383,0.24190,270.00000000,0
1507235732,22830374,0.24100,6343.82306500,1
1507235715,22830342,0.24196,20.64184163,0
1507235714,22830340,0.24196,3901.68000000,0
1507235713,22830339,0.24197,20.64098855,1
1507235710,22830338,0.24198,680.15671700,1
1507235708,22830332,0.24100,13337.00000000,1
1507235708,22830331,0.24100,400.00000000,1
1507235707,22830328,0.24100,18044.07407000,1
1507235707,22830327,0.24101,9221.92593000,1
1507235706,22830326,0.24105,270.00000000,1
1507235706,22830325,0.24105,2500.00000000,1
1507235699,22830322,0.24100,1674.20807557,1
1507235699,22830321,0.24102,2500.00000000,1
1507235698,22830320,0.24103,8954.93600000,1
1507235698,22830319,0.24103,11870.85592000,1
1507235692,22830318,0.24198,20.64013555,0
1507235690,22830317,0.24077,1286.74100000,1
1507235690,22830316,0.24077,10034.25900000,1
1507235674,22830306,0.24200,20.63842975,0
1507235670,22830299,0.24200,26755.20438016,0
1507235669,22830296,0.24198,685.24548000,0
1507235669,22830295,0.24180,5000.00000000,0
1507235669,22830294,0.24177,270.00000000,1
1507235669,22830293,0.24177,7496.46741000,1
1507235667,22830292,0.24177,1033.13510000,0
1507235660,22830286,0.24064,27180.00000000,1
1507235659,22830285,0.24063,7500.00000000,1
1507235659,22830284,0.24064,2500.00000000,1
1507235634,22830276,0.24054,2500.00000000,1
1507235629,22830273,0.24198,1030.51632787,0
1507235629,22830272,0.24180,700.00000000,0
1507235629,22830271,0.24160,700.00000000,0
1507235629,22830269,0.24158,1025.30690000,0
1507235628,22830268,0.24151,301.67418000,0
1507235628,22830267,0.24140,700.00000000,0
1507235628,22830266,0.24140,6964.31000000,1
1507235627,22830265,0.24120,700.00000000,0
1507235627,22830264,0.24111,2500.00000000,0
1507235625,22830261,0.24101,323.17445349,0
1507235607,22830253,0.24101,20.72320651,0
1507235604,22830251,0.24100,70376.10000000,1
1507235602,22830250,0.24100,178.00000000,1
1507235601,22830249,0.24100,1.01073446,1
1507235601,22830248,0.24100,1436.83926554,1
1507235599,22830246,0.24100,28.00000000,0
1507235599,22830245,0.24100,3535.16073446,0
1507235587,22830241,0.24100,907.35057854,0
1507235587,22830239,0.24100,3010.98348548,0
1507235582,22830236,0.24100,941.20331950,0
1507235580,22830235,0.24100,20.72406639,0
1507235577,22830232,0.24100,11548.22912863,0
1507235577,22830231,0.24100,300.00000000,0
1507235577,22830230,0.24100,700.00000000,0
1507235577,22830229,0.24092,2675.13062597,0
1507235575,22830226,0.24090,2527.31177612,0
1507235574,22830225,0.24090,2472.68822388,0
1507235574,22830224,0.24080,700.00000000,0
1507235574,22830223,0.24060,700.00000000,0
1507235574,22830222,0.24054,28.24629000,0
1507235574,22830221,0.24051,295.06892340,0
1507235566,22830220,0.24051,20.76628830,0
1507235565,22830219,0.24051,20.76628830,0
1507235555,22830201,0.24038,4079.18528879,1
1507235554,22830199,0.24040,5475.81471121,1
1507235546,22830186,0.24040,700.00000000,0
1507235546,22830185,0.24020,32.00000000,0
1507235546,22830184,0.24020,700.00000000,0
1507235546,22830183,0.24020,1000.00000000,0
1507235545,22830182,0.24018,2092.18528879,0
1507235545,22830181,0.24018,10000.00000000,0
1507235545,22830180,0.24002,92.26615315,0
1507235545,22830178,0.24001,378.58452000,0
1507235544,22830177,0.24000,4081.87969261,0
1507235544,22830176,0.24000,157.88324770,0
1507235544,22830175,0.24000,9842.11675230,0
1507235544,22830174,0.24000,157.88324770,0
1507235544,22830173,0.24000,8706.33556241,0
1507235544,22830172,0.24000,250.00000000,0
1507235544,22830171,0.24000,50.00000000,0
1507235544,22830170,0.24000,835.78118989,0
1507235544,22830168,0.24000,516.21881011,0
1507235543,22830167,0.24000,3187.00000000,0
1507235543,22830166,0.24000,2500.00000000,0
1507235543,22830165,0.24000,3796.78118989,0
1507235542,22830164,0.24000,9503.21881011,0
1507235542,22830163,0.24000,496.78118989,0
1507235542,22830161,0.24000,4106.21881011,0
1507235542,22830159,0.24000,5055.47638989,0
1507235542,22830158,0.23999,838.30480000,0
1507235541,22830157,0.24000,10000.00000000,0
1507235541,22830156,0.24000,10000.00000000,0
1507235541,22830155,0.24000,10000.00000000,0
1507235541,22830154,0.24000,10000.00000000,0
1507235541,22830153,0.24000,10000.00000000,0
1507235541,22830152,0.24000,10000.00000000,0
1507235541,22830151,0.24000,10000.00000000,0
1507235540,22830150,0.24000,10000.00000000,0
1507235540,22830149,0.24000,10000.00000000,0
1507235540,22830148,0.24000,4944.52361011,0
1507235540,22830147,0.24000,1250.00000000,0
1507235540,22830146,0.24000,1000.00000000,0
1507235540,22830145,0.24000,30.00000000,0
1507235539,22830144,0.24000,100.00000000,0
1507235539,22830143,0.24000,2675.47638989,0
1507235539,22830142,0.24000,10000.00000000,0
1507235539,22830141,0.24000,10000.00000000,0
1507235539,22830140,0.24000,10000.00000000,0
1507235537,22830138,0.24000,949.50670700,0
1507235537,22830135,0.24000,10275.87409200,0
1507235536,22830134,0.23980,1566.58750000,0
1507235536,22830132,0.23980,3433.41250000,0
1507235535,22830131,0.24000,6099.14281111,0
1507235535,22830130,0.24000,2185.00000000,0
1507235535,22830128,0.24000,4643.87338389,0
1507235535,22830127,0.24000,5356.12661611,0
1507235534,22830126,0.24000,6854.00000000,0
1507235534,22830125,0.24000,1360.00000000,0
1507235534,22830124,0.24000,53783.26959675,0
1507235534,22830123,0.24000,899.00000000,0
1507235534,22830122,0.24000,469.89427814,0
1507235534,22830121,0.24000,2693.84773425,0
1507235534,22830120,0.24000,2310.14656592,0
1507235533,22830119,0.23999,996.00570000,0
1507235533,22830118,0.23999,3197.99498600,0
1507235533,22830117,0.23980,802.00501383,0
1507235533,22830116,0.23980,2631.40749700,0
1507235531,22830112,0.23980,2500.00000000,1
1507235530,22830111,0.23999,802.00501400,0
1507235509,22830093,0.23980,6987.09833458,0
1507235502,22830090,0.23980,956.74074229,0
1507235469,22830064,0.23980,6920.51904800,0
1507235469,22830063,0.23979,1183.37311000,0
1507235456,22830058,0.23980,3269.91114700,0
1507235456,22830057,0.23979,4673.92793000,0
1507235454,22830055,0.23980,4605.93133813,0
1507235454,22830054,0.23977,1405.98785000,0
1507235454,22830053,0.23977,270.00000000,0
1507235450,22830052,0.23976,148.07471200,0
1507235436,22830047,0.23979,6396.19923084,0
1507235436,22830046,0.23900,10000.00000000,0
1507235408,22830026,0.23976,1926.28203203,0
1507235399,22830016,0.23980,8112.79939000,0
1507235399,22830015,0.23979,1670.48061000,0
1507235397,22830012,0.23978,20.82951038,0
1507235395,22830011,0.23856,807.78201982,1
1507235395,22830010,0.23856,1073.21798018,1
1507235348,22829960,0.23995,20.81301829,0
1507235342,22829951,0.23835,4326.00000000,1
1507235340,22829946,0.23998,20.81215101,0
1507235337,22829938,0.23834,2511.60093969,1
1507235337,22829937,0.23850,4239.76294031,1
1507235337,22829936,0.23851,477.63612000,1
1507235337,22829935,0.23851,270.00000000,1
1507235337,22829934,0.23851,2500.00000000,1
1507235333,22829929,0.23998,20.81128380,0
1507235331,22829928,0.23998,438.65930494,0
1507235327,22829922,0.23830,6967.36799000,1
1507235327,22829921,0.23831,9851.79501000,1
1507235327,22829920,0.23832,13188.23700000,1
1507235326,22829919,0.23854,28.60000000,1
1507235324,22829916,0.24000,589.90559362,0
1507235324,22829915,0.24000,4166.00000000,0
1507235324,22829914,0.24000,17064.99413708,0
1507235324,22829913,0.24000,700.00000000,0
1507235324,22829912,0.24000,125.00000000,0
1507235324,22829911,0.24000,60.00000000,0
1507235324,22829910,0.24000,200.00000000,0
1507235324,22829909,0.24000,13143.00000000,0
1507235323,22829908,0.24000,10000.00000000,0
1507235323,22829906,0.24000,500.00000000,0
1507235323,22829905,0.24000,5880.00000000,0
1507235323,22829904,0.24000,100.00000000,0
1507235323,22829903,0.24000,10000.00000000,0
1507235323,22829902,0.24000,100.00000000,0
1507235323,22829901,0.24000,2000.00000000,0
1507235322,22829900,0.23999,33391.07935868,0
1507235322,22829899,0.23999,63.28876000,0
1507235322,22829898,0.23994,7005.39226088,0
1507235322,22829897,0.23990,36.50000000,0
1507235321,22829896,0.23990,50.00000000,0
1507235321,22829895,0.23990,688.63938356,0
1507235321,22829894,0.23980,1138.00000000,0
1507235321,22829892,0.23980,700.00000000,0
1507235321,22829891,0.23979,94.78396000,1
1507235320,22829890,0.23978,473.91979000,1
1507235320,22829889,0.23960,6384.88852111,0
1507235320,22829888,0.23960,30.00000000,0
1507235320,22829887,0.23960,700.00000000,0
1507235320,22829885,0.23959,2000.00000000,0
1507235319,22829884,0.23959,450.00000000,0
1507235319,22829883,0.23951,259.73559000,0
1507235319,22829882,0.23951,500.00000000,0
1507235319,22829881,0.23950,1700.00000000,0
1507235319,22829880,0.23950,10000.00000000,0
1507235319,22829879,0.23950,500.00000000,0
1507235318,22829878,0.23950,2000.00000000,0
1507235318,22829877,0.23940,700.00000000,0
1507235318,22829876,0.23920,700.00000000,0
1507235316,22829870,0.23910,358.48000000,0
1507235316,22829869,0.23910,7611.01397670,0
1507235310,22829867,0.23910,303.18700000,0
1507235301,22829858,0.23910,20.88874948,0
1507235288,22829840,0.23830,748.94688365,1
1507235288,22829839,0.23831,4237.30000000,1
1507235288,22829838,0.23850,2513.75311635,1
1507235288,22829837,0.23851,2500.00000000,1
1507235281,22829823,0.23910,0.20300000,0
1507235280,22829822,0.23905,230.00000000,0
1507235280,22829821,0.23904,60.00000000,0
1507235270,22829802,0.23829,363.00000000,1
1507235270,22829801,0.23830,2500.00000000,1
1507235260,22829783,0.23909,270.00000000,1
1507235259,22829777,0.23910,13.62128816,0
1507235257,22829771,0.23909,7.26776109,0
1507235257,22829770,0.23909,262.73223891,0
1507235254,22829766,0.23815,4737.00000000,1
1507235252,22829765,0.23910,1727.05063300,0
1507235251,22829764,0.23910,3194.12561700,0
1507235251,22829763,0.23901,280.15714000,0
1507235250,22829762,0.23900,5105.00000000,0
1507235250,22829761,0.23900,1000.00000000,0
1507235250,22829760,0.23888,565.00000000,0
1507235250,22829759,0.23887,270.00000000,0
1507235235,22829749,0.23900,700.00000000,0
1507235235,22829748,0.23900,35.00000000,0
1507235235,22829747,0.23898,72.00000000,0
1507235235,22829746,0.23890,2780.35450619,0
1507235235,22829745,0.23889,5102.23431000,0
1507235230,22829740,0.23889,20.90623692,0
1507235228,22829738,0.23801,2884.08654900,1
1507235228,22829737,0.23801,2512.91345100,1
1507235225,22829733,0.23890,2786.15304200,0
1507235225,22829731,0.23888,2500.00000000,0
1507235225,22829729,0.23883,2500.00000000,0
1507235223,22829719,0.23880,576.74691095,0
1507235214,22829704,0.23880,123.25308905,0
1507235214,22829703,0.23860,678.98765895,0
1507235209,22829695,0.23860,20.93252305,0
1507235208,22829691,0.23860,300.07981800,0
1507235205,22829685,0.23790,2559.13676600,1
1507235205,22829684,0.23794,2535.86323400,1
1507235192,22829680,0.23860,90.36709200,0
1507235188,22829665,0.23860,20.93252305,0
1507235184,22829664,0.23860,15416.99999956,0
1507235184,22829663,0.23860,700.00000000,0
1507235184,22829662,0.23851,334.53404000,0
1507235184,22829661,0.23840,0.00000044,0
1507235181,22829658,0.23840,7498.62533300,0
1507235180,22829657,0.23840,2501.37466656,0
1507235180,22829655,0.23840,616.19966444,0
1507235178,22829654,0.23781,5000.00000000,1
1507235177,22829651,0.23840,20.95008389,0
1507235175,22829645,0.23840,20.95008389,0
1507235173,22829643,0.23779,395.48390000,1
1507235163,22829630,0.23840,20.95008389,0
1507235162,22829629,0.23840,20.95008389,0
1507235162,22829626,0.23776,400.00000000,1
1507235160,22829624,0.23769,395.48390000,1
1507235146,22829614,0.23765,395.48390000,1
1507235141,22829610,0.23820,608.39539000,0
1507235139,22829607,0.23761,321.99999723,1
1507235139,22829606,0.23801,0.00000277,1
1507235133,22829593,0.23801,84.03008000,1
1507235127,22829581,0.23820,91.60461000,0
1507235126,22829575,0.23801,196.36359755,0
1507235126,22829574,0.23801,84.03008277,0
1507235123,22829564,0.23801,20.98441242,0
1507235120,22829558,0.23754,801.72576000,1
1507235112,22829544,0.23801,20.98441242,0
1507235109,22829542,0.23756,996.49755000,1
1507235075,22829482,0.23801,20.98441242,0
1507235073,22829480,0.23753,4077.00000000,1
1507235072,22829479,0.23753,1251.81760000,1
1507235071,22829478,0.23801,20.98441242,0
1507235054,22829460,0.23754,400.53347000,1
1507235051,22829458,0.23753,1410.84070000,1
1507235045,22829455,0.23753,169.19000000,1
1507235044,22829452,0.23753,540.65398055,1
1507235042,22829444,0.23753,540.64951796,1
1507235040,22829441,0.23753,540.64501327,1
1507235036,22829440,0.23753,227.94636466,0
1507235008,22829429,0.23753,21.02681767,0
1507235006,22829427,0.23753,21.02681767,0
1507234987,22829418,0.23654,270.00000000,1
1507234925,22829384,0.23800,7893.69945378,0
1507234925,22829382,0.23800,700.00000000,0
1507234925,22829380,0.23786,500.00000000,0
1507234924,22829378,0.23771,2936.88409708,0
1507234924,22829377,0.23771,540.32208525,1
1507234924,22829376,0.23771,185.00000000,1
1507234924,22829374,0.23771,6393.86277500,1
1507234924,22829372,0.23768,5902.78897200,0
1507234923,22829371,0.23768,1068.17004000,1
1507234923,22829370,0.23768,1862.59740900,1
1507234923,22829369,0.23768,2480.35689000,1
1507234923,22829368,0.23768,1445.59400000,1
1507234923,22829367,0.23768,7943.89140100,1
1507234922,22829363,0.23767,540.00004208,1
1507234922,22829362,0.23767,270.00000000,1
1507234921,22829360,0.23767,1115.85506000,0
1507234897,22829354,0.23770,21.01177955,0
1507234895,22829350,0.23637,270.00000000,1
1507234881,22829342,0.23772,21.01001178,0
1507234877,22829340,0.23634,114.28605921,1
1507234863,22829336,0.23775,21.00736067,0
1507234857,22829332,0.23650,2902.48022292,0
1507234843,22829328,0.23650,123.51977708,1
1507234842,22829327,0.23650,1406.68216000,1
1507234828,22829321,0.23650,1406.68216000,1
1507234740,22829272,0.23777,10000.00000000,0
1507234718,22829264,0.23783,15285.66094937,0
1507234718,22829263,0.23783,13284.50000000,1
1507234717,22829262,0.23782,342.55970000,0
1507234717,22829261,0.23757,1782.26153000,0
1507234717,22829260,0.23740,857.12083082,0
1507234716,22829259,0.23739,1712.79850000,0
1507234716,22829258,0.23739,6020.60387800,1
1507234716,22829257,0.23739,2227.37000000,1
1507234716,22829256,0.23735,100.00000000,0
1507234714,22829253,0.23716,201.00000000,0
1507234640,22829221,0.23738,21.04010447,0
1507234631,22829216,0.23700,21.07383966,0
1507234630,22829214,0.23700,21.07383966,0
1507234628,22829211,0.23786,3754.95034894,1
1507234628,22829208,0.23780,700.00000000,0
1507234627,22829207,0.23780,3955.43750200,1
1507234627,22829206,0.23779,63736.94000000,0
1507234627,22829205,0.23761,63.28876000,0
1507234626,22829204,0.23760,700.00000000,0
1507234626,22829203,0.23757,499.57651000,0
1507234626,22829201,0.23751,354.39966000,0
1507234626,22829200,0.23750,4278.01328988,0
1507234625,22829199,0.23738,9877.40300000,0
1507234625,22829198,0.23737,356.45231000,0
1507234625,22829197,0.23701,385.71239000,0
1507234624,22829196,0.23700,801.20000000,0
1507234624,22829195,0.23699,1782.26153000,0
1507234624,22829194,0.23651,160.77265070,0
1507234622,22829192,0.23650,1000.00000000,0
1507234622,22829191,0.23650,5244.27276959,0
1507234618,22829189,0.23650,117.04350951,0
1507234586,22829180,0.23650,21.11839323,0
1507234568,22829177,0.23560,1500.00000000,1
1507234553,22829168,0.23649,270.00000000,0
1507234533,22829161,0.23650,21.11839323,0
1507234531,22829160,0.23553,1000.00000000,1
1507234513,22829151,0.23650,21.11839323,0
1507234511,22829149,0.23650,21.11839323,0
1507234509,22829148,0.23650,21.11839323,0
1507234485,22829129,0.23650,7038.75771670,0
1507234479,22829128,0.23650,2494.33403805,0
1507234430,22829115,0.23645,18394.17103260,0
1507234428,22829114,0.23643,270.00000000,0
1507234422,22829103,0.23645,23.01044500,0
1507234422,22829102,0.23644,270.00000000,0
1507234364,22829063,0.23645,27398.93989811,0
1507234364,22829062,0.23633,2989.17299000,0
1507234363,22829060,0.23632,13294.39782000,0
1507234341,22829044,0.23532,270.00000000,1
1507234328,22829028,0.23534,2500.00000000,1
1507234181,22828956,0.23645,87.55030661,1
1507234180,22828951,0.23625,270.00000000,0
1507234148,22828892,0.23633,21.13358439,0
1507234146,22828889,0.23490,400.00000000,1
1507234134,22828866,0.23450,2973.40906960,0
1507234134,22828865,0.23450,3380.39475200,0
1507234134,22828864,0.23450,4553.63575500,0
1507234134,22828863,0.23450,3129.74532500,0
1507234134,22828862,0.23450,4815.00000000,0
1507234134,22828861,0.23450,5991.29712000,0
1507234134,22828860,0.23450,5000.00000000,0
1507234133,22828859,0.23450,2545.16977300,0
1507234133,22828858,0.23450,3568.56548000,0
1507234133,22828857,0.23450,7384.64878600,0
1507234133,22828856,0.23450,13235.49230500,0
1507234133,22828855,0.23450,4118.06207700,0
1507234133,22828854,0.23450,2509.41604600,0
1507234132,22828852,0.23450,24719.84383000,0
1507234132,22828851,0.23450,8857.25342400,0
1507234132,22828850,0.23450,608.28737740,0
1507234131,22828849,0.23450,890.87261200,0
1507234131,22828848,0.23450,16142.15754800,0
1507234131,22828847,0.23450,4740.81838000,0
1507234131,22828846,0.23450,6623.91149500,0
1507234131,22828845,0.23450,2408.39878700,0
1507234131,22828844,0.23450,1299.83000000,0
1507234131,22828843,0.23450,1562.27457000,0
1507234131,22828842,0.23450,1731.66000000,0
1507234131,22828841,0.23450,934.38400000,0
1507234130,22828840,0.23450,270.00000000,0
1507234130,22828837,0.23450,2393.68221600,0
1507234130,22828836,0.23450,45626.06117400,0
1507234129,22828835,0.23450,808.82744400,0
1507234129,22828834,0.23450,2164.57500000,0
1507234129,22828833,0.23450,5421.59288800,0
1507234129,22828832,0.23450,1355.74350100,0
1507234129,22828831,0.23450,924.04290600,0
1507234129,22828830,0.23450,4011.55711200,0
1507234127,22828828,0.23500,6600.00000000,1
1507234127,22828827,0.23501,10427.22426000,1
1507234126,22828826,0.23502,16031.31600000,1
1507234126,22828825,0.23503,2509.44098700,1
1507234126,22828824,0.23504,15311.40800000,1
1507234126,22828823,0.23531,270.00000000,1
1507234067,22828794,0.23531,2690.00000000,1
1507234067,22828793,0.23558,270.00000000,1
1507233971,22828752,0.23651,65.00000000,0
1507233899,22828717,0.23651,171.72533930,0
1507233897,22828716,0.23600,335.11010000,0
1507233668,22828572,0.23600,88.76392000,1
1507233662,22828564,0.23600,3251.85075000,1
1507233661,22828563,0.23600,89.04515463,1
1507233634,22828544,0.23600,1675.79666181,1
1507233627,22828542,0.23610,1308.00000000,1
1507233617,22828531,0.23610,712.00000000,1
1507233600,22828510,0.23602,10379.52184000,1
1507233599,22828508,0.23603,8616.36647000,1
1507233599,22828506,0.23603,322.15617000,1
1507233589,22828498,0.23603,2008.22706000,1
1507233576,22828493,0.23601,2008.22706000,1
1507233541,22828469,0.23547,84.89801262,1
1507233523,22828453,0.23662,163.00000000,0
1507233522,22828452,0.23535,270.00000000,1
1507233483,22828422,0.23689,3000.00000000,0
1507233482,22828420,0.23689,1456.95111655,0
1507233463,22828401,0.23696,10852.17147535,0
1507233463,22828400,0.23695,12965.68878100,0
1507233462,22828399,0.23649,2820.61425000,0
1507233462,22828398,0.23648,6482.89353600,0
1507233431,22828322,0.23654,587.85464000,0
1507233431,22828320,0.23651,10000.00000000,0
1507233430,22828319,0.23400,30036.00000000,1
1507233430,22828318,0.23400,838.41993568,1
1507233428,22828317,0.23759,4132.48160628,1
1507233428,22828316,0.23759,3119.51928200,1
1507233428,22828315,0.23759,2094.57220300,1
1507233427,22828314,0.23759,1421.62979700,1
1507233427,22828313,0.23759,4151.03337600,1
1507233427,22828312,0.23759,3141.67790500,1
1507233427,22828311,0.23759,11336.12562400,1
1507233427,22828310,0.23759,13428.60605100,1
1507233427,22828309,0.23759,1765.71414300,1
1507233427,22828308,0.23759,20213.70500000,1
1507233427,22828306,0.23759,47282.41620600,1
1507233427,22828304,0.23759,1799.50000000,1
1507233426,22828303,0.23759,4373.70451100,1
1507233426,22828301,0.23759,4195.45993600,1
1507233426,22828299,0.23759,7943.52137600,1
1507233426,22828298,0.23759,1757.04000000,1
1507233426,22828297,0.23759,10000.00000000,1
1507233426,22828296,0.23759,10000.00000000,1
1507233426,22828295,0.23759,10000.00000000,1
1507233426,22828294,0.23759,10000.00000000,1
1507233424,22828287,0.23757,21525.19800000,0
1507233423,22828286,0.23750,32.00000000,0
1507233423,22828285,0.23750,1835.39233500,1
1507233423,22828283,0.23750,16152.66244100,1
1507233423,22828281,0.23750,4017.98621600,1
1507233423,22828280,0.23750,10133.51809500,1
1507233423,22828279,0.23750,3444.14060000,1
1507233423,22828278,0.23750,5551.68503100,1
1507233422,22828277,0.23740,700.00000000,0
1507233422,22828276,0.23739,1053.12650000,1
1507233422,22828275,0.23739,1755.81165000,1
1507233422,22828274,0.23739,5632.92153300,1
1507233422,22828272,0.23739,1638.71365000,1
1507233422,22828271,0.23739,3182.00161400,1
1507233421,22828270,0.23739,23154.37000400,1
1507233421,22828268,0.23739,3637.84525000,1
1507233420,22828263,0.23725,232.73449000,0
1507233420,22828262,0.23720,700.00000000,0
1507233420,22828261,0.23718,36.00000000,0
1507233420,22828260,0.23717,29.05816000,0
1507233419,22828259,0.23700,700.00000000,0
1507233419,22828258,0.23700,1500.00000000,0
1507233419,22828257,0.23700,400.00000000,0
1507233419,22828256,0.23698,238.00000000,0
1507233419,22828255,0.23680,475.65825765,0
1507233418,22828254,0.23680,224.34174235,0
1507233418,22828252,0.23680,72.34426000,0
1507233418,22828251,0.23680,61.04691000,0
1507233418,22828250,0.23675,315.24139000,0
1507233418,22828249,0.23675,8114.86662400,1
1507233418,22828247,0.23674,351.16233000,1
1507233417,22828246,0.23660,700.00000000,0
1507233417,22828245,0.23660,1519.96614760,1
1507233417,22828244,0.23650,6000.00000000,0
1507233417,22828243,0.23650,847.24906070,0
1507233416,22828240,0.23645,26170.80400000,0
1507233416,22828239,0.23633,8107.32226600,0
1507233415,22828237,0.23632,1755.81165000,1
1507233415,22828235,0.23632,1519.22063304,1
1507233414,22828234,0.23632,928.31805000,0
1507233394,22828221,0.23635,1720.53838514,0
1507233380,22828214,0.23499,918.20631028,1
1507233380,22828213,0.23590,81.79368972,1
1507233265,22828170,0.23644,13991.19792900,0
1507233265,22828169,0.23640,700.00000000,0
1507233265,22828168,0.23639,433.53374000,0
1507233264,22828167,0.23625,285.60285000,0
1507233264,22828166,0.23624,2167.66871000,0
1507233264,22828165,0.23600,2000.00000000,0
1507233264,22828164,0.23582,40.01362100,0
1507233262,22828163,0.23575,381.98315000,0
1507233252,22828159,0.23560,30253.10014300,1
1507233246,22828157,0.23560,500.00000000,1
1507233156,22828131,0.23560,540.00000000,1
1507232902,22827950,0.23560,2155.03886000,1
1507232900,22827949,0.23560,2155.03886000,1
1507232876,22827911,0.23560,2732.63170000,1
1507232863,22827901,0.23560,2732.63170000,1
1507232849,22827898,0.23560,3172.19811000,1
1507232843,22827895,0.23560,3172.19811000,1
1507232830,22827888,0.23560,25.97400000,1
1507232826,22827886,0.23560,622.18851700,1
1507232805,22827876,0.23560,1939.00000000,0
1507232801,22827875,0.23507,2500.00000000,1
1507232757,22827830,0.23500,2186.49971000,1
1507232752,22827813,0.23560,10616.99996304,0
1507232752,22827811,0.23559,4383.00000000,0
1507232751,22827810,0.23525,0.00003696,0
1507232747,22827792,0.23501,2500.00000000,1
1507232723,22827739,0.23525,211.65480000,0
1507232626,22827545,0.23500,7063.90632557,0
1507232626,22827544,0.23494,277.59396000,0
1507232626,22827543,0.23489,472.00000000,0
1507232409,22827358,0.23487,122.40604000,1
1507232408,22827357,0.23487,600.00000000,0
1507232408,22827356,0.23485,9007.59396000,0
1507232408,22827355,0.23484,270.00000000,0
1507232387,22827348,0.23487,388.34432230,0
1507232383,22827347,0.23384,30.93792415,0
1507232382,22827346,0.23384,270.00000000,1
1507232205,22827261,0.23487,3977.19474602,0
1507232203,22827259,0.23475,270.00000000,0
1507232132,22827233,0.23320,589.07191826,0
1507232132,22827232,0.23335,270.00000000,1
1507231946,22827187,0.23400,200.00000000,0
1507231946,22827186,0.23400,1000.00000000,0
1507231945,22827183,0.23389,1572.37748400,0
1507231828,22827121,0.23391,127.62251600,0
1507231797,22827112,0.23373,2868.64146000,1
1507231797,22827111,0.23375,2500.00000000,1
1507231795,22827110,0.23374,2500.00000000,1
1507231795,22827109,0.23374,8073.10187000,1
1507231795,22827108,0.23375,6513.93123000,1
1507231789,22827107,0.23375,2500.00000000,1
1507231778,22827106,0.23350,623.01359839,0
1507231778,22827105,0.23350,4645.87466557,0
1507231778,22827104,0.23350,5354.12533443,0
1507231778,22827103,0.23350,10000.00000000,0
1507231778,22827102,0.23350,10000.00000000,0
1507231777,22827101,0.23350,10000.00000000,0
1507231777,22827100,0.23350,10000.00000000,0
1507231777,22827099,0.23350,10000.00000000,0
1507231777,22827098,0.23350,10000.00000000,0
1507231777,22827097,0.23350,10000.00000000,0
1507231776,22827096,0.23350,10000.00000000,0
1507231764,22827087,0.23350,12654.74525974,0
1507231752,22827084,0.23350,11326.13631692,0
1507231728,22827069,0.23350,1091.54643000,0
1507231725,22827068,0.23258,7499.51000000,1
1507231725,22827067,0.23258,2500.00000000,0
1507231723,22827065,0.23308,0.49000000,1
1507231693,22827055,0.23350,2039.22740899,0
1507231649,22827029,0.23349,393.03854555,0
1507231539,22826910,0.23350,2843.68308351,0
1507231519,22826890,0.23349,963.88000000,0
1507231465,22826858,0.23348,1105.59000000,0
1507231422,22826799,0.23346,871.71922385,0
1507231397,22826792,0.23343,488.92900000,0
1507231321,22826763,0.23336,161.53700000,0
1507231317,22826760,0.23286,700.00000000,0
1507231278,22826745,0.23337,160.99700000,0
1507231258,22826732,0.23286,2500.00000000,1
1507231209,22826685,0.23345,238.17000000,0
1507231151,22826621,0.23253,1508.11774579,1
1507231107,22826605,0.23350,901.55203000,1
1507231106,22826604,0.23350,2512.86671452,1
1507231105,22826603,0.23350,2074.03426000,1
1507231095,22826600,0.23350,2893.79986800,1
1507231092,22826598,0.23350,2464.19912000,1
1507231079,22826595,0.23350,2927.76133000,1
1507231072,22826592,0.23350,25828.75464748,1
1507231039,22826577,0.23350,3478.52832000,1
1507231026,22826574,0.23350,4132.90493000,1
1507230960,22826533,0.23350,3687.15081000,1
1507230946,22826522,0.23351,7251.25490000,1
1507230810,22826397,0.23269,600.00000000,1
1507230761,22826356,0.23322,2000.00000000,0
1507230705,22826338,0.23398,213.16056928,0
1507230627,22826278,0.23399,36.40052993,0
1507230622,22826270,0.23300,730.00000000,0
1507230618,22826269,0.23308,270.00000000,1
1507230565,22826205,0.23417,126.16846735,0
1507230564,22826203,0.23416,270.00000000,0
1507230489,22826184,0.23453,2202.90075491,0
1507230483,22826169,0.23270,5000.00000000,1
1507230451,22826148,0.23253,1000.00000000,0
1507230372,22826120,0.23255,21082.56378843,1
1507230372,22826118,0.23256,5279.96580700,1
1507230372,22826117,0.23267,1590.43580000,1
1507230371,22826116,0.23300,1138.00000000,1
1507230371,22826115,0.23300,2637.52349200,0
1507230371,22826114,0.23330,2119.41705957,1
1507230371,22826113,0.23330,85.00000000,1
1507230370,22826112,0.23339,2637.83236300,1
1507230370,22826111,0.23340,2192.25882000,1
1507230370,22826110,0.23340,10967.00287000,1
1507230368,22826109,0.23410,270.00000000,1
1507230326,22826079,0.23525,109.73628055,0
1507230223,22826001,0.23507,7213.85370315,0
1507230176,22825966,0.23525,30.18665249,0
1507230174,22825964,0.23475,356.42874000,0
1507230038,22825811,0.23458,629.63591110,1
1507230038,22825810,0.23459,7370.50167000,1
1507230000,22825788,0.23454,372.37218000,1
1507229873,22825630,0.23425,4000.00000000,1
1507229832,22825568,0.23639,7687.66885095,0
1507229832,22825567,0.23594,237.62754000,0
1507229832,22825566,0.23561,2499.99995756,0
1507229832,22825565,0.23560,1188.13768000,0
1507229832,22825564,0.23541,1047.00000000,0
1507229788,22825534,0.23639,102.64314996,0
1507229787,22825533,0.23639,4155.44883455,0
1507229787,22825531,0.23624,358.14168000,0
1507229787,22825530,0.23624,851.17000000,1
1507229787,22825529,0.23620,835.98000000,0
1507229787,22825528,0.23620,700.00000000,0
1507229786,22825527,0.23600,945.00000000,0
1507229786,22825526,0.23600,3000.00000000,0
1507229786,22825525,0.23600,15.20182204,0
1507229786,22825524,0.23600,422.17237000,1
1507229786,22825523,0.23599,1900.00000000,0
1507229786,22825522,0.23599,2000.00000000,0
1507229785,22825521,0.23598,2110.86185000,1
1507229785,22825520,0.23566,2507.95467000,0
1507229783,22825519,0.23561,270.00000000,0
1507229755,22825502,0.23330,15388.14781881,1
1507229754,22825501,0.23331,2346.67926000,1
1507229754,22825500,0.23331,2699.99903400,0
1507229754,22825499,0.23332,16767.57700000,1
1507229754,22825498,0.23376,11728.21027000,1
1507229753,22825497,0.23376,1461.79970000,0
1507229753,22825496,0.23376,22249.38919319,0
1507229753,22825495,0.23378,270.00000000,1
1507229753,22825494,0.23379,2699.98412400,1
1507229752,22825493,0.23380,11963.55640000,0
1507229752,22825492,0.23380,1324.65720000,1
1507229645,22825429,0.23481,1038.50406712,1
1507229642,22825422,0.23480,229.60000000,1
1507229589,22825387,0.23597,1177.60965376,1
1507229589,22825384,0.23570,46.00000000,0
1507229587,22825381,0.23530,2618.00000000,0
1507229504,22825314,0.23530,9657.17093072,0
1507229504,22825313,0.23527,424.69637000,0
1507229503,22825312,0.23480,3837.46433658,0
1507229502,22825311,0.23479,2123.48186000,0
1507229469,22825258,0.23479,1035.80873600,0
1507229469,22825257,0.23478,2522.94874000,0
1507229458,22825252,0.23472,1058.75340000,0
1507229458,22825251,0.23462,109.49936184,0
1507229458,22825249,0.23461,270.00000000,0
1507229419,22825229,0.23462,890.50063816,0
1507229419,22825228,0.23461,1040.82550000,0
1507229419,22825227,0.23455,109.49936184,0
1507229399,22825200,0.23454,334.22900000,0
1507229398,22825198,0.23454,2740.16000000,0
1507229389,22825188,0.23455,890.50063816,0
1507229389,22825187,0.23455,1517.28956784,0
1507229383,22825185,0.23454,850.42600000,0
1507229380,22825182,0.23454,388.35588897,0
1507229378,22825179,0.23454,765.77000000,0
1507229378,22825178,0.23450,270.00000000,0
1507229372,22825175,0.23451,151.49700000,0
1507229369,22825172,0.23453,1325.77000000,0
1507229368,22825169,0.23451,5000.00000000,0
1507229359,22825161,0.23454,579.38600000,0
1507229343,22825132,0.23455,579.36900000,0
1507229330,22825128,0.23455,579.36900000,0
1507229312,22825116,0.23436,6078.69800000,1
1507229312,22825115,0.23436,270.00000000,0
1507229310,22825114,0.23435,146.35197488,0
1507229310,22825113,0.23333,434.99302512,0
1507229307,22825111,0.23333,3974.70269300,0
1507229306,22825107,0.23333,898.89211000,0
1507229305,22825105,0.23333,270.00000000,1
1507229190,22825057,0.23455,317.86500060,0
1507229160,22825039,0.23362,513.95300000,1
1507229159,22825038,0.23412,378.46392530,1
1507229159,22825034,0.23300,9621.53607470,0
1507229158,22825032,0.23300,513.95300000,0
1507229158,22825031,0.23300,3074.72014000,0
1507229158,22825030,0.23300,513.95300000,0
1507229157,22825029,0.23300,3837.46433700,0
1507229157,22825026,0.23300,1253.40648530,0
1507229157,22825024,0.23299,2536.01585900,0
1507229156,22825023,0.23299,513.95300000,0
1507229155,22825016,0.23300,270.00000000,0
1507229154,22825015,0.23300,5223.26196200,0
1507229153,22825014,0.23300,13248.04394000,0
1507229153,22825013,0.23300,16623.00000000,1
1507229153,22825012,0.23301,18557.05400000,1
1507229153,22825011,0.23308,11890.70901000,1
1507229153,22825010,0.23309,6049.79500000,1
1507229153,22825009,0.23330,5223.09123400,1
1507229153,22825008,0.23344,270.00000000,1
1507229153,22825007,0.23344,1218.46620000,1
1507229152,22825006,0.23345,2611.54561700,1
1507229150,22825005,0.23455,39772.57685600,0
1507229107,22824981,0.23455,5309.41906800,0
1507229105,22824978,0.23455,13254.78544400,0
1507229105,22824977,0.23454,1060.01440000,0
1507229091,22824963,0.23453,50.71235732,0
1507229091,22824962,0.23400,2451.97445268,0
1507229077,22824959,0.23400,4212.21869800,0
1507228968,22824895,0.23465,6051.29878542,0
1507228967,22824894,0.23464,2288.24651000,1
1507228966,22824893,0.23464,2288.24651000,0
1507228883,22824829,0.23464,99.99999900,0
1507228872,22824818,0.23464,1032.00000000,0
1507228869,22824816,0.23404,1032.00000000,0
1507228721,22824624,0.23477,1835.51003109,0
1507228647,22824530,0.23478,9706.30850000,0
1507228647,22824529,0.23477,1587.21325000,0
1507228568,22824403,0.23479,124.19080068,0
1507228533,22824356,0.23479,38.25000000,0
1507228489,22824288,0.23480,6405.36313666,0
1507228489,22824287,0.23479,928.55353000,0
1507228470,22824261,0.23479,887.93730568,0
1507228461,22824246,0.23479,533.79985800,0
1507228441,22824242,0.23480,3458.30494011,1
1507228430,22824229,0.23480,0.00000024,0
1507228412,22824213,0.23400,1000.00000000,0
1507228244,22824129,0.23480,999.99999976,0
1507228243,22824128,0.23472,0.24123624,0
1507228181,22824099,0.23500,349.17376376,1
1507228180,22824097,0.23500,4417.69000000,1
1507228176,22824091,0.23500,219.56931000,1
1507228162,22824081,0.23500,167.79500000,1
1507228159,22824070,0.23500,1237.00000000,1
1507228149,22824069,0.23500,167.79500000,1
1507228143,22824059,0.23538,93.06054000,0
1507228142,22824058,0.23538,206.93946000,0
1507228097,22824026,0.23588,886.19318000,1
1507228096,22824025,0.23588,245.86867000,1
1507227990,22823913,0.23596,4562.00000000,0
1507227942,22823882,0.23599,43165.80698334,0
1507227941,22823881,0.23598,5000.00000000,1
1507227941,22823880,0.23598,12091.51765000,0
1507227941,22823879,0.23580,237.00000000,0
1507227941,22823878,0.23579,2500.00000000,1
1507227941,22823876,0.23578,72.12869000,0
1507227939,22823875,0.23500,360.64344000,0
1507227891,22823825,0.23355,468.79697340,1
1507227885,22823821,0.23545,24579.33140794,0
1507227885,22823820,0.23528,23.93628000,0
1507227885,22823819,0.23527,89.98354000,1
1507227885,22823818,0.23500,1000.00000000,0
1507227884,22823817,0.23494,449.91772000,1
1507227884,22823815,0.23494,2500.00000000,1
1507227883,22823814,0.23494,2500.00000000,0
1507227878,22823813,0.23351,3000.00000000,1
1507227878,22823812,0.23352,2500.00000000,1
1507227818,22823784,0.23528,23.93628000,1
1507227813,22823783,0.23524,515.54372000,0
1507227787,22823765,0.23600,2484.79817796,0
1507227787,22823764,0.23600,700.00000000,0
1507227787,22823763,0.23588,25.00000000,0
1507227787,22823762,0.23588,30.00000000,0
1507227787,22823760,0.23588,5000.00000000,1
1507227786,22823758,0.23580,700.00000000,0
1507227786,22823755,0.23574,331.91459000,0
1507227786,22823752,0.23560,700.00000000,0
1507227786,22823750,0.23550,370.00000000,0
1507227786,22823749,0.23550,3108.55000000,0
1507227786,22823748,0.23550,1132.00000000,0
1507227786,22823747,0.23550,250.00000000,0
1507227785,22823746,0.23550,870.87376491,1
1507227785,22823745,0.23548,81.33771083,0
1507227785,22823743,0.23540,700.00000000,0
1507227785,22823742,0.23524,235.72171000,0
1507227784,22823741,0.23520,700.00000000,0
1507227784,22823739,0.23500,2000.00000000,0
1507227784,22823738,0.23500,3877.36957151,0
1507227784,22823737,0.23500,700.00000000,0
1507227784,22823736,0.23500,1000.00000000,0
1507227784,22823735,0.23500,5000.00000000,0
1507227784,22823733,0.23499,189.62819000,0
1507227783,22823732,0.23499,1176.91000000,1
1507227783,22823731,0.23480,700.00000000,0
1507227783,22823730,0.23474,264.14460000,0
1507227783,22823729,0.23470,16564.00000000,0
1507227781,22823725,0.23466,948.14096000,0
1507227764,22823706,0.23308,1071.00000000,1
1507227758,22823699,0.23468,857.22122191,0
1507227758,22823698,0.23467,386.05039000,0
1507227758,22823697,0.23467,1930.25195000,0
1507227758,22823696,0.23424,387.08520000,0
1507227756,22823691,0.23413,2090.61970027,0
1507227753,22823682,0.23306,26.00000000,1
1507227740,22823671,0.23302,26.00000000,1
1507227736,22823669,0.23414,1682.58022388,1
1507227736,22823668,0.23374,359.40439000,0
1507227735,22823667,0.23372,2293.36865000,0
1507227735,22823666,0.23348,62.36728000,0
1507227735,22823665,0.23324,339.20359000,0
1507227735,22823664,0.23324,74.04685000,0
1507227730,22823661,0.23300,1439.85087817,0
1507227730,22823660,0.23296,322.47029533,0
1507227695,22823642,0.23296,177.52970467,0
1507227693,22823641,0.23274,239.32296000,0
1507227639,22823622,0.23224,274.34570000,0
1507227636,22823620,0.23215,200.00000000,0
1507227634,22823619,0.23198,0.02693556,0
1507227621,22823612,0.23197,383.00000000,1
1507227605,22823606,0.23191,1032.00000000,0
1507227592,22823595,0.23198,781.25696823,1
1507227592,22823594,0.23199,0.00008621,1
1507227592,22823593,0.23199,2499.99991379,1
1507227585,22823585,0.23198,1125.52414002,1
1507227495,22823481,0.23089,1272.00000000,1
1507227493,22823480,0.23090,270.00000000,1
1507227493,22823479,0.23090,1158.00000000,1
1507227486,22823475,0.23090,1000.00000000,1
1507227442,22823445,0.23090,342.00000000,1
1507227395,22823397,0.23088,128.00000000,1
1507227395,22823396,0.23089,2500.00000000,1
1507227389,22823394,0.23196,880.77301483,0
1507227387,22823392,0.23178,270.00000000,0
1507227384,22823382,0.22998,717.65173360,0
1507227384,22823381,0.22998,270.00000000,0
1507227383,22823379,0.23061,2500.00000000,0
1507227382,22823378,0.23061,270.00000000,1
1507227310,22823282,0.23043,6730.93955840,1
1507227180,22823237,0.23124,1269.31413250,0
1507227160,22823234,0.23140,10000.00000000,0
1507227112,22823220,0.23027,2500.00000000,1
1507227112,22823219,0.23028,2500.00000000,1
1507227050,22823194,0.22980,1606.58445567,1
1507227050,22823192,0.22981,1453.43540000,1
1507227050,22823191,0.23017,7265.74991000,1
1507227050,22823190,0.23018,2500.00000000,1
1507227049,22823189,0.23019,2012.83905014,0
1507227049,22823188,0.23019,275.83961075,1
1507226948,22823135,0.23174,2883.00000000,1
1507226940,22823127,0.23174,270.00000000,1
1507226938,22823126,0.23172,1592.33512000,0
1507226938,22823125,0.23171,2500.00000000,0
1507226903,22823086,0.23002,5788.87476810,1
1507226840,22823068,0.22991,5000.00000000,1
1507226770,22823029,0.23179,1260.24064385,0
1507226758,22823010,0.23185,860.90485228,0
1507226756,22823008,0.23186,546.93297798,1
1507226756,22823007,0.23186,1074.99340000,1
1507226754,22823004,0.23000,0.00000342,0
1507226750,22823002,0.23000,26.23409658,0
1507226750,22823001,0.23000,14877.88560342,0
1507226750,22823000,0.22999,1005.59141000,0
1507226644,22822914,0.22999,1132.54612988,1
1507226630,22822912,0.22999,1407.81531000,1
1507226628,22822911,0.23000,7959.17775239,0
1507226625,22822910,0.22999,1672.65185000,0
1507226604,22822892,0.22999,689.69114127,1
1507226593,22822886,0.23000,30628.07197134,0
1507226591,22822884,0.22999,2099.15350000,1
1507226578,22822875,0.22999,2476.14426000,1
1507226576,22822874,0.22999,11861.03723873,1
1507226565,22822869,0.22999,2698.71595000,1
1507226551,22822864,0.22999,173.97364000,1
1507226551,22822863,0.22999,3032.42155000,1
1507226539,22822860,0.22998,3809.57845000,0
1507226481,22822839,0.22985,1032.00000000,0
1507226425,22822824,0.22970,1920.00000000,1
1507226425,22822823,0.22971,2500.00000000,1
1507226410,22822819,0.22970,2000.00000000,1
1507226401,22822817,0.22970,175.10260000,1
1507226379,22822809,0.22995,4089.88301010,0
1507226353,22822796,0.22968,145.85425000,0
1507226353,22822795,0.22967,5295.61575000,0
1507226351,22822790,0.22968,2738.82000000,0
1507226348,22822785,0.22871,223.76590000,1
1507226348,22822784,0.22871,26.23410000,1
1507226317,22822771,0.22993,385.57964016,0
1507226278,22822746,0.22871,944.60266287,0
1507226278,22822745,0.22880,700.00000000,1
1507226277,22822742,0.22900,28353.00000000,1
1507226277,22822739,0.22900,3000.00000000,1
1507226277,22822738,0.22900,700.00000000,1
1507226277,22822737,0.22920,700.00000000,1
1507226277,22822736,0.22920,2500.00000000,0
1507226277,22822735,0.22940,700.00000000,1
1507226276,22822734,0.22960,16820.00000000,1
1507226276,22822732,0.22960,700.00000000,1
1507226276,22822731,0.22960,246.55300000,0
1507226276,22822730,0.22974,74.04685000,1
1507226276,22822727,0.22980,700.00000000,1
1507226274,22822725,0.23000,270.00000000,0
1507226274,22822724,0.23000,1591.79748713,1
1507226274,22822723,0.23000,2285.57208438,1
1507226274,22822722,0.23000,2945.00000000,1
1507226273,22822721,0.23000,1352.00000000,1
1507226273,22822720,0.23000,3251.65424174,1
1507226273,22822719,0.23000,3108.55691315,1
1507226273,22822718,0.23000,1998.36728000,1
1507226273,22822717,0.23000,7045.63272000,1
1507226273,22822716,0.23000,600.00000000,1
1507226273,22822715,0.23021,62.36728000,1
1507226257,22822708,0.23100,10253.16866000,1
1507226257,22822707,0.23100,1000.00000000,1
1507226256,22822706,0.23100,82236.99249010,1
1507226256,22822705,0.23101,5759.91157875,1
1507226256,22822704,0.23101,314.77635125,1
1507226256,22822703,0.23102,270.00000000,1
1507226155,22822674,0.23101,846.06373090,1
1507226155,22822673,0.23160,201.03626943,1
1507226154,22822672,0.23188,24.99999967,1
1507226100,22822648,0.23199,6709.68343000,0
1507226099,22822647,0.23200,3290.31657000,1
1507226063,22822631,0.23200,487.00000000,1
1507226063,22822629,0.23212,4383.00000000,0
1507226059,22822621,0.23200,6222.68343000,1
1507226059,22822619,0.23210,1000.00000000,1
1507226059,22822618,0.23211,5322.31657000,1
1507226053,22822616,0.23299,5468.97495600,1
1507225992,22822607,0.23300,274.87482700,0
1507225939,22822542,0.23300,5933.41251083,1
1507225939,22822541,0.23300,1304.05100000,1
1507225939,22822540,0.23310,55.00000000,1
1507225790,22822479,0.23300,125.94900000,1
1507225787,22822477,0.23380,426.57637701,0
1507225763,22822459,0.23300,2150.00000000,1
1507225650,22822410,0.23300,2000.00000000,1
1507225641,22822409,0.23330,9432.08572414,0
1507225641,22822408,0.23330,10000.00000000,0
1507225641,22822407,0.23330,1888.39743586,0
1507225641,22822406,0.23329,3161.19715000,0
1507225629,22822391,0.23330,3009.84680974,0
1507225629,22822389,0.23329,3975.39778500,0
1507225628,22822387,0.23330,2101.75575440,0
1507225628,22822385,0.23330,3000.00000000,0
1507225624,22822379,0.23330,10000.00000000,0
1507225623,22822377,0.23330,2937.83569999,0
1507225623,22822376,0.23331,6098.80454000,1
1507225623,22822374,0.23335,963.35976001,1
1507225619,22822373,0.23414,1288.71615272,0
1507225610,22822371,0.23416,1278.56339412,0
1507225585,22822365,0.23421,21.38029973,0
1507225491,22822342,0.23335,270.00000000,1
1507225394,22822284,0.23443,2095.55091071,0
1507225211,22822198,0.23372,985.89739860,0
1507225196,22822197,0.23344,42.73072310,0
1507225188,22822187,0.23346,6225.89624098,0
1507225187,22822186,0.23346,8372.53280000,0
1507225187,22822185,0.23346,6150.72503850,0
1507225187,22822184,0.23345,5079.60056800,0
1507225181,22822182,0.23346,2221.80776150,0
1507225178,22822179,0.23450,3138.96276127,0
1507225178,22822177,0.23449,5232.98887000,0
1507225176,22822176,0.23448,103.80276505,0
1507225115,22822156,0.23371,72.30352000,1
1507225004,22822137,0.23498,95838.97031100,0
1507225004,22822136,0.23497,11057.52876400,0
1507225004,22822135,0.23495,25736.47099500,0
1507225004,22822134,0.23494,432.53209000,0
1507225004,22822133,0.23400,10367.17121700,0
1507225004,22822132,0.23399,200.00000000,0
1507225004,22822130,0.23389,2162.66045000,0
1507225004,22822128,0.23350,5000.00000000,0
1507224972,22822124,0.23350,5000.00000000,0
1507224817,22822072,0.23399,3212.25270310,0
1507224817,22822071,0.23393,270.00000000,0
1507224815,22822070,0.23392,1078.94120000,0
1507224774,22822062,0.23397,1098.54799205,1
1507224773,22822061,0.23397,1058.83440000,0
1507224763,22822060,0.23400,2813.47910256,0
1507224703,22822034,0.23300,109.35750000,0
1507224667,22822014,0.23299,3152.24821000,0
1507224646,22822010,0.23299,21.57872000,0
1507224623,22822001,0.23299,126.28966000,1
1507224615,22821987,0.23300,1443.62592884,0
1507224592,22821974,0.23299,3132.05038000,1
1507224590,22821973,0.23300,81.33771083,0
1507224587,22821972,0.23299,3244.33824000,0
1507224584,22821970,0.23298,6170.60085836,0
1507224572,22821957,0.23299,541.59154651,0
1507224555,22821944,0.23300,107.02854077,0
1507224528,22821895,0.23378,762.92112242,1
1507224528,22821894,0.23378,270.00000000,0
1507224513,22821886,0.23392,14.19770765,1
1507224490,22821872,0.23380,2554.93532928,0
1507224490,22821871,0.23378,270.00000000,0
1507224488,22821870,0.23252,5003.24973584,1
1507224487,22821868,0.23300,5145.94639700,1
1507224487,22821867,0.23300,738.66523900,1
1507224485,22821865,0.23380,2391.37524540,0
1507224485,22821864,0.23379,6.63160460,0
1507224475,22821858,0.23379,263.36839540,0
1507224446,22821842,0.23380,53.68942532,0
1507224444,22821840,0.23379,270.00000000,0
1507224259,22821754,0.23392,1053.38235294,0
1507224239,22821747,0.23392,790.65488201,0
1507224221,22821740,0.23301,1117.31325353,1
1507224221,22821739,0.23307,5882.68674647,1
1507224120,22821686,0.23300,9261.33476100,1
1507224119,22821685,0.23308,1457.08550000,1
1507224119,22821684,0.23308,7286.56155000,1
1507224119,22821682,0.23400,228.01000000,1
1507224119,22821681,0.23400,9000.00000000,1
1507224119,22821680,0.23401,3066.24486000,1
1507224117,22821672,0.23460,439.00000000,0
1507224117,22821671,0.23431,1161.00000000,0
1507224095,22821668,0.23401,6000.00000000,1
1507223794,22821521,0.23500,833.71582978,0
1507223792,22821520,0.23492,270.00000000,0
1507223750,22821507,0.23402,2711.33900000,1
1507223750,22821505,0.23402,270.00000000,1
1507223736,22821501,0.23409,270.00000000,1
1507223702,22821489,0.23510,118.00000000,0
1507223664,22821477,0.23511,3250.11916570,1
1507223653,22821468,0.23511,15965.96010732,1
1507223651,22821462,0.23511,270.00000000,1
1507223650,22821459,0.23511,220.00000000,0
1507223566,22821433,0.23511,50.00000000,0
1507223520,22821423,0.23415,1500.00000000,1
1507223513,22821416,0.23539,1600.00000000,1
1507223509,22821415,0.23539,270.00000000,0
1507223467,22821400,0.23580,3627.25260583,1
1507223467,22821399,0.23580,700.00000000,0
1507223467,22821398,0.23579,16386.61600000,0
1507223467,22821397,0.23578,420.38002000,0
1507223467,22821396,0.23576,247.37668000,0
1507223467,22821395,0.23570,7224.29677564,0
1507223467,22821394,0.23569,13883.21843300,0
1507223466,22821393,0.23560,2000.00000000,0
1507223466,22821392,0.23550,3138.95940553,0
1507223466,22821391,0.23542,2101.90008000,0
1507223466,22821390,0.23542,270.00000000,0
1507223461,22821387,0.23541,1529.82315959,0
1507223446,22821383,0.23400,1015.73224884,0
1507223410,22821377,0.23400,1484.26775116,1
1507223392,22821373,0.23550,16861.04059447,0
1507223392,22821372,0.23506,2886.65000000,0
1507223392,22821371,0.23505,1949.90343000,0
1507223390,22821370,0.23495,270.00000000,0
1507223312,22821347,0.23500,6865.52112868,1
1507223301,22821338,0.23500,5896.23795700,1
1507223300,22821337,0.23500,1757.68122000,1
1507223298,22821336,0.23500,1757.68122000,1
1507223292,22821332,0.23500,2458.10990000,1
1507223280,22821318,0.23500,334.74259575,1
1507223279,22821315,0.23500,334.61638298,1
1507223278,22821314,0.23500,1757.68122000,1
1507223278,22821313,0.23500,3781.02095100,1
1507223278,22821312,0.23500,39943.10856100,1
1507223278,22821311,0.23500,8208.73190500,1
1507223278,22821310,0.23500,3664.83788200,1
