date,tid,price,amount,type
1506729553,22556465,3526.67,0.87805052,0
1506729553,22556464,3523.71,1.44000000,0
1506729553,22556463,3523.30,2.40130000,0
1506729553,22556462,3522.98,0.11000000,0
1506729553,22556461,3522.97,0.68500000,0
1506729461,22556457,3522.82,2.26496595,0
1506729461,22556456,3519.99,4.78839855,0
1506729461,22556455,3519.98,0.12000000,0
1506729461,22556454,3519.90,0.02213550,0
1506729461,22556453,3519.90,2.40450000,0
1506729461,22556452,3519.89,0.40000000,0
1506729364,22556449,3519.97,0.02679912,0
1506729310,22556442,3519.99,5.21160145,0
1506729310,22556441,3519.98,0.14000000,0
1506729310,22556440,3519.89,1.10677300,0
1506729310,22556439,3519.80,2.00000000,0
1506729310,22556438,3519.79,1.02500000,0
1506729309,22556437,3518.88,0.13676795,0
1506729309,22556436,3512.67,0.37985760,0
1506729285,22556430,3518.88,0.05454691,0
1506729257,22556428,3510.20,0.00900311,1
1506729252,22556426,3519.29,0.00740983,0
1506729251,22556425,3519.29,0.02421522,0
1506729242,22556406,3510.00,0.04143940,1
1506729242,22556405,3510.20,0.01800622,1
1506729241,22556404,3510.20,0.16500000,1
1506729215,22556402,3510.21,0.13592113,1
1506729209,22556399,3512.66,0.02681958,0
1506729052,22556395,3512.64,0.01419729,0
1506729045,22556394,3510.01,0.00542800,1
1506729032,22556391,3512.67,0.00250000,0
1506729027,22556390,3509.99,9.95856060,0
1506729026,22556389,3504.03,0.04051657,1
1506728892,22556374,3509.99,0.00819641,0
1506728873,22556373,3509.99,0.03324299,0
1506728687,22556352,3506.13,0.00228143,1
1506728673,22556350,3512.67,0.02787688,0
1506728512,22556271,3519.75,0.00795549,0
1506728480,22556265,3519.79,0.00250000,0
1506728414,22556246,3520.50,0.02306315,0
1506728412,22556245,3520.53,0.01064244,0
1506728288,22556226,3521.18,0.14134913,0
1506728261,22556221,3521.25,0.08121454,0
1506728212,22556211,3501.36,0.07198676,1
1506728211,22556210,3506.10,0.02801324,1
1506728115,22556192,3516.86,0.01635424,0
1506728114,22556191,3516.85,0.03128809,0
1506728114,22556190,3512.66,0.01716069,0
1506728054,22556187,3516.93,0.01777146,0
1506728052,22556186,3516.94,0.11116059,0
1506727892,22556163,3506.34,0.01523844,1
1506727829,22556147,3512.67,0.03088076,0
1506727764,22556083,3512.31,0.43044175,0
1506727764,22556082,3508.94,0.05209283,0
1506727712,22556047,3514.65,0.01336596,0
1506727709,22556046,3505.12,0.10418566,0
1506727700,22556044,3500.10,0.16606098,1
1506727700,22556043,3502.58,0.05602649,1
1506727688,22556035,3502.61,0.22494083,1
1506727685,22556032,3502.61,0.00228210,1
1506727671,22556022,3511.18,0.04688435,0
1506727671,22556021,3508.95,0.02845353,0
1506727613,22556013,3514.50,0.02543666,0
1506727612,22556012,3512.25,0.05600000,0
1506727612,22556011,3508.94,0.05690705,0
1506727548,22556003,3502.55,0.29724387,0
1506727512,22555989,3507.43,0.00797781,0
1506727505,22555988,3507.44,0.19879080,0
1506727443,22555980,3507.35,0.06071886,0
1506727425,22555977,3507.36,0.00304508,0
1506727353,22555955,3507.14,0.01378134,0
1506727331,22555953,3500.04,0.28259100,0
1506727329,22555952,3500.01,0.11301400,1
1506727319,22555938,3507.26,0.01421908,0
1506727290,22555935,3500.01,0.11668462,1
1506727275,22555934,3507.37,0.03554800,0
1506727213,22555923,3507.37,0.02820155,0
1506727177,22555894,3500.00,0.11030458,1
1506727157,22555893,3500.00,0.05858901,1
1506727157,22555891,3500.00,0.03000000,1
1506727157,22555890,3500.00,0.01272699,1
1506727151,22555877,3506.31,0.24285290,0
1506727121,22555860,3500.00,0.02275100,1
1506727095,22555854,3500.00,0.02311775,1
1506727071,22555847,3500.00,0.01393644,1
1506727071,22555846,3500.01,0.00434056,1
1506727071,22555845,3502.00,0.01433300,1
1506727065,22555838,3500.00,0.92746782,1
1506727064,22555837,3500.00,0.02470000,1
1506727064,22555836,3500.01,0.01433300,1
1506727064,22555835,3500.01,0.01624429,1
1506727064,22555834,3500.01,0.01725489,1
1506727062,22555833,3506.66,0.00618402,0
1506727061,22555832,3506.37,0.00618402,0
1506727056,22555822,3502.00,0.00700506,1
1506727054,22555818,3500.01,0.09599530,1
1506727054,22555817,3502.00,0.03349862,1
1506726955,22555776,3507.27,0.01010000,0
1506726895,22555758,3502.00,1.13279523,1
1506726895,22555757,3502.10,2.41190000,1
1506726895,22555754,3502.53,0.21963369,1
1506726895,22555753,3502.54,0.03567108,1
1506726872,22555749,3507.60,0.13812875,0
1506726867,22555748,3507.43,0.14223320,0
1506726849,22555736,3507.62,0.00832156,0
1506726825,22555704,3507.62,0.02723121,0
1506726788,22555686,3502.51,0.01964798,1
1506726753,22555670,3505.10,0.00296118,0
1506726726,22555662,3505.10,0.66049036,0
1506726706,22555647,3505.10,0.03000000,0
1506726682,22555615,3502.13,0.00228404,1
1506726660,22555599,3502.13,0.01000000,1
1506726629,22555596,3505.10,0.00933041,0
1506726516,22555582,3505.10,0.02320580,0
1506726450,22555554,3505.10,0.01359709,0
1506726445,22555553,3505.10,0.24143065,0
1506726440,22555550,3505.10,0.02798451,0
1506726389,22555535,3520.39,0.00170151,0
1506726383,22555528,3520.49,0.23191773,0
1506726367,22555526,3502.20,0.98600000,0
1506726362,22555521,3502.00,0.83370615,1
1506726362,22555520,3502.00,0.10000000,1
1506726361,22555519,3502.09,1.12964120,1
1506726361,22555518,3503.72,0.00391454,1
1506726361,22555517,3504.22,0.56931357,1
1506726361,22555516,3505.00,0.22550927,1
1506726361,22555515,3505.20,0.97083494,1
1506726327,22555509,3505.70,0.00816504,1
1506726327,22555508,3510.00,0.02423149,1
1506726315,22555506,3510.00,0.00036221,1
1506726315,22555505,3512.00,0.05527568,1
1506726315,22555504,3513.00,0.07098349,1
1506726313,22555503,3520.99,0.00724601,0
1506726310,22555502,3520.99,0.06556069,0
1506726309,22555501,3520.95,0.05364218,0
1506726309,22555500,3520.94,0.10872940,0
1506726287,22555495,3520.97,0.00789636,0
1506726184,22555484,3522.06,1.00030000,0
1506726076,22555475,3512.00,0.28862370,1
1506726068,22555471,3523.30,0.10472548,0
1506726068,22555469,3523.30,0.02268632,1
1506726068,22555468,3523.29,0.16000000,0
1506726066,22555467,3523.28,0.11518073,0
1506726065,22555466,3512.03,0.02100002,1
1506726038,22555459,3523.59,0.00283793,0
1506726036,22555454,3523.60,1.39938352,0
1506725966,22555430,3523.88,0.08927287,0
1506725965,22555429,3523.89,0.05849872,0
1506725855,22555411,3524.50,0.13632022,0
1506725855,22555410,3524.10,0.08499475,0
1506725855,22555409,3524.10,0.07898503,0
1506725812,22555365,3524.10,0.00597573,0
1506725812,22555364,3524.10,0.07499895,0
1506725802,22555353,3524.10,0.00000105,1
1506725798,22555344,3524.10,0.08499192,1
1506725795,22555343,3525.00,0.16229019,0
1506725770,22555330,3524.10,0.29490931,0
1506725770,22555329,3524.07,0.12385643,0
1506725759,22555318,3512.00,0.15610062,1
1506725754,22555317,3512.30,0.28217036,1
1506725752,22555312,3512.23,0.12157803,1
1506725746,22555306,3524.09,3.54899607,0
1506725745,22555304,3524.08,0.73676754,0
1506725745,22555303,3521.57,0.09436834,0
1506725741,22555302,3511.49,0.05917339,1
1506725559,22555269,3511.23,0.00227840,1
1506725531,22555260,3522.89,0.14019528,0
1506725471,22555247,3521.68,0.01837474,0
1506725338,22555212,3510.00,0.01803245,1
1506725337,22555211,3510.00,0.48396755,1
1506725327,22555209,3515.95,0.05676835,0
1506725327,22555208,3515.95,0.01918909,0
1506725319,22555207,3515.09,0.22569564,0
1506725304,22555194,3514.91,0.01326847,0
1506725300,22555193,3510.00,0.02856125,1
1506725279,22555188,3510.00,0.05000000,1
1506725276,22555187,3510.00,0.13747120,1
1506725276,22555186,3510.20,0.10302144,1
1506725276,22555185,3510.43,0.10050736,1
1506725271,22555182,3510.43,1.00000000,1
1506725269,22555181,3510.43,0.02855776,1
1506725251,22555176,3510.43,0.55312717,1
1506725235,22555170,3510.43,0.02855776,1
1506725235,22555169,3510.43,0.14000000,1
1506725204,22555154,3510.43,0.06283915,1
1506725204,22555152,3518.40,0.02675874,0
1506725121,22555116,3519.85,0.01872323,0
1506725021,22555072,3510.43,0.08611460,1
1506725020,22555071,3518.32,0.02126299,0
1506724941,22555017,3518.30,0.02085009,0
1506724934,22555011,3518.35,0.01638462,0
1506724931,22555009,3518.36,0.10000000,0
1506724922,22555002,3518.31,0.40033110,0
1506724857,22554960,3523.74,0.39121604,0
1506724854,22554959,3511.98,0.25477951,0
1506724852,22554958,3511.98,0.02339565,0
1506724850,22554957,3511.98,0.00300000,1
1506724850,22554956,3512.05,0.12878253,1
1506724841,22554936,3516.06,0.03423130,1
1506724813,22554909,3517.87,0.00302454,0
1506724807,22554905,3517.90,0.00450000,0
1506724793,22554901,3518.00,0.02842500,1
1506724793,22554900,3518.01,0.02994682,1
1506724758,22554826,3520.01,0.00227599,1
1506724758,22554825,3520.01,0.00227599,1
1506724618,22554609,3524.01,0.18746900,1
1506724523,22554570,3533.86,0.01861036,0
1506724482,22554562,3533.51,0.04160028,0
1506724439,22554554,3523.15,0.25089248,1
1506724431,22554529,3523.14,0.00056629,0
1506724429,22554528,3530.00,0.00169972,1
1506724214,22554470,3534.06,0.19864122,0
1506724170,22554465,3534.29,0.03293709,0
1506724123,22554459,3534.76,0.01000314,0
1506724084,22554454,3534.78,0.02767738,0
1506724042,22554447,3534.71,0.02786683,0
1506724027,22554443,3523.30,0.49540728,1
1506724027,22554442,3523.33,0.90459272,1
1506723945,22554429,3534.99,0.05571773,0
1506723940,22554428,3534.99,0.21850133,0
1506723920,22554425,3519.20,1.47715218,1
1506723920,22554424,3519.23,1.12138480,1
1506723920,22554423,3519.24,0.03580485,1
1506723920,22554422,3524.92,0.01594009,1
1506723920,22554421,3524.95,0.04774799,1
1506723920,22554420,3525.21,0.94372828,1
1506723920,22554419,3525.21,0.06368808,1
1506723919,22554418,3529.91,0.01053759,1
1506723919,22554417,3529.92,0.28301614,1
1506723744,22554403,3538.00,0.05180098,0
1506723724,22554401,3537.99,0.04153647,0
1506723674,22554387,3537.99,0.04180358,0
1506723624,22554381,3538.00,0.13337649,0
1506723598,22554376,3539.79,0.05043900,0
1506723585,22554370,3539.89,0.06935327,0
1506723525,22554355,3539.99,0.02330500,0
1506723525,22554354,3539.98,0.06000000,0
1506723463,22554327,3539.98,0.01057315,0
1506723438,22554313,3539.98,0.06236067,0
1506723383,22554303,3539.98,0.00131640,0
1506723383,22554302,3539.98,0.00150000,0
1506723371,22554299,3529.00,0.00001385,0
1506723365,22554298,3529.26,0.01059800,1
1506723309,22554279,3529.00,0.00226683,1
1506723277,22554268,3539.98,0.00304958,1
1506723267,22554262,3539.98,0.01775151,0
1506723238,22554249,3539.99,0.01061185,0
1506723230,22554247,3531.00,0.00150000,1
1506723189,22554228,3539.99,0.06290131,0
1506723105,22554170,3539.99,0.28144747,0
1506723104,22554169,3539.99,0.05213277,1
1506723104,22554167,3539.98,0.07000000,0
1506723104,22554166,3539.98,0.06510020,0
1506723102,22554162,3539.97,0.01033548,0
1506723079,22554108,3526.54,0.00150000,1
1506723064,22554102,3539.98,0.02395674,0
1506723026,22554090,3539.97,0.58318527,1
1506723026,22554089,3539.97,0.01119547,0
1506723020,22554086,3539.99,0.03603050,0
1506723020,22554085,3539.98,0.00020982,0
1506723020,22554084,3539.98,0.03244058,0
1506723019,22554083,3539.98,0.04734960,0
1506723015,22554077,3539.97,0.28301614,0
1506723015,22554076,3539.96,0.05698386,0
1506723015,22554074,3539.96,0.05000000,0
1506723014,22554072,3539.96,0.05698087,0
1506723009,22554070,3539.90,0.01192568,0
1506723008,22554068,3539.90,0.01046526,0
1506723007,22554067,3534.99,0.00025931,0
1506723002,22554063,3534.99,0.08880975,0
1506722986,22554044,3534.99,0.00813865,0
1506722984,22554042,3534.99,0.00146535,0
1506722919,22553971,3534.99,0.06164991,0
1506722918,22553970,3534.99,0.11824065,0
1506722917,22553968,3534.99,0.01072524,0
1506722911,22553966,3534.99,0.01074029,0
1506722906,22553961,3534.99,0.00782114,0
1506722905,22553960,3534.99,0.01874192,0
1506722891,22553953,3534.99,2.50681486,0
1506722884,22553951,3534.99,0.26242790,0
1506722884,22553950,3534.99,0.01368230,0
1506722870,22553944,3520.55,0.00150000,0
1506722863,22553943,3534.98,0.01594009,0
1506722845,22553936,3526.37,0.02080974,1
1506722825,22553932,3534.99,0.05298870,0
1506722814,22553929,3534.99,0.28647965,0
1506722798,22553914,3534.99,0.00881672,0
1506722788,22553911,3534.99,0.02785893,0
1506722755,22553897,3523.50,0.01071462,1
1506722724,22553895,3534.99,0.02643256,0
1506722719,22553894,3534.98,0.13898213,0
1506722704,22553893,3534.98,0.10685184,0
1506722684,22553889,3534.97,0.00791496,0
1506722684,22553888,3534.97,0.03983303,0
1506722625,22553855,3534.21,0.06884293,0
1506722615,22553852,3534.21,0.03065000,0
1506722597,22553850,3534.26,0.00148546,0
1506722591,22553845,3516.41,0.00200000,1
1506722585,22553844,3514.55,0.27628494,1
1506722585,22553843,3514.60,2.00000000,1
1506722585,22553842,3514.61,0.65000000,1
1506722584,22553841,3516.00,0.70903639,1
1506722584,22553840,3516.01,0.28000000,1
1506722584,22553839,3519.57,0.01682888,1
1506722584,22553838,3520.00,0.18438595,1
1506722584,22553837,3520.40,0.04496546,1
1506722584,22553836,3522.15,0.20435335,1
1506722584,22553835,3527.00,0.00001456,1
1506722559,22553828,3534.28,0.00992426,0
1506722546,22553820,3527.00,0.00497544,1
1506722546,22553819,3527.00,0.00748000,1
1506722546,22553817,3527.00,0.01244000,1
1506722546,22553816,3527.33,0.01148400,1
1506722540,22553810,3534.29,0.14214353,0
1506722540,22553809,3534.28,0.08000000,0
1506722501,22553802,3534.28,0.02395681,0
1506722496,22553799,3534.28,0.05294449,0
1506722494,22553797,3534.29,0.02526282,0
1506722462,22553782,3534.98,0.00282887,0
1506722420,22553772,3534.98,0.03065054,0
1506722407,22553764,3534.98,0.01277655,0
1506722404,22553761,3534.98,0.03851556,0
1506722396,22553754,3527.30,0.07992960,1
1506722372,22553742,3534.98,0.00718349,0
1506722363,22553738,3534.98,0.00818904,0
1506722339,22553732,3527.26,0.01000000,1
1506722325,22553729,3534.98,0.03696117,0
1506722310,22553727,3527.26,0.00226777,1
1506722285,22553722,3534.99,0.02091222,0
1506722247,22553716,3534.99,0.13889146,0
1506722245,22553713,3534.99,0.01394292,0
1506722243,22553712,3534.99,0.16678278,0
1506722212,22553704,3534.99,0.03271331,0
1506722179,22553699,3534.99,0.02141910,0
1506722043,22553680,3526.33,0.03954286,1
1506722043,22553679,3529.90,0.01333400,1
1506722024,22553678,3534.99,0.01368230,0
1506721965,22553662,3534.99,0.00813272,0
1506721963,22553661,3534.99,0.02662998,0
1506721925,22553654,3534.99,0.03473873,0
1506721916,22553652,3534.99,0.08139291,0
1506721898,22553642,3534.99,0.01076787,0
1506721897,22553641,3534.99,0.10777363,0
1506721892,22553639,3534.99,0.03607133,0
1506721884,22553636,3534.99,0.07035566,0
1506721880,22553634,3534.99,0.09137127,0
1506721844,22553622,3534.98,0.00925152,0
1506721813,22553619,3534.99,0.08345183,0
1506721812,22553618,3534.99,0.01425000,0
1506721809,22553617,3534.99,0.02698621,0
1506721788,22553616,3534.99,1.28843832,0
1506721788,22553615,3534.98,0.10000000,0
1506721704,22553574,3534.99,0.01276814,0
1506721683,22553564,3534.99,0.02662991,0
1506721678,22553563,3534.99,1.10178047,0
1506721604,22553551,3534.99,0.13616743,0
1506721598,22553547,3534.99,0.04696380,0
1506721526,22553538,3534.99,0.01072041,0
1506721521,22553537,3534.99,0.24710088,0
1506721520,22553535,3534.99,0.04567410,0
1506721520,22553534,3534.99,0.01071977,0
1506721506,22553522,3534.99,0.02665560,0
1506721478,22553517,3534.99,0.05030000,0
1506721424,22553506,3534.99,0.21764240,0
1506721403,22553502,3534.99,0.01624526,0
1506721344,22553491,3534.99,0.02735330,0
1506721324,22553479,3534.99,0.00791494,0
1506721309,22553470,3529.90,0.00226600,1
1506721296,22553447,3534.99,0.27814632,0
1506721261,22553430,3534.99,0.01380946,0
1506721189,22553417,3534.99,0.86434806,0
1506721179,22553416,3534.99,0.27731488,0
1506721119,22553401,3534.99,0.14108668,0
1506720973,22553372,3534.99,0.50000000,0
1506720945,22553360,3534.99,0.00788132,0
1506720938,22553355,3534.99,0.13197849,0
1506720938,22553354,3529.99,0.00000536,0
1506720931,22553346,3529.99,0.13229760,0
1506720893,22553336,3529.99,0.05139460,0
1506720892,22553335,3529.99,0.01075550,0
1506720885,22553333,3529.99,0.03490638,0
1506720872,22553326,3529.99,0.03475000,0
1506720806,22553312,3529.99,0.01403400,0
1506720803,22553310,3529.99,0.23739200,0
1506720800,22553307,3529.99,0.04111100,0
1506720706,22553294,3529.99,0.47313616,0
1506720701,22553293,3529.99,0.00792615,0
1506720700,22553291,3529.99,0.51905315,0
1506720663,22553277,3529.99,0.01935000,0
1506720644,22553271,3529.99,0.01114075,0
1506720605,22553264,3529.99,0.05449545,0
1506720584,22553261,3529.99,0.00792615,0
1506720499,22553230,3529.99,0.00141077,0
1506720483,22553225,3529.99,0.07107216,0
1506720478,22553224,3529.99,0.23575924,0
1506720466,22553222,3529.99,0.10764980,0
1506720466,22553221,3529.99,0.01075550,0
1506720460,22553217,3529.99,0.10764980,0
1506720460,22553216,3529.99,0.11840813,0
1506720459,22553214,3529.99,0.01075550,0
1506720444,22553207,3529.99,0.01060310,0
1506720382,22553197,3529.99,0.00184986,0
1506720363,22553190,3529.99,0.01339617,0
1506720333,22553186,3529.99,0.02802323,0
1506720308,22553145,3524.37,0.00226954,1
1506720281,22553141,3529.99,0.00872100,0
1506720241,22553133,3529.99,0.05103270,0
1506720181,22553117,3529.99,0.01328005,0
1506720165,22553111,3529.99,0.01365358,0
1506720164,22553109,3524.37,0.02947928,1
1506720109,22553098,3524.37,0.16300000,1
1506720106,22553096,3529.96,0.12685707,0
1506720097,22553091,3524.50,0.02080119,1
1506720083,22553089,3529.99,0.00792622,0
1506720069,22553081,3529.96,0.00238916,0
1506720046,22553075,3529.96,0.00800828,0
1506720003,22553069,3529.96,0.06499224,0
1506719924,22553056,3529.96,0.10162874,0
1506719884,22553045,3529.96,0.02599746,0
1506719864,22553040,3529.96,0.02634220,0
1506719847,22553034,3529.99,0.02143800,0
1506719847,22553033,3529.96,0.00150000,0
1506719840,22553027,3529.93,0.19544428,0
1506719825,22553024,3529.96,0.07050904,0
1506719783,22553019,3529.96,0.00825000,0
1506719746,22553007,3529.96,0.00783000,0
1506719679,22553000,3529.92,0.01195800,1
1506719678,22552999,3529.92,0.20000000,1
1506719643,22552994,3529.92,0.01370463,0
1506719565,22552960,3529.99,0.02666763,0
1506719545,22552957,3529.96,0.02647214,0
1506719506,22552946,3529.96,0.05426624,0
1506719456,22552934,3529.96,0.00141078,0
1506719406,22552931,3520.62,0.17500000,1
1506719404,22552930,3529.96,0.02666763,0
1506719373,22552923,3529.99,0.01000718,0
1506719364,22552919,3529.96,0.07670232,0
1506719337,22552911,3529.96,0.01068000,0
1506719305,22552904,3521.33,0.00227175,1
1506719256,22552891,3529.96,0.28360686,0
1506719243,22552885,3521.30,1.80439007,0
1506719243,22552883,3523.61,0.23424961,1
1506719241,22552882,3523.64,0.96136032,1
1506719169,22552860,3529.99,0.08231816,0
1506719143,22552854,3529.99,0.40683617,0
1506719137,22552850,3529.99,0.15566355,0
1506719100,22552827,3529.99,0.64796505,0
1506719057,22552784,3529.99,0.10734400,0
1506719053,22552783,3529.99,0.04182140,0
1506719051,22552782,3529.99,0.01072466,0
1506719051,22552781,3529.99,0.06009649,0
1506719051,22552780,3529.99,0.11806866,0
1506719024,22552763,3522.13,0.01057941,1
1506719014,22552760,3529.99,4.80386630,0
1506718965,22552735,3529.99,0.01667574,0
1506718964,22552734,3529.99,0.00944878,0
1506718942,22552715,3529.99,0.03213495,0
1506718925,22552701,3529.90,0.09154248,1
1506718922,22552700,3529.90,0.00845752,1
1506718914,22552699,3530.00,0.37770040,1
1506718914,22552698,3530.01,0.40000000,1
1506718914,22552697,3530.02,0.11223592,1
1506718914,22552696,3530.34,0.07053145,1
1506718913,22552695,3531.00,0.02683445,1
1506718864,22552657,3538.80,0.02593252,0
1506718843,22552653,3537.99,0.02797722,0
1506718814,22552635,3536.90,0.00678426,0
1506718810,22552631,3537.09,0.00395749,0
1506718744,22552626,3537.59,0.04130326,0
1506718724,22552621,3538.00,0.02392297,0
1506718707,22552619,3532.92,0.00808070,0
1506718663,22552609,3537.69,0.02714743,0
1506718615,22552589,3537.50,0.34665077,0
1506718609,22552586,3537.68,0.00845752,0
1506718561,22552569,3537.90,0.03955000,0
1506718561,22552568,3536.74,0.03000000,0
1506718504,22552559,3537.69,0.01190787,0
1506718503,22552558,3531.00,0.04498962,1
1506718501,22552557,3534.00,0.00149038,1
1506718483,22552550,3537.88,0.02659237,0
1506718451,22552539,3537.99,0.26775218,1
1506718383,22552497,3539.99,0.03460046,0
1506718379,22552493,3539.99,0.02125000,0
1506718377,22552492,3539.98,0.04000000,0
1506718343,22552488,3539.98,0.02689007,0
1506718333,22552486,3539.99,0.00278329,0
1506718331,22552485,3539.98,0.04000000,0
1506718293,22552480,3539.99,0.24431825,0
1506718293,22552479,3539.98,0.04000000,0
1506718265,22552476,3539.98,0.01312673,0
1506718224,22552471,3539.98,0.01057610,0
1506718204,22552458,3539.98,0.02379069,1
1506718203,22552454,3539.98,0.01324253,0
1506718183,22552453,3531.00,0.00226536,1
1506718168,22552450,3539.98,0.03781184,0
1506718167,22552431,3538.00,0.00150000,0
1506718124,22552430,3531.00,0.01191057,1
1506718086,22552426,3539.97,0.10594406,0
1506718076,22552425,3531.21,0.11224750,1
1506718065,22552417,3539.99,0.00780782,0
1506718044,22552404,3531.00,0.02400000,1
1506718044,22552403,3539.99,0.02659237,0
1506718027,22552401,3539.99,0.02964697,0
1506718025,22552400,3539.00,0.10000000,0
1506717928,22552331,3539.99,0.02726849,0
1506717883,22552314,3539.99,0.03326576,0
1506717846,22552309,3539.99,0.02747268,0
1506717824,22552303,3539.99,0.01640291,0
1506717821,22552302,3531.54,0.01138400,1
1506717796,22552296,3539.99,0.03209899,0
1506717769,22552290,3539.98,0.01414248,0
1506717768,22552289,3539.99,0.05563954,0
1506717763,22552288,3531.03,0.02578319,1
1506717714,22552283,3539.99,0.02794477,0
1506717664,22552273,3539.99,0.02405000,0
1506717650,22552264,3539.99,0.07251433,0
1506717614,22552261,3539.99,0.01408761,0
1506717603,22552256,3539.99,0.02592380,0
1506717384,22552186,3539.99,0.01074761,0
1506717364,22552181,3539.98,0.01378995,0
1506717337,22552171,3534.16,0.03689804,0
1506717337,22552170,3534.16,0.44950093,0
1506717305,22552147,3530.02,0.00935042,1
1506717263,22552122,3534.16,0.42000000,0
1506717258,22552119,3534.16,0.05643000,0
1506717253,22552111,3534.16,0.07087207,0
1506717244,22552104,3534.16,0.01745000,0
1506717238,22552097,3534.16,0.12403286,1
1506717220,22552082,3534.16,0.03000000,1
1506717203,22552078,3539.99,0.02545244,0
1506717182,22552074,3534.16,0.00226334,1
1506717174,22552073,3539.98,0.00281640,0
1506717163,22552068,3539.98,0.00982261,0
1506717134,22552055,3539.99,0.84534137,0
1506717127,22552052,3539.99,0.24059162,0
1506717087,22552036,3539.99,0.70008955,0
1506717083,22552035,3539.99,0.02641039,0
1506717071,22552029,3539.99,0.00720142,0
1506717067,22552026,3539.99,0.10246356,0
1506717045,22552018,3539.99,0.00790380,0
1506717044,22552017,3539.99,0.00790380,0
1506717014,22551993,3539.99,0.09165465,0
1506717013,22551992,3539.99,0.28730926,0
1506717006,22551991,3539.99,0.91238974,0
1506716959,22551965,3539.99,0.22024687,0
1506716959,22551964,3539.97,0.02000000,0
1506716948,22551953,3534.16,0.15629620,0
1506716942,22551943,3535.00,0.01464555,1
1506716928,22551936,3539.97,0.61258790,0
1506716925,22551934,3539.97,0.02659249,0
1506716923,22551933,3535.00,0.01796445,1
1506716722,22551810,3539.97,0.02125364,0
1506716700,22551805,3539.96,0.01608785,0
1506716692,22551804,3531.30,0.00979902,1
1506716692,22551803,3532.04,0.13439217,1
1506716605,22551718,3539.97,0.13375296,0
1506716578,22551688,3539.97,0.05889032,0
1506716561,22551676,3539.97,0.01330187,0
1506716554,22551670,3539.97,0.05052082,0
1506716552,22551669,3539.97,0.10025000,0
1506716537,22551659,3536.00,0.92165297,0
1506716534,22551649,3536.00,0.06456840,0
1506716534,22551648,3535.99,0.43543160,0
1506716534,22551647,3532.04,0.16077170,1
1506716521,22551623,3536.00,0.01377863,0
1506716521,22551622,3535.99,0.01292826,0
1506716500,22551598,3532.04,2.77237769,0
1506716495,22551586,3532.04,0.18203587,0
1506716493,22551575,3532.04,0.04794713,0
1506716492,22551574,3530.65,0.03081391,0
1506716490,22551567,3530.02,0.12148896,0
1506716484,22551550,3530.02,1.11513009,0
1506716443,22551485,3530.02,0.00927984,0
1506716400,22551435,3530.02,0.20107311,0
1506716400,22551433,3529.99,10.00000000,0
1506716400,22551432,3529.90,2.39610000,0
1506716400,22551431,3529.89,0.10282689,0
1506716387,22551412,3529.89,0.01874137,0
1506716385,22551411,3529.89,0.02045058,0
1506716346,22551397,3529.79,0.00900620,0
1506716344,22551394,3528.00,0.01700000,0
1506716304,22551378,3524.00,0.06692499,0
1506716247,22551358,3523.90,0.00821559,0
1506716244,22551356,3524.10,0.01354796,0
1506716241,22551355,3524.09,0.04843588,0
1506716231,22551349,3524.20,0.06970452,0
1506716225,22551347,3524.08,0.26324034,0
1506716181,22551338,3524.50,0.00793759,0
1506716176,22551337,3513.04,0.00227708,1
1506716124,22551327,3524.59,0.13641789,0
1506716122,22551326,3515.51,0.69900000,1
1506716113,22551322,3524.80,0.07701354,0
1506716104,22551319,3524.00,0.11485936,0
1506716099,22551318,3524.10,0.01130600,0
1506716084,22551312,3524.49,0.02585552,0
1506715991,22551294,3528.39,0.00785398,0
1506715990,22551293,3528.40,0.00792637,0
1506715988,22551292,3529.96,0.04496546,0
1506715988,22551291,3529.88,0.04000000,0
1506715958,22551281,3515.60,0.20487482,0
1506715957,22551280,3515.67,0.22756333,1
1506715957,22551279,3518.00,0.01700000,1
1506715957,22551278,3519.00,0.01420860,1
1506715955,22551277,3519.01,0.41413040,1
1506715931,22551274,3525.10,0.00580510,0
1506715903,22551215,3529.68,0.00980283,0
1506715872,22551212,3529.39,0.00302755,0
1506715865,22551209,3529.59,0.02600019,0
1506715827,22551198,3529.60,0.02695676,0
1506715804,22551191,3529.30,0.02600232,0
1506715759,22551185,3529.79,0.57377594,1
1506715758,22551184,3529.50,0.00208418,0
1506715757,22551183,3529.50,0.89791582,1
1506715755,22551179,3529.50,0.10233418,0
1506715723,22551174,3528.90,0.02141967,1
1506715721,22551170,3528.88,0.05000000,0
1506715721,22551169,3528.87,0.17331204,0
1506715721,22551168,3528.86,0.30616220,0
1506715621,22551141,3529.79,1.09108621,0
1506715620,22551140,3529.78,0.04000000,0
1506715620,22551139,3529.69,0.03675551,0
1506715619,22551135,3529.69,0.36324449,0
1506715614,22551121,3529.70,0.25279900,0
1506715613,22551119,3529.79,0.03230909,0
1506715612,22551118,3529.76,0.22048991,0
1506715605,22551072,3529.80,0.00167087,0
1506715604,22551070,3529.37,0.02500000,0
1506715595,22551054,3529.37,0.02119642,0
1506715523,22551033,3515.22,0.17108158,1
1506715491,22551026,3529.26,0.01413040,0
1506715409,22551012,3529.71,0.01620331,0
1506715328,22550996,3516.04,0.05250000,1
1506715310,22550993,3529.90,0.26258817,0
1506715308,22550992,3529.48,0.02000000,0
1506715306,22550991,3525.07,0.04849265,0
1506715306,22550990,3515.84,0.15000000,0
1506715303,22550988,3515.83,0.23767898,1
1506715303,22550987,3524.30,0.13495346,1
1506715302,22550986,3524.30,0.07114790,0
1506715302,22550985,3524.30,0.67167579,0
1506715255,22550964,3524.30,0.59437619,0
1506715224,22550950,3523.10,0.01598559,0
1506715144,22550931,3520.55,0.13033474,0
1506715123,22550921,3520.55,0.00793894,0
1506715106,22550909,3524.20,0.02739159,0
1506715101,22550907,3520.01,0.00566930,1
1506715101,22550906,3520.04,0.79772758,1
1506715095,22550900,3524.30,0.02111355,0
1506715064,22550886,3524.30,0.02705178,0
1506715051,22550883,3520.04,0.00227242,1
1506714943,22550869,3524.30,0.00812034,0
1506714938,22550868,3524.30,0.06600000,0
1506714914,22550865,3524.30,0.02643839,0
1506714908,22550864,3524.30,0.07000000,0
1506714884,22550855,3524.30,0.01942363,0
1506714803,22550839,3520.02,0.00170000,1
1506714748,22550818,3524.30,0.01343754,0
1506714744,22550816,3524.30,0.00811184,0
1506714731,22550813,3524.30,0.04754071,0
1506714723,22550811,3520.02,0.02149358,1
1506714683,22550800,3524.30,0.06693259,0
1506714655,22550789,3524.30,0.48283017,0
1506714644,22550785,3524.30,0.06919438,0
1506714604,22550781,3524.30,0.01927729,0
1506714601,22550779,3524.30,0.01372940,0
1506714580,22550774,3524.30,0.05405185,0
1506714578,22550772,3524.29,0.01728241,0
1506714493,22550728,3524.30,1.50000000,0
1506714465,22550715,3524.30,0.08960783,0
1506714446,22550708,3523.60,0.03047958,0
1506714444,22550707,3523.60,0.02725745,0
1506714424,22550704,3523.60,0.02097017,0
1506714411,22550702,3523.60,0.04246225,0
1506714343,22550686,3523.59,0.02370820,0
1506714272,22550670,3523.60,0.07495300,0
1506714264,22550666,3523.60,0.00921468,0
1506714249,22550663,3520.02,0.02235000,1
1506714229,22550654,3520.02,0.02000000,1
1506714223,22550653,3523.60,0.01314045,0
1506714206,22550652,3523.60,0.02652242,0
1506714164,22550650,3520.01,0.00071114,1
1506714164,22550649,3520.01,0.02928886,1
1506714105,22550636,3523.60,0.01357237,0
1506714104,22550635,3523.69,0.00828093,0
1506714065,22550626,3524.00,0.60691827,0
1506714064,22550625,3523.99,0.05827301,0
1506714044,22550622,3515.31,0.00227574,1
1506714001,22550615,3523.10,0.02026681,1
1506713996,22550611,3522.30,0.06635700,0
1506713942,22550585,3522.30,0.93364300,1
1506713922,22550581,3524.00,0.01012485,0
1506713920,22550580,3523.97,0.83906171,0
1506713908,22550577,3524.10,0.02565580,0
1506713897,22550572,3523.57,0.01503589,0
1506713838,22550551,3522.30,0.49700000,1
1506713796,22550504,3513.25,0.00000530,0
1506713790,22550502,3513.25,0.13760900,0
1506713784,22550497,3522.96,0.01330379,0
1506713764,22550495,3523.49,0.01848015,0
1506713747,22550492,3513.25,0.76548524,0
1506713747,22550491,3513.41,0.23351476,1
1506713745,22550490,3523.79,0.02725557,0
1506713744,22550489,3524.30,0.94025000,0
1506713743,22550488,3523.98,0.06000000,0
1506713725,22550484,3523.60,0.01545805,1
1506713708,22550472,3523.84,0.11335700,1
1506713708,22550471,3523.90,0.21806500,1
1506713704,22550459,3523.77,0.02475000,0
1506713654,22550420,3514.54,0.08648437,1
1506713653,22550416,3524.19,0.02807044,0
1506713645,22550412,3524.20,0.08616707,0
1506713644,22550411,3524.20,0.03136336,0
1506713643,22550408,3524.19,0.01402876,0
1506713625,22550403,3524.20,0.02695766,0
1506713625,22550402,3523.70,0.11788840,0
1506713586,22550393,3523.70,0.11644850,0
1506713585,22550392,3523.67,0.01403934,0
1506713567,22550389,3523.70,0.00566310,0
1506713545,22550384,3523.90,0.02693571,0
1506713443,22550359,3513.00,0.12084007,1
1506713421,22550331,3523.90,0.01944358,0
1506713421,22550330,3523.68,0.07000000,0
1506713421,22550329,3523.67,0.01161438,0
1506713404,22550317,3523.79,0.42527848,0
1506713221,22550244,3513.80,0.01474930,1
1506713186,22550224,3524.30,0.05523081,0
1506713144,22550212,3524.30,0.00793922,0
1506713123,22550207,3524.30,0.05352638,0
1506713074,22550170,3524.20,1.51239500,0
1506713047,22550164,3524.30,0.56607270,0
1506713045,22550163,3524.30,4.10841301,0
1506713044,22550162,3524.29,0.13713763,0
1506713038,22550161,3515.80,0.00226981,1
1506713027,22550158,3515.70,0.27933720,1
1506713025,22550157,3524.08,0.00566280,1
1506712984,22550151,3524.29,0.18322465,0
1506712984,22550150,3524.29,0.08000000,0
1506712923,22550134,3524.08,0.10715754,0
1506712863,22550128,3524.29,0.01303510,0
1506712835,22550126,3514.31,0.44067870,0
1506712833,22550125,3520.00,0.00922130,1
1506712799,22550119,3520.00,0.02622208,1
1506712797,22550117,3524.00,0.00627792,1
1506712771,22550104,3524.20,0.10039504,0
1506712752,22550100,3524.30,0.02122691,0
1506712705,22550082,3524.20,0.01042477,0
1506712687,22550080,3524.20,0.00150000,0
1506712648,22550075,3524.00,0.04000000,1
1506712624,22550065,3524.30,0.03264914,0
1506712604,22550055,3524.29,0.07978928,0
1506712604,22550053,3524.00,0.50000000,1
1506712592,22550048,3524.30,0.08352722,0
1506712581,22550030,3524.30,0.00825865,0
1506712561,22550018,3524.00,0.00222849,1
1506712561,22550017,3524.00,0.00224392,1
1506712561,22550016,3524.00,0.00224392,1
1506712525,22550001,3524.30,0.24044269,0
1506712525,22550000,3524.29,0.10000000,0
1506712504,22549998,3524.30,0.01355000,0
1506712462,22549995,3531.90,0.01775000,0
1506712454,22549994,3531.80,0.07580820,0
1506712453,22549993,3531.79,0.01465240,0
1506712451,22549992,3531.79,0.07773662,0
1506712355,22549924,3532.04,0.28241470,0
1506712339,22549921,3523.40,0.01036531,1
1506712321,22549912,3532.04,0.02535000,0
1506712310,22549911,3532.04,0.13951065,0
1506712309,22549910,3532.04,0.03367265,0
1506712273,22549890,3532.04,0.02718100,0
1506712223,22549866,3531.78,0.04770183,0
1506712183,22549841,3521.23,0.02687799,1
1506712168,22549837,3531.80,0.04873057,0
1506712167,22549836,3531.80,0.37445714,0
1506712167,22549835,3531.79,0.14000000,0
1506712167,22549834,3531.53,0.02768772,0
1506712167,22549833,3531.52,0.03822748,0
1506712167,22549832,3527.60,0.24643070,0
1506712162,22549831,3527.60,0.00828636,0
1506712145,22549822,3520.00,0.03540000,0
1506712144,22549819,3519.99,6.85583935,0
1506712143,22549817,3519.99,1.00101892,0
1506712140,22549810,3519.99,1.00102131,0
1506712136,22549806,3519.99,0.28451687,0
1506712131,22549796,3519.99,0.61201428,0
1506712128,22549788,3519.99,1.00072019,0
1506712124,22549782,3519.99,0.02674567,0
1506712104,22549755,3519.99,0.99039339,0
1506712094,22549749,3519.99,1.00039241,0
1506712084,22549736,3519.99,0.01672880,0
1506712084,22549735,3519.99,0.13035548,0
1506712029,22549722,3510.91,0.00227721,1
1506712029,22549721,3519.99,0.14169074,0
1506712024,22549715,3519.99,0.02607109,0
1506712014,22549693,3519.99,0.63281447,0
1506712005,22549683,3519.99,0.56250176,0
1506712003,22549682,3519.99,0.02762893,0
1506712001,22549680,3512.10,0.07080000,1
1506711995,22549669,3519.99,0.10080032,0
1506711986,22549666,3519.99,0.01063328,0
1506711984,22549665,3519.99,0.01360474,0
1506711983,22549664,3519.99,0.08460377,0
1506711983,22549663,3519.97,0.47789799,0
1506711971,22549659,3519.97,0.04339580,0
1506711851,22549608,3519.98,0.06988111,0
1506711805,22549599,3519.99,0.01331815,0
1506711803,22549598,3519.99,0.01117316,0
1506711738,22549591,3519.97,0.11371032,0
1506711723,22549583,3510.20,0.00200000,1
1506711719,22549581,3510.70,0.13965059,1
1506711717,22549578,3519.97,0.14169155,0
1506711712,22549569,3519.99,0.59829431,0
1506711711,22549568,3519.98,0.16000000,0
1506711684,22549562,3519.97,0.00936600,0
1506711684,22549561,3519.69,0.10866060,0
1506711615,22549547,3519.87,0.04250725,0
1506711604,22549539,3519.54,0.01009797,0
1506711544,22549515,3519.97,0.00794961,0
1506711537,22549512,3519.69,0.50518370,0
1506711524,22549510,3519.87,0.02782191,0
1506711499,22549499,3519.76,0.24658215,0
1506711461,22549483,3519.97,0.01063431,0
1506711459,22549482,3519.69,0.02810276,0
1506711369,22549441,3510.20,0.03665645,1
1506711362,22549429,3519.79,0.02063390,0
1506711315,22549425,3519.93,0.01417610,1
1506711282,22549416,3519.60,0.01871709,0
1506711275,22549415,3519.69,0.01026771,1
1506711270,22549413,3519.69,0.12500000,1
1506711262,22549411,3519.61,0.00818990,0
1506711225,22549401,3519.78,0.01734754,0
1506711224,22549400,3519.81,0.06967659,0
1506711183,22549383,3519.74,0.02925000,0
1506711168,22549381,3510.20,0.05832211,1
1506711166,22549378,3510.27,1.00000000,0
1506711166,22549377,3510.27,0.94167789,1
1506711123,22549375,3519.98,0.02378938,0
1506711066,22549365,3519.98,0.07082592,0
1506711024,22549356,3519.98,0.16154493,0
1506711013,22549355,3519.99,4.30172063,0
1506711013,22549354,3519.98,0.20000000,0
1506711013,22549353,3519.97,0.33182744,0
1506711013,22549352,3519.94,0.26402281,0
1506710983,22549337,3519.90,0.01360450,0
1506710965,22549313,3519.74,0.07946208,0
1506710964,22549311,3519.77,0.01025000,0
1506710914,22549305,3519.76,0.04078594,0
1506710900,22549299,3513.41,0.00227270,1
1506710886,22549290,3519.99,0.06517632,0
1506710883,22549289,3519.99,0.13913518,0
1506710883,22549288,3519.60,0.00030277,0
1506710868,22549283,3519.57,0.00567000,0
1506710853,22549280,3519.57,0.06050000,0
1506710804,22549270,3519.57,0.02753047,0
1506710763,22549256,3519.60,0.01935926,0
1506710761,22549254,3519.32,0.41041813,0
1506710713,22549239,3519.57,0.01025000,1
1506710681,22549236,3519.60,0.03061243,0
1506710672,22549231,3519.49,0.01525000,0
1506710625,22549218,3519.60,0.05323013,0
1506710624,22549217,3519.26,0.07250607,0
1506710555,22549204,3519.93,0.01192263,0
1506710553,22549203,3510.01,0.35359010,1
1506710553,22549202,3511.08,0.21095671,1
1506710553,22549201,3511.11,0.30895787,1
1506710553,22549200,3515.00,0.05000000,1
1506710470,22549191,3519.95,0.05000000,0
1506710424,22549183,3519.99,0.35108648,0
1506710424,22549182,3519.98,0.22000000,0
1506710423,22549181,3519.95,0.08393574,0
1506710399,22549178,3519.92,0.02804132,0
1506710268,22549123,3527.60,0.00565710,0
1506710264,22549122,3527.63,0.00820873,0
1506710245,22549119,3527.72,0.01650248,0
1506710204,22549114,3527.36,0.04167138,0
1506710194,22549113,3527.46,0.01615000,0
1506710164,22549106,3527.80,0.02649544,0
1506710162,22549105,3527.77,0.05559410,0
1506710162,22549104,3515.10,0.04630930,1
1506710161,22549103,3517.00,0.10000000,1
1506710161,22549102,3517.25,0.03000000,1
1506710159,22549101,3517.34,0.12369070,1
1506710145,22549100,3527.67,0.02755575,0
1506710144,22549099,3517.34,0.01334291,1
1506710144,22549098,3517.37,0.26214791,1
1506710124,22549096,3527.57,0.04008599,0
1506710100,22549082,3527.77,0.05655131,1
1506710075,22549079,3527.74,0.05630000,0
1506710025,22549067,3526.94,0.02792251,0
1506709964,22549054,3527.29,0.01328366,0
1506709952,22549050,3527.40,0.13915155,0
1506709931,22549048,3527.27,0.01414016,0
1506709885,22549027,3527.30,1.34909553,1
1506709873,22549022,3528.43,0.04052301,0
1506709848,22549016,3517.01,0.12223057,1
1506709824,22549003,3528.49,0.02742342,0
1506709783,22548986,3529.26,0.02616822,0
1506709769,22548983,3517.21,0.00227438,1
1506709745,22548971,3528.67,0.02662493,0
1506709744,22548970,3517.01,0.03000000,1
1506709724,22548966,3529.36,0.75025000,0
1506709724,22548965,3529.36,0.25000000,0
1506709720,22548964,3518.04,0.02748574,1
1506709719,22548963,3518.07,0.20681012,1
1506709713,22548958,3529.37,0.04184315,1
1506709712,22548957,3529.37,0.03025000,0
1506709711,22548956,3529.40,0.00928780,0
1506709711,22548955,3529.40,0.01411184,0
1506709710,22548953,3529.59,0.01411184,0
1506709681,22548935,3529.59,0.00978892,0
1506709668,22548926,3529.85,0.03581845,0
1506709667,22548925,3529.67,0.00564700,0
1506709585,22548879,3533.94,0.01416943,0
1506709544,22548830,3534.40,0.01083302,0
1506709483,22548807,3517.50,0.03767511,1
1506709444,22548795,3535.63,0.01460289,0
1506709441,22548793,3535.64,0.00673041,0
1506709441,22548792,3535.64,0.27000000,0
1506709419,22548784,3535.66,0.00302648,0
1506709397,22548774,3535.93,0.00665782,1
1506709396,22548773,3535.93,0.65939326,0
1506709384,22548770,3536.03,0.02595261,0
1506709367,22548764,3536.40,0.27038850,0
1506709324,22548751,3531.01,0.02665479,0
1506709322,22548750,3516.39,0.19900000,1
1506709305,22548748,3531.40,0.01369578,0
1506709304,22548747,3531.49,0.27641721,0
1506709283,22548745,3532.17,0.03467068,0
1506709246,22548729,3533.36,0.06412326,0
1506709228,22548725,3533.89,0.02260510,0
1506709227,22548723,3533.87,0.27661131,0
1506709204,22548718,3530.06,0.00291533,0
1506709203,22548715,3530.07,0.00299725,0
1506709177,22548704,3531.06,0.02635000,0
1506709163,22548693,3531.50,0.02661367,0
1506709143,22548688,3515.28,0.03703898,1
1506709115,22548675,3532.89,0.24006959,0
1506709103,22548654,3507.17,0.73675466,1
1506709103,22548653,3507.17,2.00000000,0
1506709102,22548651,3510.00,1.64864342,1
1506709102,22548650,3510.00,1.00000000,0
1506709102,22548649,3510.00,0.00304900,0
1506709102,22548648,3510.42,0.05000000,1
1506709101,22548646,3515.50,0.08900000,1
1506709101,22548645,3522.33,0.00304900,1
1506709101,22548644,3522.33,2.39430000,0
1506709100,22548643,3522.61,0.27000000,1
1506709100,22548642,3522.91,0.59487670,0
1506709100,22548641,3524.29,0.12700430,0
1506709098,22548640,3533.00,1.00757736,1
1506709066,22548635,3536.00,0.00564370,0
1506708987,22548609,3536.02,0.08340361,0
1506708986,22548607,3536.02,0.02748648,0
1506708984,22548604,3536.02,0.00791113,0
1506708948,22548588,3536.02,0.04688427,0
1506708928,22548585,3536.09,5.98384444,0
1506708928,22548584,3534.47,0.27000000,0
1506708928,22548583,3534.44,0.17388921,0
1506708926,22548582,3533.00,0.10583646,1
1506708897,22548572,3533.00,0.37155106,1
1506708884,22548569,3536.57,0.23748693,0
1506708864,22548501,3536.59,0.22214837,0
1506708845,22548494,3533.00,0.13566226,1
1506708844,22548493,3533.00,0.28850929,1
1506708843,22548492,3533.00,0.05500000,1
1506708834,22548486,3533.00,0.70041953,1
1506708829,22548480,3533.00,0.70041953,1
1506708824,22548478,3536.72,0.10986329,0
1506708820,22548477,3533.00,0.14922842,1
1506708816,22548472,3533.00,0.87115153,1
1506708811,22548469,3533.00,0.04777389,1
1506708810,22548467,3533.00,0.04115180,1
1506708808,22548463,3533.00,0.04087029,1
1506708804,22548459,3536.71,0.00792920,0
1506708770,22548454,3537.05,0.02232346,0
1506708766,22548453,3537.12,0.02736481,0
1506708741,22548450,3532.40,0.01331721,0
1506708741,22548449,3532.37,0.00164320,0
1506708735,22548447,3536.72,0.00667665,1
1506708734,22548446,3533.56,0.00560000,0
1506708734,22548445,3533.20,0.00189882,0
1506708733,22548444,3533.20,0.02810118,0
1506708659,22548428,3533.19,0.62690018,0
1506708658,22548427,3531.33,0.00527320,0
1506708658,22548426,3528.41,0.00732390,0
1506708644,22548417,3528.41,0.01475946,0
1506708640,22548412,3521.13,0.00340813,1
1506708616,22548388,3520.43,0.01000000,1
1506708605,22548377,3528.41,0.00144001,0
1506708604,22548375,3528.38,0.00147921,0
1506708584,22548364,3527.17,0.26410688,0
1506708584,22548363,3520.14,0.01483608,0
1506708546,22548349,3520.14,0.04821777,0
1506708544,22548348,3520.14,0.11152724,0
1506708504,22548339,3520.14,0.41317016,0
1506708483,22548331,3519.87,0.01633649,0
1506708341,22548266,3516.50,0.20000000,1
1506708322,22548257,3516.15,0.14525589,1
1506708319,22548251,3520.14,0.06985960,0
1506708317,22548246,3520.14,0.01417547,0
1506708316,22548245,3520.14,0.09661508,0
1506708316,22548244,3520.14,0.27347075,0
1506708305,22548224,3520.14,0.01404580,0
1506708223,22548199,3520.14,0.01305000,0
1506708204,22548194,3520.14,0.05510480,0
1506708189,22548178,3514.53,0.26977626,1
1506708155,22548168,3520.14,0.14507660,0
1506708145,22548157,3515.93,0.04443713,1
1506708143,22548156,3515.90,0.02987729,1
1506708123,22548141,3515.63,0.13081704,1
1506708103,22548127,3520.14,0.01305000,0
1506708065,22548119,3520.14,0.01403321,0
1506708025,22548098,3520.14,0.01248982,0
1506708024,22548097,3520.14,0.13942914,0
1506708001,22548090,3520.10,0.00284083,0
1506707963,22548079,3520.08,0.12564273,0
1506707905,22548046,3520.13,0.02903588,0
1506707904,22548045,3515.00,0.00039106,0
1506707875,22548040,3515.00,0.05735556,0
1506707875,22548039,3515.00,0.10160344,0
1506707863,22548034,3515.00,0.01652118,0
1506707853,22548030,3515.00,0.00723856,0
1506707844,22548022,3511.60,0.20000000,1
1506707821,22547998,3515.00,0.27989137,0
1506707804,22547989,3515.00,0.00796190,0
1506707785,22547977,3515.00,0.14538654,0
1506707781,22547969,3515.00,0.09096508,0
1506707780,22547968,3515.00,0.35043193,0
1506707764,22547953,3509.70,0.02928200,1
1506707750,22547944,3520.06,0.31171343,0
1506707704,22547914,3520.09,0.00930652,0
1506707661,22547897,3510.27,0.02076339,1
1506707632,22547876,3509.90,0.44932704,1
1506707629,22547874,3520.39,0.18427532,1
1506707629,22547873,3520.39,0.26000000,0
1506707629,22547872,3520.20,0.05572468,0
1506707626,22547871,3520.17,0.00609800,0
1506707620,22547865,3520.20,0.46759843,1
1506707599,22547859,3520.46,0.01475722,0
1506707579,22547849,3520.99,0.68149343,0
1506707579,22547848,3515.00,0.03388373,0
1506707579,22547847,3514.15,0.01105145,0
1506707568,22547842,3514.15,0.13894855,1
1506707565,22547841,3514.15,0.35962521,0
1506707565,22547840,3514.10,0.00142624,0
1506707552,22547834,3514.10,0.13834912,0
1506707541,22547829,3514.10,0.02678791,0
1506707485,22547767,3514.10,0.03369422,0
1506707471,22547747,3514.10,0.01419941,0
1506707451,22547740,3514.07,0.08515767,0
1506707423,22547732,3514.07,0.10746613,0
1506707390,22547701,3514.11,0.02939501,0
1506707362,22547690,3504.09,0.00873963,1
1506707319,22547667,3505.84,0.08560000,0
1506707296,22547652,3514.04,0.00898400,1
1506707295,22547651,3514.03,0.01927410,0
1506707283,22547650,3514.15,0.00795728,0
1506707282,22547649,3514.15,0.03241751,0
1506707280,22547645,3514.14,0.03854821,0
1506707269,22547641,3514.00,0.15551517,0
1506707223,22547619,3514.26,0.13056803,1
1506707204,22547611,3514.52,0.00792821,0
1506707175,22547596,3514.80,0.00000395,0
1506707175,22547595,3514.77,0.02801322,1
1506707173,22547592,3514.77,0.00525000,0
1506707154,22547561,3515.03,0.00615792,0
1506707123,22547535,3516.08,0.06545571,0
1506707117,22547526,3516.17,0.26667301,0
1506707111,22547512,3505.04,0.01821933,0
1506707108,22547504,3505.04,0.23185184,0
1506707106,22547495,3505.04,0.00845259,0
1506707104,22547489,3505.04,0.00926946,0
1506707099,22547478,3500.30,0.04094629,1
1506707099,22547477,3501.00,0.10000000,1
1506707099,22547476,3501.00,0.02000000,1
1506707099,22547475,3502.00,0.20000000,1
1506707099,22547474,3502.01,0.22000000,1
1506707099,22547473,3503.62,0.40000000,1
1506707099,22547472,3503.81,0.01345371,1
1506707098,22547470,3503.86,0.00560000,1
1506707095,22547466,3505.04,0.01219599,0
1506707091,22547464,3505.04,0.58597760,0
1506707090,22547463,3505.04,0.02439198,1
1506707089,22547461,3505.04,1.00000000,1
1506707089,22547460,3505.05,0.40000000,1
1506707089,22547459,3505.08,0.21708601,1
1506707089,22547458,3520.80,0.11836627,0
1506707087,22547457,3520.97,0.14615907,1
1506707087,22547456,3520.94,0.21708601,0
1506707078,22547446,3507.89,0.04878396,0
1506707074,22547441,3507.89,0.04454676,0
1506707074,22547439,3507.89,0.14712198,0
1506707074,22547438,3507.89,0.02352337,1
1506707073,22547437,3508.00,0.08030762,1
1506707073,22547436,3508.27,1.00000000,1
1506707065,22547429,3517.31,0.01398819,0
1506707065,22547428,3517.29,0.06993811,0
1506707059,22547424,3524.80,0.03309965,0
1506707059,22547423,3524.73,0.10590337,0
1506707059,22547422,3524.79,0.07642590,0
1506707051,22547410,3508.00,0.05052110,0
1506707051,22547406,3508.00,0.02850627,0
1506707051,22547405,3508.00,0.24000000,0
1506707049,22547402,3508.00,0.50000000,0
1506707049,22547401,3508.00,0.26615512,0
1506707048,22547400,3508.00,0.02354884,0
1506707048,22547399,3508.00,0.50500000,1
1506707048,22547398,3508.00,0.96191845,1
1506707048,22547397,3508.04,0.27000000,1
1506707048,22547396,3508.07,0.50000000,1
1506707048,22547395,3512.12,0.20000000,1
1506707047,22547394,3516.00,0.08396911,1
1506707047,22547393,3516.69,0.05958663,1
1506707047,22547392,3516.72,0.02354884,1
1506707030,22547379,3516.84,0.13834659,1
1506707015,22547373,3524.25,0.03644648,0
1506706984,22547362,3530.58,0.40201866,0
1506706965,22547358,3523.79,0.02230966,0
1506706944,22547344,3523.52,0.07123494,0
1506706924,22547332,3516.00,0.01603089,1
1506706924,22547331,3516.34,0.01315219,1
1506706894,22547330,3516.34,0.00227481,1
1506706845,22547317,3525.75,0.01329700,0
1506706844,22547316,3525.75,0.00811760,0
1506706830,22547307,3516.40,1.85095631,1
1506706830,22547306,3516.41,0.93457864,1
1506706813,22547291,3527.00,0.02789220,0
1506706804,22547289,3527.03,0.11325257,0
1506706786,22547240,3515.56,0.02357230,1
1506706785,22547239,3520.98,0.01000000,1
1506706769,22547212,3527.85,0.02975948,0
1506706759,22547211,3520.21,0.00001884,1
1506706757,22547209,3520.21,0.04707885,1
1506706701,22547179,3520.53,0.02642679,1
1506706701,22547177,3530.19,0.00484505,1
1506706698,22547176,3530.07,0.08362495,0
1506706678,22547170,3519.87,0.00945630,0
1506706676,22547164,3520.00,0.09419538,1
1506706665,22547145,3526.48,0.04287776,0
1506706663,22547144,3526.48,0.40101087,0
1506706656,22547136,3526.39,0.10790000,0
1506706656,22547135,3526.39,0.13810000,0
1506706656,22547134,3526.39,0.01190000,0
1506706652,22547130,3508.00,0.01543200,1
1506706650,22547128,3519.94,0.51586442,0
1506706646,22547116,3519.85,0.02641868,0
1506706645,22547114,3519.85,0.00200000,1
1506706644,22547111,3520.00,0.08948856,0
1506706642,22547108,3520.00,0.08647636,1
1506706641,22547107,3520.00,0.11290100,1
1506706641,22547106,3520.00,0.00200000,1
1506706610,22547066,3522.88,0.00211369,1
1506706610,22547065,3522.83,0.04347507,0
1506706585,22547026,3520.00,0.42885212,0
1506706563,22546995,3520.13,0.05721122,0
1506706544,22546980,3521.00,0.07822402,0
1506706523,22546930,3526.67,0.00790418,0
1506706487,22546867,3530.19,0.05958663,0
1506706487,22546865,3530.18,0.46083275,0
1506706486,22546864,3530.20,0.36682029,0
1506706483,22546855,3530.32,0.01925000,0
1506706480,22546850,3530.33,0.05642443,0
1506706478,22546844,3510.00,0.00599529,0
1506706475,22546837,3510.00,0.07223108,0
1506706475,22546835,3510.00,0.01728000,0
1506706475,22546834,3510.00,0.03191020,0
1506706474,22546830,3510.00,2.39930000,0
1506706472,22546814,3510.00,0.93312510,0
1506706472,22546810,3510.00,0.05788341,1
1506706471,22546808,3510.00,0.00420000,1
1506706471,22546807,3510.13,0.05103000,1
1506706471,22546806,3510.14,1.12766540,1
1506706471,22546805,3510.53,0.03834216,1
1506706471,22546804,3511.00,0.10000000,1
1506706471,22546803,3511.32,0.10792161,1
1506706471,22546802,3513.00,0.02000000,1
1506706471,22546801,3515.76,0.32000000,1
1506706470,22546800,3515.79,0.58385735,1
1506706454,22546780,3533.50,0.05686547,0
1506706449,22546776,3515.62,0.02546751,0
1506706437,22546767,3515.37,0.47300812,1
1506706437,22546766,3526.75,0.03106550,1
1506706434,22546763,3520.00,0.03773160,0
1506706432,22546759,3520.00,1.24646941,1
1506706431,22546758,3521.00,0.00280269,1
1506706431,22546757,3521.57,0.05665087,1
1506706431,22546756,3521.58,0.02343279,1
1506706431,22546755,3523.00,0.10000000,1
1506706431,22546753,3523.01,0.30751450,1
1506706424,22546740,3535.03,0.00839645,0
1506706418,22546691,3523.19,0.07365095,1
1506706406,22546676,3524.61,0.02930688,1
1506706398,22546653,3535.05,0.10595644,0
1506706396,22546652,3535.04,0.03237761,0
1506706391,22546644,3535.05,1.19398532,0
1506706391,22546643,3535.04,0.07131133,0
1506706384,22546637,3539.70,0.02729696,0
1506706364,22546604,3539.78,0.02930688,0
1506706361,22546602,3539.79,0.02652478,0
1506706352,22546593,3539.84,0.38116545,0
1506706344,22546585,3539.87,0.01925000,0
1506706311,22546525,3523.08,0.00227155,1
1506706311,22546524,3523.09,1.01715000,1
1506706311,22546522,3525.17,0.00227156,1
1506706311,22546521,3527.27,0.00227157,1
1506706311,22546520,3528.00,0.22000000,1
1506706311,22546519,3528.85,0.00387570,1
1506706298,22546506,3534.84,0.03948180,1
1506706295,22546497,3529.37,0.00227158,1
1506706294,22546496,3529.39,0.01141598,1
1506706294,22546495,3530.09,0.20000000,1
1506706294,22546493,3531.47,0.00227159,1
1506706290,22546482,3533.57,0.00226160,1
1506706289,22546481,3535.00,0.05000000,1
1506706289,22546480,3535.74,0.02333805,1
1506706257,22546413,3540.01,0.00372724,1
1506706256,22546411,3542.95,0.09396987,1
1506706255,22546406,3537.99,0.00603013,0
1506706254,22546405,3537.99,0.01855257,1
1506706254,22546404,3537.99,0.03584503,1
1506706254,22546403,3538.00,1.00000000,1
1506706253,22546402,3538.01,0.03584503,1
1506706253,22546401,3540.00,0.00372724,1
1506706253,22546400,3540.00,0.50000000,1
1506706242,22546370,3540.01,0.19045727,0
1506706237,22546357,3549.00,0.00745449,0
1506706233,22546346,3549.04,0.18978371,1
1506706231,22546343,3549.01,0.09128001,0
1506706218,22546331,3545.00,0.01490897,1
1506706218,22546330,3545.00,0.77372234,1
1506706218,22546329,3545.00,0.25000000,1
1506706217,22546328,3545.00,0.85655000,1
1506706153,22546300,3549.98,0.01405865,0
1506706129,22546281,3549.99,0.45350973,0
1506706129,22546280,3549.97,0.01429027,0
1506706111,22546274,3549.99,1.16582540,0
1506706109,22546272,3549.97,0.19661866,0
1506706109,22546271,3549.97,0.04248800,0
1506706094,22546261,3549.97,0.10025000,0
1506706071,22546212,3549.99,0.08436972,0
1506706064,22546205,3550.00,0.04656696,0
1506706064,22546204,3549.98,0.08643622,0
1506706056,22546203,3550.00,1.00081344,0
1506706056,22546202,3549.98,0.17884398,0
1506706027,22546193,3545.10,0.19558543,1
1506706004,22546187,3545.10,0.05782388,1
1506706004,22546186,3546.92,0.00000162,1
1506705951,22546173,3549.96,0.01350683,0
1506705944,22546169,3546.92,0.14042325,1
1506705927,22546156,3549.98,0.00245313,0
1506705927,22546155,3549.95,0.19685310,0
1506705904,22546138,3549.92,0.02385545,0
1506705852,22546126,3545.10,0.40000000,1
1506705805,22546105,3545.13,0.00165123,1
1506705800,22546080,3549.98,0.14504033,0
1506705799,22546078,3549.98,0.00798269,0
1506705799,22546077,3549.98,0.08343144,0
1506705798,22546073,3549.94,0.02100549,0
1506705797,22546069,3549.91,0.00715417,0
1506705786,22546045,3545.21,0.04640600,1
1506705784,22546042,3549.98,0.04197918,0
1506705783,22546039,3545.24,0.13417100,1
1506705781,22546032,3549.98,0.00842822,0
1506705757,22546013,3545.13,0.00902626,1
1506705743,22546005,3549.98,0.03184103,0
1506705736,22546002,3549.99,0.00300000,0
1506705724,22545996,3549.99,0.00788603,0
1506705664,22545986,3545.10,0.09926589,1
1506705664,22545985,3545.10,0.78802397,1
1506705662,22545983,3545.10,0.24489243,1
1506705662,22545982,3545.10,0.15602174,1
1506705656,22545976,3550.00,0.06681545,0
1506705655,22545973,3547.60,0.12000000,1
1506705598,22545948,3550.00,0.25764154,0
1506705597,22545947,3550.00,0.16573996,0
1506705586,22545944,3550.00,0.03248258,0
1506705584,22545943,3547.95,0.51103225,0
1506705583,22545942,3547.95,0.00822106,0
1506705565,22545932,3547.95,0.01362726,0
1506705564,22545931,3547.95,0.02651731,0
1506705464,22545907,3547.95,0.20180000,0
1506705464,22545906,3547.95,0.02651738,0
1506705448,22545901,3547.95,0.04100000,0
1506705443,22545898,3547.95,0.05313873,0
1506705442,22545897,3547.95,0.06350000,0
1506705426,22545889,3547.60,0.15000000,1
1506705424,22545888,3547.95,0.05464601,1
1506705423,22545887,3550.00,0.02454236,0
1506705420,22545884,3547.95,0.07462164,1
1506705419,22545883,3547.95,0.51666943,1
1506705406,22545857,3547.95,0.09357123,1
1506705406,22545854,3550.00,0.97323336,0
1506705406,22545853,3547.95,0.13645898,1
1506705405,22545847,3547.00,0.12403271,0
1506705405,22545845,3547.00,0.00950575,0
1506705404,22545843,3547.86,0.00031554,1
1506705364,22545789,3550.00,0.09599536,0
1506705325,22545776,3547.86,0.01390000,1
1506705321,22545770,3547.86,0.01390000,1
1506705317,22545768,3550.00,0.01010000,0
1506705313,22545766,3550.00,0.02030000,0
1506705307,22545762,3550.00,0.03690000,0
1506705305,22545760,3550.00,0.00781524,0
1506705303,22545758,3550.00,0.27999821,0
1506705303,22545756,3548.00,0.00624256,0
1506705302,22545755,3548.00,0.00765744,1
1506705298,22545752,3548.00,0.01390000,1
1506705295,22545747,3550.00,0.30110000,0
1506705294,22545746,3549.99,0.02000000,0
1506705287,22545742,3550.00,1.09940000,0
1506705283,22545737,3550.00,0.28730000,0
1506705281,22545733,3550.00,0.00824709,0
1506705279,22545729,3550.00,0.29290000,0
1506705272,22545723,3550.00,0.00460000,0
1506705268,22545718,3549.99,0.02000000,1
1506705264,22545714,3550.00,0.01229773,0
1506705264,22545713,3550.00,0.00066003,0
1506705264,22545712,3549.99,0.01350000,0
1506705261,22545711,3549.99,0.01110000,0
1506705254,22545708,3549.99,0.00540000,1
1506705252,22545705,3549.99,0.00470000,0
1506705249,22545697,3549.99,0.01520000,0
1506705243,22545690,3549.99,0.01010000,0
1506705236,22545680,3548.00,0.00170000,1
1506705203,22545664,3550.00,0.01000000,1
1506705203,22545663,3550.00,0.22000000,1
1506705203,22545662,3550.00,0.01000000,1
1506705203,22545661,3550.00,0.01000000,1
1506705203,22545660,3550.00,0.00933997,1
1506705203,22545659,3550.00,0.05000000,1
1506705163,22545637,3553.00,0.02284044,0
1506705163,22545636,3552.99,0.03000000,0
1506705163,22545635,3552.00,0.00272755,0
1506705158,22545634,3552.00,0.00197497,0
1506705154,22545632,3552.00,0.12529748,1
1506705121,22545619,3553.00,0.03968696,0
1506705086,22545610,3553.00,0.00847860,0
1506705084,22545609,3553.00,0.02122794,0
1506705064,22545600,3553.00,0.87000000,0
1506705064,22545599,3552.99,0.03000000,0
1506705039,22545580,3553.00,0.00394995,0
1506705039,22545579,3553.00,0.00374968,1
1506705032,22545574,3563.58,0.00245996,0
1506705026,22545568,3563.80,0.00855832,0
1506705024,22545558,3564.00,0.05512346,0
1506705003,22545546,3561.50,0.01791469,0
1506705003,22545544,3558.00,0.00374968,0
1506704975,22545536,3552.00,0.01403435,1
1506704934,22545527,3552.00,0.15083450,1
1506704934,22545526,3553.00,0.01317550,1
1506704925,22545524,3558.00,0.01317550,0
1506704923,22545523,3557.99,0.00786375,0
1506704918,22545522,3552.00,0.03511610,1
1506704918,22545520,3553.00,0.00789990,1
1506704909,22545519,3552.00,0.75501078,1
1506704909,22545518,3553.00,0.02621684,1
1506704909,22545517,3553.00,0.21877238,1
1506704901,22545513,3553.00,0.01403322,1
1506704885,22545511,3558.00,0.02621684,0
1506704884,22545510,3553.00,0.06719440,1
1506704884,22545509,3553.00,0.01579979,1
1506704884,22545508,3553.00,0.00503086,1
1506704864,22545496,3557.99,0.00812311,0
1506704862,22545494,3553.00,0.01403322,1
1506704801,22545469,3558.00,0.01906408,0
1506704794,22545466,3553.00,0.02641782,1
1506704784,22545461,3558.00,0.02641782,0
1506704763,22545458,3560.00,0.01301416,0
1506704745,22545456,3560.81,0.00786112,0
1506704744,22545454,3560.82,0.00560264,0
1506704742,22545453,3552.00,0.00896955,1
1506704728,22545449,3560.93,0.04760864,0
1506704723,22545448,3560.95,0.03975718,0
1506704715,22545421,3561.01,0.06917133,0
1506704714,22545419,3561.02,0.02781853,0
1506704706,22545413,3552.00,0.01000000,1
1506704705,22545411,3561.07,0.28100000,0
1506704686,22545406,3561.20,0.03972389,0
1506704678,22545405,3560.57,0.14007589,0
1506704670,22545400,3552.00,0.04753100,1
1506704640,22545391,3552.00,0.85320624,1
1506704640,22545390,3553.00,0.00471906,1
1506704640,22545389,3553.00,0.08390486,1
1506704586,22545370,3559.18,0.01318217,0
1506704584,22545369,3559.18,0.04410536,0
1506704544,22545347,3564.70,0.00787054,0
1506704515,22545334,3563.35,0.00139756,0
1506704491,22545332,3563.37,1.91754154,0
1506704491,22545331,3563.37,1.35982230,0
1506704491,22545330,3560.00,0.04223876,0
1506704490,22545329,3558.00,0.08862392,0
1506704490,22545328,3556.80,0.05740005,0
1506704488,22545326,3556.20,0.37048272,0
1506704424,22545308,3552.21,0.10115507,1
1506704421,22545306,3556.20,0.13728501,0
1506704403,22545298,3556.20,0.02647108,0
1506704356,22545284,3556.20,0.05025000,0
1506704349,22545282,3556.20,0.06896686,0
1506704324,22545272,3556.20,0.39824592,0
1506704262,22545246,3556.20,0.00865703,0
1506704144,22545183,3556.20,0.00786773,0
1506704092,22545175,3556.20,0.02680111,0
1506704083,22545172,3556.20,0.00786773,0
1506704067,22545158,3556.20,0.02614806,0
1506704059,22545150,3556.20,0.07688667,0
1506704052,22545144,3556.20,0.01954797,0
1506704046,22545141,3556.20,0.01052495,0
1506704043,22545138,3556.20,0.01346587,0
1506704025,22545098,3556.20,0.13435736,0
1506704005,22545082,3556.20,0.01308943,0
1506704001,22545081,3552.10,0.79649202,0
1506704001,22545080,3552.84,0.02414334,1
1506704000,22545079,3553.00,0.07000000,1
1506704000,22545078,3553.00,0.00371159,0
1506704000,22545077,3554.00,0.09822987,1
1506703999,22545076,3554.00,0.01184581,1
1506703998,22545075,3554.03,0.00742318,1
1506703996,22545071,3554.00,0.00250000,1
1506703994,22545066,3556.20,0.14567270,0
1506703994,22545064,3556.19,0.04755703,0
1506703987,22545056,3556.20,0.04986057,0
1506703987,22545055,3556.19,0.09511407,0
1506703984,22545049,3556.20,0.00560992,0
1506703958,22545028,3556.20,0.13809266,0
1506703957,22545023,3556.20,0.01568838,0
1506703941,22545013,3556.20,0.02700758,0
1506703936,22545009,3554.00,0.13000000,1
1506703934,22545008,3556.20,0.30854564,0
1506703924,22545006,3556.20,0.02647108,0
1506703918,22545003,3554.00,0.00272432,1
1506703909,22545002,3556.20,7.77834167,0
1506703898,22545000,3554.00,0.00270000,1
1506703863,22544985,3556.20,0.01660080,0
1506703845,22544980,3556.19,0.02710946,0
1506703843,22544979,3556.19,0.00818177,0
1506703804,22544961,3556.20,0.02020898,0
1506703764,22544957,3556.20,0.02728010,0
1506703743,22544949,3556.20,0.01456814,0
1506703738,22544945,3556.30,0.02913628,1
1506703735,22544944,3564.99,0.19352484,0
1506703734,22544943,3564.98,0.05197086,0
1506703733,22544942,3564.98,0.00355009,0
1506703725,22544941,3564.98,0.01447905,0
1506703703,22544925,3564.99,0.02112764,0
1506703703,22544924,3564.97,0.00634027,0
1506703685,22544913,3564.97,0.06995009,0
1506703684,22544912,3564.97,0.01883628,0
1506703675,22544909,3564.97,0.01421840,0
1506703643,22544898,3564.97,0.05827255,0
1506703642,22544897,3553.60,0.10308408,1
1506703639,22544895,3564.97,0.10938878,1
1506703637,22544894,3564.97,0.09061122,0
1506703603,22544874,3564.97,0.00826241,0
1506703555,22544852,3564.99,0.01891169,0
1506703555,22544851,3564.98,0.08000000,0
1506703553,22544850,3564.97,0.01860534,0
1506703531,22544838,3564.99,0.00301124,0
1506703530,22544837,3564.99,0.11927102,0
1506703530,22544836,3564.98,0.06282269,0
1506703526,22544835,3564.98,0.02717731,0
1506703525,22544834,3564.98,0.05282082,0
1506703525,22544833,3564.89,0.03721068,0
1506703524,22544832,3564.45,0.00500000,0
1506703521,22544830,3553.43,0.08894725,1
1506703494,22544819,3553.00,0.01000000,1
1506703474,22544808,3564.45,0.00839170,0
1506703474,22544807,3561.19,0.00560000,0
1506703463,22544800,3558.00,0.00415431,0
1506703461,22544795,3558.00,0.00784569,0
1506703446,22544782,3558.10,0.12887268,1
1506703444,22544776,3564.92,0.02574208,0
1506703404,22544758,3558.11,0.28592919,1
1506703384,22544753,3564.06,0.13425414,0
1506703333,22544677,3566.98,0.03709130,0
1506703303,22544644,3566.19,0.02000000,1
1506703289,22544643,3566.27,1.00000000,1
1506703261,22544630,3566.27,0.01961283,0
1506703250,22544628,3566.27,0.31152910,0
1506703250,22544627,3565.65,0.44400000,0
1506703214,22544625,3565.95,0.00382004,0
1506703213,22544624,3565.94,0.03647410,1
1506703193,22544616,3566.17,0.47639905,0
1506703184,22544614,3566.14,0.02745815,0
1506703177,22544613,3557.23,0.34403400,1
1506703156,22544607,3566.25,0.34403058,0
1506703154,22544606,3566.24,0.00560000,0
1506703144,22544604,3566.24,0.01357049,0
1506703125,22544600,3566.24,0.07831778,0
1506703103,22544596,3566.24,0.12960752,0
1506703054,22544577,3553.94,0.04027714,1
1506703044,22544572,3566.24,0.08076699,0
1506703034,22544569,3569.07,0.01329914,0
1506703032,22544567,3569.08,0.24385935,0
1506703029,22544566,3560.00,0.14606153,1
1506703021,22544564,3569.37,0.02636957,0
1506702947,22544505,3570.02,0.02688904,0
1506702946,22544503,3570.02,0.03325000,0
1506702944,22544501,3570.02,0.00820480,0
1506702919,22544481,3570.02,0.62361398,0
1506702918,22544480,3570.02,0.82440910,1
1506702916,22544479,3570.02,0.05718630,1
1506702915,22544476,3570.02,0.05718630,1
1506702914,22544475,3570.02,0.05718630,1
1506702912,22544474,3569.36,0.00403200,0
1506702897,22544472,3560.80,0.02383530,1
1506702875,22544456,3570.02,0.05728830,1
1506702874,22544455,3570.02,0.24939049,0
1506702873,22544454,3569.91,0.91051571,0
1506702864,22544453,3569.97,0.01205671,0
1506702829,22544429,3569.41,0.01419014,0
1506702828,22544428,3560.13,0.02888980,1
1506702828,22544427,3569.45,0.02119761,0
1506702826,22544426,3560.10,0.95071745,1
1506702826,22544425,3560.11,0.04928255,1
1506702826,22544423,3569.47,0.01313118,0
1506702824,22544421,3560.10,0.02071915,1
1506702784,22544396,3553.91,0.01500000,1
1506702769,22544388,3553.83,0.89785909,1
1506702769,22544387,3559.16,0.06481071,1
1506702752,22544365,3570.02,0.18179730,0
1506702751,22544361,3570.02,0.01297484,0
1506702750,22544359,3570.02,0.02708817,0
1506702706,22544323,3558.00,0.57549034,1
1506702706,22544322,3558.01,0.79800966,1
1506702644,22544294,3555.64,0.09600000,1
1506702634,22544284,3570.01,0.10025000,1
1506702631,22544282,3570.02,0.02225000,0
1506702631,22544281,3570.01,0.00560000,0
1506702607,22544229,3562.01,0.02639844,1
1506702606,22544227,3564.40,0.00168736,1
1506702604,22544222,3570.01,0.00143757,0
1506702603,22544217,3570.01,0.00147668,0
1506702601,22544206,3564.40,0.01709878,1
1506702600,22544204,3564.40,0.00928000,1
1506702598,22544190,3570.00,0.20000000,1
1506702579,22544151,3570.02,0.63705806,0
1506702553,22544141,3570.02,0.02222825,0
1506702545,22544136,3570.02,0.25985289,0
1506702504,22544112,3573.57,0.00226160,0
1506702503,22544111,3571.92,0.02806614,0
1506702503,22544110,3570.20,0.01421000,0
1506702503,22544109,3570.02,0.01994177,0
1506702501,22544108,3570.02,0.00505823,1
1506702498,22544105,3570.02,0.10000000,1
1506702491,22544103,3570.08,0.00564570,0
1506702491,22544102,3570.03,0.00564580,0
1506702484,22544084,3570.02,0.06428255,0
1506702467,22544008,3553.34,0.00277203,1
1506702465,22544006,3557.71,0.00554407,1
1506702459,22544004,3557.63,0.01108814,1
1506702457,22543999,3557.60,0.02217627,1
1506702446,22543989,3557.23,0.02687319,1
1506702446,22543988,3570.01,0.01747935,1
1506702443,22543987,3570.01,0.00564580,0
1506702441,22543985,3570.00,0.08870509,1
1506702438,22543983,3570.00,1.00000000,0
1506702438,22543982,3570.00,1.62874418,0
1506702438,22543981,3570.00,0.01273172,0
1506702437,22543980,3570.00,0.75422417,0
1506702437,22543979,3569.99,0.47716844,0
1506702437,22543978,3569.05,0.02325550,0
1506702437,22543977,3569.00,0.01152200,0
1506702437,22543976,3568.74,0.12879112,0
1506702437,22543975,3568.66,0.29389895,0
1506702437,22543974,3568.63,0.23997183,0
1506702435,22543973,3557.24,0.17741017,1
1506702427,22543971,3557.04,0.35482034,1
1506702418,22543966,3568.59,0.02993233,0
1506702415,22543965,3568.66,0.03976002,0
1506702414,22543957,3568.59,0.10000000,0
1506702365,22543923,3568.63,0.02571575,1
1506702350,22543911,3557.64,0.14860000,1
1506702312,22543897,3568.66,0.00850709,0
1506702192,22543814,3568.66,0.22079716,0
1506702192,22543813,3568.64,0.04879106,0
1506702190,22543812,3560.00,0.08000000,0
1506702188,22543810,3552.84,0.00164068,1
1506702183,22543807,3552.84,0.00328136,1
1506702178,22543801,3552.91,0.00656272,1
1506702173,22543800,3555.41,0.01312545,1
1506702167,22543798,3555.21,0.02625089,1
1506702162,22543793,3555.07,0.05250178,1
1506702156,22543792,3554.90,0.10500356,1
1506702146,22543789,3558.44,0.02778918,1
1506702144,22543787,3554.20,0.16328486,1
1506702143,22543786,3559.99,0.07451145,1
1506702134,22543781,3568.74,0.67120888,0
1506702134,22543780,3568.66,0.00567006,0
1506702133,22543779,3568.14,0.02326143,0
1506702133,22543778,3568.13,0.01650020,1
1506702133,22543777,3567.90,0.25000000,0
1506702132,22543776,3565.70,0.00565260,0
1506702132,22543775,3565.19,0.06077744,0
1506702131,22543774,3565.00,0.47559261,1
1506702131,22543773,3565.00,0.45475958,0
1506702130,22543772,3565.00,0.03282803,0
1506702128,22543771,3565.00,0.00717197,0
1506702128,22543770,3562.32,0.00387521,0
1506702128,22543769,3562.00,0.01902370,0
1506702126,22543768,3562.00,0.02718238,0
1506702124,22543766,3562.00,0.02576081,0
1506702105,22543756,3560.00,0.10000000,0
1506702105,22543755,3560.00,0.85724311,0
1506702105,22543754,3560.00,0.02000000,0
1506702105,22543753,3559.99,1.82587441,0
1506702095,22543750,3559.98,0.04039050,1
1506702086,22543738,3554.10,0.10340164,0
1506702084,22543733,3559.00,0.07299423,1
1506702044,22543678,3559.99,5.00000000,0
1506702043,22543677,3559.00,0.00000577,0
1506702041,22543669,3559.00,0.18121600,0
1506702026,22543650,3559.00,0.03529006,0
1506702022,22543646,3559.00,0.00560720,0
1506702021,22543643,3559.00,0.08416800,0
1506702012,22543639,3559.99,0.27718706,0
1506702010,22543635,3559.99,1.93846300,0
1506702004,22543620,3559.99,0.02577816,0
1506701998,22543606,3559.99,0.01603867,0
1506701970,22543529,3552.84,0.00174858,1
1506701969,22543527,3559.97,0.09807948,0
1506701967,22543518,3559.99,0.16153167,0
1506701966,22543515,3559.99,0.13408821,0
1506701964,22543512,3553.13,0.00349716,1
1506701956,22543493,3559.96,0.00499138,1
1506701951,22543488,3559.96,0.01198570,1
1506701946,22543485,3559.96,0.02397141,1
1506701942,22543474,3559.96,0.04794282,1
1506701937,22543461,3559.99,0.30000000,0
1506701937,22543460,3559.96,0.09588564,1
1506701933,22543458,3559.96,0.19177128,1
1506701929,22543454,3559.96,0.26705962,1
1506701923,22543447,3559.99,0.01365000,0
1506701923,22543446,3559.96,0.22914661,1
1506701920,22543441,3559.99,0.05677544,0
1506701919,22543435,3559.96,0.15332056,1
1506701918,22543434,3559.96,1.00000000,1
1506701902,22543401,3559.96,0.21922298,0
1506701898,22543383,3559.00,0.00166849,1
1506701893,22543379,3559.00,0.00333698,1
1506701887,22543364,3559.00,0.00667396,1
1506701883,22543357,3559.99,0.01226970,0
1506701883,22543356,3559.99,0.02739327,0
1506701881,22543351,3559.00,0.01334793,1
1506701878,22543342,3559.99,0.20039807,0
1506701877,22543340,3550.31,0.02669586,1
1506701874,22543338,3550.30,0.05339171,1
1506701871,22543329,3550.11,0.10678343,1
1506701868,22543320,3556.98,0.21356685,1
1506701865,22543317,3552.43,0.14633924,1
1506701865,22543315,3557.02,0.28079445,1
1506701864,22543312,3559.99,0.01055234,0
1506701860,22543307,3552.21,0.01000000,1
1506701860,22543306,3552.21,0.85426740,1
1506701854,22543289,3557.02,0.14320516,0
1506701849,22543272,3559.00,0.00500000,1
1506701834,22543227,3559.00,2.00000000,0
1506701834,22543226,3559.00,8.38906695,0
1506701824,22543202,3559.00,0.03986030,0
1506701803,22543140,3559.00,0.02083711,0
1506701797,22543127,3559.00,0.02952564,0
1506701796,22543125,3558.88,0.00227153,0
1506701796,22543124,3558.60,0.02307650,0
1506701796,22543123,3558.60,0.00012633,0
1506701785,22543099,3555.82,0.00002404,1
1506701784,22543097,3557.09,0.03439476,1
1506701782,22543089,3557.09,0.02333372,0
1506701782,22543086,3557.00,0.05000000,0
1506701782,22543083,3556.78,0.00227152,0
1506701781,22543081,3556.00,0.50000000,0
1506701777,22543063,3555.00,0.80490499,0
1506701777,22543060,3554.99,0.01508811,0
1506701769,22543050,3554.69,0.00228151,0
1506701769,22543049,3554.00,0.50000000,0
1506701769,22543047,3552.59,0.00228150,0
1506701769,22543046,3552.02,0.05651688,0
1506701765,22543038,3551.00,0.00150000,0
1506701765,22543037,3550.01,7.17513996,0
1506701765,22543036,3550.00,0.01007404,0
1506701765,22543035,3550.00,0.03000000,0
1506701765,22543034,3550.00,0.00568874,0
1506701765,22543033,3549.99,5.49536705,0
1506701764,22543032,3549.97,0.61669741,0
1506701752,22543023,3542.90,1.00000000,1
1506701709,22542989,3549.99,0.96982377,0
1506701709,22542988,3549.98,0.03017623,0
1506701684,22542954,3549.99,0.59927020,0
1506701684,22542953,3547.00,0.18354350,0
1506701664,22542924,3547.00,0.02512148,0
1506701663,22542923,3547.00,0.02707763,0
1506701663,22542921,3547.00,0.02789004,0
1506701662,22542918,3546.97,0.27592052,0
1506701641,22542904,3542.51,0.03030177,1
1506701636,22542898,3547.00,0.00260800,0
1506701630,22542897,3542.51,0.00225800,1
1506701625,22542895,3546.97,0.01421046,0
1506701615,22542885,3542.51,0.00250000,1
1506701605,22542877,3546.94,0.00815496,0
1506701603,22542876,3547.00,0.00788678,0
1506701583,22542853,3547.00,0.02587257,0
1506701562,22542841,3546.97,0.01076191,0
1506701506,22542734,3546.97,0.02721743,0
1506701461,22542701,3547.61,0.02730489,0
1506701390,22542641,3547.11,0.03047936,0
1506701323,22542585,3547.67,0.04118321,0
1506701284,22542538,3547.88,0.12933075,0
1506701227,22542500,3547.96,0.01406299,1
1506701206,22542486,3547.93,0.01047369,0
1506701158,22542442,3534.23,0.56271930,1
1506701150,22542436,3549.40,1.95688285,1
1506701148,22542430,3548.02,0.01405620,0
1506701148,22542429,3548.02,0.02923995,0
1506701104,22542389,3547.18,0.05439760,0
1506701101,22542384,3547.20,0.03584503,0
1506701068,22542364,3530.60,1.28050000,1
1506701011,22542350,3528.81,0.00250000,1
1506701010,22542349,3528.84,0.00250000,1
1506700996,22542338,3547.90,0.01405620,0
1506700986,22542333,3548.35,0.00788391,0
1506700985,22542332,3527.90,1.58240833,1
1506700985,22542331,3528.34,0.19000000,1
1506700985,22542330,3528.41,0.20000000,1
1506700984,22542329,3532.28,0.02759167,0
1506700983,22542327,3528.40,0.01766449,1
1506700963,22542320,3548.29,0.07980510,0
1506700932,22542298,3548.58,0.01130016,0
1506700906,22542277,3549.18,0.01055076,0
1506700904,22542276,3549.38,0.04335594,0
1506700884,22542263,3549.79,0.03906227,0
1506700884,22542262,3549.49,0.02222855,0
1506700884,22542261,3549.38,0.04513700,0
1506700880,22542259,3534.20,0.39963759,0
1506700878,22542257,3537.45,0.25036241,1
1506700874,22542251,3549.40,0.06932195,0
1506700873,22542250,3549.49,0.02223000,0
1506700845,22542244,3549.50,0.01311444,0
1506700821,22542236,3548.98,0.02557636,0
1506700804,22542229,3549.00,0.35002516,0
1506700804,22542228,3549.00,1.02741716,0
1506700766,22542211,3549.00,0.47258284,0
1506700766,22542210,3549.00,0.17878823,0
1506700766,22542209,3548.99,0.11000000,0
1506700765,22542208,3548.66,0.04261045,0
1506700765,22542207,3547.51,0.01253539,0
1506700764,22542206,3537.11,0.02341643,1
1506700683,22542167,3536.02,0.01199000,1
1506700669,22542156,3546.99,0.78743103,0
1506700650,22542148,3547.00,0.04490000,1
1506700643,22542146,3546.99,0.01321450,0
1506700618,22542138,3536.02,0.00226215,1
1506700582,22542093,3547.17,0.03473628,0
1506700573,22542091,3547.18,0.01406807,0
1506700561,22542084,3547.29,0.00821927,0
1506700446,22542042,3547.51,0.00281042,0
1506700427,22542037,3547.50,0.01975159,0
1506700425,22542036,3547.50,0.06921155,0
1506700355,22542026,3534.51,0.05000000,0
1506700353,22542025,3546.68,0.00197000,1
1506700344,22542022,3546.68,0.05330540,0
1506700306,22542012,3547.30,0.07936348,0
1506700305,22542011,3546.96,0.03026038,0
1506700305,22542010,3546.62,0.09446872,0
1506700305,22542009,3543.20,0.12534840,0
1506700305,22542008,3543.19,0.01179361,0
1506700248,22542000,3543.20,0.01938001,0
1506700248,22541999,3542.98,0.02358722,0
1506700245,22541998,3543.20,0.05527159,0
1506700244,22541997,3542.99,0.01381458,0
1506700227,22541995,3542.89,0.03124103,0
1506700186,22541986,3538.80,0.27395132,0
1506700178,22541985,3538.79,0.03346447,0
1506700125,22541972,3538.89,0.02795150,0
1506700101,22541968,3538.80,0.03349180,0
1506700085,22541961,3538.89,0.02627336,0
1506700084,22541960,3538.90,0.01645174,0
1506700081,22541958,3531.83,0.04201496,1
1506700069,22541956,3539.27,0.05636756,0
1506700057,22541955,3531.13,0.00668700,1
1506700044,22541947,3539.27,0.02783088,0
1506700019,22541929,3539.28,0.01000000,0
1506700009,22541875,3539.03,0.04513644,0
1506700006,22541863,3539.04,0.04619226,0
1506699997,22541852,3539.06,0.02695599,0
1506699908,22541820,3524.70,0.14736816,1
1506699885,22541801,3539.28,0.07598615,0
1506699885,22541800,3539.27,0.20000000,0
1506699882,22541795,3525.06,0.35000000,0
1506699877,22541793,3525.06,0.10000000,0
1506699861,22541744,3539.24,0.01000000,0
1506699861,22541743,3539.24,0.20391598,0
1506699861,22541742,3539.24,0.06294567,0
1506699854,22541737,3539.27,0.04264867,0
1506699853,22541736,3539.25,0.04337680,0
1506699844,22541724,3539.25,0.00790220,0
1506699826,22541723,3539.25,0.02643539,0
1506699805,22541718,3539.25,0.02625000,0
1506699804,22541717,3539.25,0.02403363,0
1506699647,22541684,3540.29,0.03648030,0
1506699644,22541683,3540.29,0.02656993,0
1506699604,22541668,3522.23,0.00227116,1
1506699590,22541663,3541.06,0.06000000,0
1506699573,22541658,3523.43,0.01406401,1
1506699565,22541642,3541.52,2.32532394,1
1506699565,22541641,3541.52,1.52892546,1
1506699564,22541639,3541.52,0.50544361,0
1506699507,22541612,3543.20,0.04172994,0
1506699478,22541589,3543.96,0.05127900,0
1506699477,22541578,3526.62,0.06625018,1
1506699476,22541576,3526.62,0.02854279,1
1506699475,22541574,3526.80,0.55672261,0
1506699475,22541572,3526.80,0.47398176,1
1506699475,22541571,3526.80,0.78003138,1
1506699474,22541569,3526.80,1.05825592,1
1506699474,22541564,3532.93,0.03701600,0
1506699473,22541560,3526.81,0.11031389,1
1506699472,22541553,3526.80,0.54567908,1
1506699472,22541552,3526.80,0.12655186,1
1506699465,22541533,3526.60,0.02255839,1
1506699456,22541526,3532.80,0.60464873,1
1506699454,22541522,3533.05,0.23180603,1
1506699454,22541517,3533.05,0.00443636,1
1506699454,22541516,3536.82,0.00956364,1
1506699453,22541511,3536.82,0.01846600,1
1506699428,22541402,3543.50,0.01407365,0
1506699423,22541374,3536.82,0.00223059,1
1506699403,22541328,3543.79,0.01322996,0
1506699384,22541302,3544.09,0.01364114,0
1506699301,22541243,3545.50,0.13764870,0
1506699284,22541238,3545.40,2.06740964,0
1506699273,22541237,3545.50,0.01000000,0
1506699272,22541235,3545.50,0.00147793,0
1506699265,22541232,3545.50,0.01315842,0
1506699204,22541216,3544.99,0.01028063,0
1506699204,22541215,3536.20,0.00294132,0
1506699174,22541206,3536.20,0.04301485,0
1506699169,22541203,3536.23,0.02654498,1
1506699108,22541130,3536.20,0.12000000,1
1506699108,22541129,3540.56,0.01000000,1
1506699103,22541128,3545.50,0.06077123,0
1506699073,22541121,3545.50,0.05277762,0
1506699072,22541120,3545.50,0.16343549,0
1506699044,22541102,3545.40,0.00822477,0
1506699041,22541100,3545.40,0.00524211,1
1506699040,22541097,3545.49,0.01000000,0
1506699003,22541070,3545.48,0.00727118,0
1506698965,22541050,3545.49,0.00822468,0
1506698962,22541049,3545.48,0.13313556,0
1506698950,22541048,3546.58,0.02690571,0
1506698949,22541047,3546.58,0.01000000,0
1506698923,22541037,3545.78,0.02018416,0
1506698895,22541028,3545.98,0.01683833,0
1506698895,22541027,3545.99,0.02789557,0
1506698862,22541014,3546.17,0.02190740,0
1506698814,22540995,3546.08,0.06728543,0
1506698742,22540966,3546.62,0.20553128,1
1506698732,22540963,3546.62,0.29136763,1
1506698721,22540961,3546.62,0.02939900,1
1506698713,22540954,3547.47,0.02369920,0
1506698692,22540945,3546.62,0.30328585,1
1506698664,22540931,3547.51,0.23073336,0
1506698613,22540917,3547.50,0.01410552,0
1506698589,22540912,3546.62,0.00019939,1
1506698588,22540911,3547.34,0.00205554,1
1506698573,22540907,3547.51,0.04530323,0
1506698554,22540903,3547.51,0.26861760,0
1506698554,22540902,3547.34,0.50000000,0
1506698515,22540895,3547.30,0.40884685,1
1506698513,22540894,3547.30,0.43115315,0
1506698499,22540890,3547.31,0.02811990,0
1506698444,22540834,3547.34,0.00921604,0
1506698438,22540833,3547.10,0.01405655,0
1506698405,22540817,3546.62,0.12037658,0
1506698401,22540816,3546.68,0.00833755,0
1506698383,22540808,3533.75,0.00227599,1
1506698383,22540806,3533.75,0.00227599,1
1506698342,22540784,3547.72,0.02654498,0
1506698296,22540758,3532.81,0.14345954,1
1506698288,22540755,3548.50,0.04938335,1
1506698287,22540754,3548.55,0.39498797,1
1506698286,22540751,3548.55,0.39136414,1
1506698285,22540750,3548.50,0.21433352,0
1506698267,22540724,3545.02,0.01000000,1
1506698265,22540722,3534.50,0.96062460,0
1506698265,22540720,3539.11,0.01000000,1
1506698263,22540718,3539.12,0.02759540,1
1506698221,22540694,3548.90,0.02810730,0
1506698215,22540693,3546.30,2.25046950,0
1506698203,22540688,3546.50,0.03782626,0
1506698203,22540687,3540.00,0.01536200,0
1506698193,22540679,3540.00,0.27237400,0
1506698144,22540625,3534.13,0.01960521,1
1506698144,22540624,3543.51,0.01000000,1
1506698142,22540622,3547.79,0.02787953,0
1506698139,22540619,3548.00,0.13900000,0
1506698124,22540608,3548.39,0.02759540,0
1506698104,22540600,3548.89,0.08085000,0
1506698094,22540567,3520.66,0.92213847,1
1506698094,22540566,3522.10,0.25264800,1
1506698094,22540565,3522.11,5.71398415,1
1506698094,22540564,3524.78,0.11319855,1
1506698094,22540563,3525.00,0.01007404,1
1506698094,22540562,3525.99,0.46376280,1
1506698094,22540561,3526.00,0.10000000,1
1506698093,22540560,3528.40,7.15950000,1
1506698093,22540559,3528.41,0.52000000,1
1506698093,22540558,3528.42,1.11732950,1
1506698093,22540557,3528.42,0.87500000,1
1506698093,22540556,3534.08,0.21357651,1
1506698093,22540555,3534.66,0.10985087,1
1506698093,22540554,3534.81,0.04103711,1
1506698093,22540552,3535.00,2.38790000,1
1506698086,22540545,3549.00,0.06920454,0
1506698042,22540519,3549.00,0.01911242,0
1506698041,22540515,3549.00,0.00789481,0
1506698040,22540514,3547.00,0.00900000,0
1506697965,22540472,3543.90,0.04522869,0
1506697964,22540471,3543.90,0.03325000,0
1506697929,22540458,3547.89,0.04037048,0
1506697927,22540457,3547.90,0.07043963,0
1506697912,22540456,3548.10,0.63653475,0
1506697912,22540455,3548.07,0.20493533,0
1506697890,22540451,3533.01,0.06212286,0
1506697890,22540448,3533.01,0.48105014,1
1506697881,22540443,3548.91,0.02497784,0
1506697879,22540441,3543.97,0.01827216,0
1506697877,22540438,3532.69,0.10000000,0
1506697877,22540437,3532.69,0.10000000,0
1506697873,22540433,3543.97,0.00672784,1
1506697825,22540402,3544.19,0.00874000,0
1506697823,22540400,3544.18,0.00703403,0
1506697746,22540341,3545.35,0.01600970,0
1506697744,22540339,3544.00,0.01213175,0
1506697638,22540318,3544.00,0.47619061,0
1506697638,22540317,3539.99,0.04000000,0
1506697524,22540268,3543.33,0.13365094,0
1506697514,22540266,3527.60,0.01701433,1
1506697507,22540255,3527.44,0.09587964,0
1506697506,22540254,3527.44,0.02788228,1
1506697485,22540231,3543.99,0.00631590,1
1506697484,22540230,3543.99,0.09092506,1
1506697484,22540228,3543.99,0.10000000,0
1506697480,22540227,3543.85,0.00985087,0
1506697468,22540224,3543.79,0.01618065,0
1506697468,22540223,3543.60,0.00560000,0
1506697466,22540219,3543.26,0.27569937,0
1506697465,22540218,3543.26,0.02788228,0
1506697463,22540215,3543.27,0.01798818,0
1506697451,22540202,3543.30,0.13951301,0
1506697450,22540200,3539.97,0.03721795,0
1506697450,22540199,3539.36,0.03179378,0
1506697423,22540192,3538.49,0.01805030,0
1506697406,22540188,3538.40,0.01046447,0
1506697404,22540187,3524.61,0.12756350,1
1506697393,22540186,3538.60,0.49136074,0
1506697393,22540185,3538.58,0.04000000,0
1506697393,22540184,3538.57,0.09248620,0
1506697393,22540183,3538.56,0.00560000,0
1506697366,22540175,3533.09,0.02638384,0
1506697364,22540172,3533.09,0.00790693,0
1506697363,22540171,3532.99,0.00791917,0
1506697350,22540164,3523.21,0.16099878,0
1506697350,22540163,3523.24,0.17688793,0
1506697348,22540162,3523.90,0.00851329,1
1506697283,22540146,3532.60,0.01367082,0
1506697280,22540145,3532.29,0.01000000,0
1506697223,22540131,3533.10,0.01103734,0
1506697220,22540128,3533.10,0.90000000,0
1506697200,22540098,3538.90,0.03489935,1
1506697200,22540097,3538.68,0.05000000,0
1506697198,22540096,3538.57,0.02600364,0
1506697153,22540092,3538.49,0.19417391,1
1506697138,22540089,3538.80,0.49814166,0
1506697138,22540088,3538.49,0.05200728,0
1506697090,22540060,3525.71,0.00250000,1
1506697089,22540057,3538.79,0.02971892,0
1506697089,22540056,3538.69,0.03692248,0
1506697086,22540055,3538.69,0.01307752,0
1506697083,22540050,3538.67,0.06483226,0
1506697068,22540001,3538.90,0.01142000,0
1506697060,22539991,3524.94,0.01500000,1
1506697048,22539987,3538.90,0.20583704,0
1506697048,22539986,3538.89,0.10401455,0
1506697031,22539980,3538.69,0.03188440,1
1506697027,22539975,3538.90,0.07067151,0
1506697015,22539941,3538.69,0.07700568,1
1506697004,22539924,3538.69,0.02273722,0
1506696963,22539897,3538.90,0.03000524,0
1506696963,22539896,3538.89,0.05000000,0
1506696944,22539861,3522.23,0.06330635,1
1506696944,22539860,3528.05,0.07669365,1
1506696944,22539859,3532.54,0.01000000,1
1506696934,22539847,3544.89,0.87420831,0
1506696933,22539846,3544.57,0.01000000,0
1506696933,22539845,3539.42,0.03650369,0
1506696929,22539838,3539.42,0.01349631,0
1506696928,22539833,3539.30,0.05476226,0
1506696906,22539808,3541.13,0.24679300,0
1506696904,22539807,3528.08,0.06103022,1
1506696882,22539797,3538.83,0.01431800,0
1506696864,22539793,3538.81,0.16912465,0
1506696854,22539787,3522.40,0.44742632,0
1506696854,22539786,3528.00,0.02000000,1
1506696852,22539785,3528.05,0.23257368,1
1506696802,22539767,3544.47,0.01000000,0
1506696787,22539760,3540.30,0.01538632,0
1506696787,22539759,3539.02,0.06000000,0
1506696787,22539758,3539.00,0.20000000,0
1506696690,22539732,3526.03,0.12963836,1
1506696665,22539725,3539.50,0.05963836,0
1506696664,22539724,3539.41,0.07000000,0
1506696652,22539710,3525.57,0.01340998,0
1506696650,22539703,3533.33,0.06263027,1
1506696645,22539698,3539.42,0.26233019,0
1506696645,22539697,3539.41,0.01077771,0
1506696641,22539694,3539.41,0.05096329,0
1506696639,22539689,3538.77,0.06177800,0
1506696629,22539675,3539.42,2.25461799,0
1506696628,22539672,3539.41,0.16556185,1
1506696627,22539671,3539.42,0.02025000,0
1506696626,22539670,3539.42,0.19949638,0
1506696625,22539669,3539.41,0.07000000,0
1506696593,22539611,3539.24,0.00875147,1
1506696585,22539601,3544.98,0.02712338,0
1506696568,22539593,3544.99,0.02651746,0
1506696567,22539592,3544.80,0.10646619,0
1506696565,22539591,3544.80,0.01042067,0
1506696541,22539575,3549.09,0.00280917,0
1506696540,22539574,3539.24,0.07500000,1
1506696539,22539573,3539.24,0.00150000,1
1506696526,22539570,3549.49,0.00788152,0
1506696523,22539568,3539.24,0.01474853,1
1506696508,22539567,3549.79,0.02797185,0
1506696508,22539566,3549.79,0.08172046,0
1506696507,22539565,3549.79,0.08033893,0
1506696507,22539564,3549.80,0.02786668,0
1506696506,22539563,3549.80,0.27071069,0
1506696483,22539554,3549.79,0.06479256,0
1506696468,22539546,3549.79,0.00200000,0
1506696467,22539545,3549.79,0.02705734,0
1506696466,22539544,3549.79,0.26438477,0
1506696464,22539543,3549.80,0.01054339,0
1506696445,22539529,3549.99,0.45167100,0
1506696445,22539528,3549.98,0.08000000,0
1506696428,22539519,3549.99,0.08983381,0
1506696428,22539518,3549.98,0.09000000,0
1506696428,22539517,3549.00,0.07041619,0
1506696426,22539514,3549.00,0.02692081,0
1506696402,22539507,3549.00,0.00266300,0
1506696383,22539499,3549.99,0.16271273,0
1506696383,22539498,3549.98,0.10000000,0
1506696383,22539497,3549.89,0.01251065,0
1506696374,22539459,3538.71,0.00500000,1
1506696373,22539458,3549.90,0.06929170,0
1506696372,22539457,3549.90,0.05570586,0
1506696368,22539456,3538.71,0.00013133,1
1506696368,22539455,3538.87,0.00872139,1
1506696368,22539454,3542.55,0.02589304,1
1506696350,22539444,3549.99,0.00239437,0
1506696348,22539442,3549.98,0.11000000,0
1506696343,22539440,3549.98,0.01123950,0
1506696330,22539436,3549.99,1.19497098,0
1506696328,22539435,3549.98,0.12000000,0
1506696318,22539432,3549.99,0.01000000,0
1506696305,22539428,3549.90,0.00500000,0
1506696278,22539402,3542.55,0.00589974,1
1506696278,22539401,3542.59,0.09258198,1
1506696278,22539400,3542.59,0.00151828,1
1506696275,22539399,3542.59,0.01000000,1
1506696274,22539398,3549.98,0.01854377,0
1506696249,22539388,3549.99,0.99760563,0
1506696243,22539381,3549.99,0.01314527,0
1506696243,22539380,3549.98,0.13000000,0
1506696243,22539379,3549.97,0.03843374,0
1506696203,22539352,3549.99,0.01320519,0
1506696187,22539341,3550.01,0.15438019,0
1506696187,22539340,3550.00,0.15000000,0
1506696187,22539339,3549.99,0.04700000,0
1506696161,22539335,3549.99,0.04248847,0
1506696144,22539326,3550.00,0.00841609,0
1506696117,22539312,3549.90,1.00006197,0
1506696098,22539309,3549.70,0.01435959,0
1506696090,22539306,3549.20,0.33211340,0
1506696085,22539304,3549.39,0.03342333,0
1506696083,22539301,3549.39,0.06503452,0
1506696066,22539296,3542.56,0.01500000,1
1506696043,22539286,3549.99,0.22502880,0
1506696033,22539268,3550.00,0.06309014,0
1506696026,22539258,3550.00,0.00780770,0
1506696007,22539249,3550.00,0.00904999,0
1506696006,22539248,3550.00,0.00446487,0
1506696006,22539247,3550.00,0.01489225,0
1506695983,22539239,3550.00,0.00472958,0
1506695965,22539232,3549.47,0.04402360,1
1506695964,22539231,3549.47,0.06105160,1
1506695945,22539225,3550.00,0.02651806,0
1506695916,22539208,3550.00,0.02809859,1
1506695914,22539207,3549.50,0.02858630,1
1506695908,22539201,3549.90,0.01000000,0
1506695906,22539200,3549.87,0.18902417,0
1506695906,22539198,3549.87,0.02651828,0
1506695867,22539174,3549.90,0.29690132,0
1506695867,22539171,3549.87,0.01409985,0
1506695855,22539156,3549.40,0.21787857,0
1506695853,22539150,3549.40,0.35676010,0
1506695852,22539148,3549.40,0.59316523,0
1506695852,22539146,3549.47,0.50249900,0
1506695834,22539136,3549.89,0.00098201,1
1506695833,22539134,3549.89,0.01438960,1
1506695827,22539131,3549.80,0.01381249,0
1506695809,22539114,3549.77,0.04451739,0
1506695782,22539099,3538.31,0.05800000,1
1506695744,22539064,3549.47,0.02651733,0
1506695713,22539059,3549.60,0.14050879,0
1506695704,22539052,3537.15,0.01042833,1
1506695663,22539025,3549.20,0.08131800,0
1506695663,22539023,3549.20,0.39962181,0
1506695639,22538974,3549.43,0.15411358,0
1506695626,22538969,3536.91,0.01745527,0
1506695626,22538968,3536.91,0.02244473,1
1506695624,22538967,3550.01,0.01587045,0
1506695603,22538955,3549.89,0.05313873,0
1506695585,22538943,3550.00,0.02617666,0
1506695584,22538941,3541.93,0.08759484,1
1506695582,22538939,3533.50,0.47037524,0
1506695582,22538938,3533.50,0.02987750,0
1506695581,22538937,3537.98,0.01311062,1
1506695581,22538936,3537.98,0.27738621,1
1506695581,22538935,3541.74,0.20661292,1
1506695579,22538933,3541.93,1.00000000,1
1506695566,22538917,3549.99,0.01311062,0
1506695560,22538915,3541.00,0.33730100,0
1506695558,22538912,3545.40,0.01000000,1
1506695539,22538903,3550.00,0.16000000,0
1506695503,22538887,3549.90,0.02034413,0
1506695495,22538880,3549.90,0.01000000,0
1506695490,22538876,3549.87,0.13655807,0
1506695475,22538861,3549.90,0.04415299,1
1506695473,22538859,3550.01,2.80986814,0
1506695472,22538858,3536.17,0.10094159,1
1506695470,22538854,3550.01,12.86722862,0
1506695470,22538853,3550.01,0.02642566,0
1506695468,22538852,3550.01,0.02634147,0
1506695462,22538839,3550.00,0.50000000,1
1506695457,22538827,3550.00,0.17153521,0
1506695455,22538817,3550.00,0.00846479,0
1506695444,22538800,3550.00,0.00230086,0
1506695444,22538799,3549.99,0.00560000,0
1506695425,22538784,3550.00,0.01335100,0
1506695423,22538783,3550.00,0.01000000,0
1506695418,22538780,3549.99,0.00560000,0
1506695418,22538778,3549.99,0.01576415,0
1506695405,22538703,3550.00,0.01576415,0
1506695405,22538701,3550.00,0.00497419,0
1506695404,22538685,3549.99,0.00560000,0
1506695403,22538681,3549.45,0.00146176,0
1506695345,22538647,3548.92,0.05433521,0
1506695344,22538646,3548.92,0.20600000,0
1506695344,22538645,3548.92,0.01705100,0
1506695320,22538636,3550.00,0.56128006,1
1506695319,22538635,3550.00,0.25814373,1
1506695319,22538634,3552.02,0.64185627,1
1506695319,22538633,3551.18,1.00000000,0
1506695319,22538632,3550.95,0.69900000,1
1506695318,22538631,3550.95,0.53673800,1
1506695318,22538629,3550.49,0.00228149,0
1506695318,22538628,3550.00,0.01004291,0
1506695318,22538627,3550.00,0.51168406,0
1506695317,22538626,3550.00,0.40000000,0
1506695317,22538625,3550.00,0.01407480,1
1506695317,22538624,3549.99,0.22000000,1
1506695317,22538623,3549.21,0.09401247,0
1506695316,22538622,3549.00,1.04364566,0
1506695316,22538621,3548.98,0.00560000,0
1506695315,22538620,3548.96,2.38540000,1
1506695314,22538619,3548.96,0.71947780,1
1506695314,22538618,3548.96,0.14688401,0
1506695303,22538616,3548.96,0.08311599,0
1506695278,22538598,3541.29,0.01000000,0
1506695272,22538597,3549.00,0.55653705,0
1506695270,22538596,3545.99,0.00560000,0
1506695267,22538595,3548.98,0.00319773,0
1506695267,22538594,3546.00,0.02333120,0
1506695265,22538590,3546.00,0.01295000,0
1506695264,22538589,3546.00,0.03433122,0
1506695264,22538588,3545.99,0.00560000,0
1506695225,22538568,3546.00,0.02718223,0
1506695218,22538563,3548.60,0.01934763,0
1506695217,22538562,3548.39,0.00228148,0
1506695217,22538560,3546.29,0.00228147,0
1506695215,22538559,3545.04,0.00403200,0
1506695189,22538542,3544.19,0.28277818,0
1506695187,22538540,3544.22,0.00281303,0
1506695185,22538535,3544.22,0.01676641,0
1506695185,22538534,3544.20,0.00228146,0
1506695185,22538533,3540.70,0.00190592,0
1506695173,22538527,3540.67,0.03000000,0
1506695163,22538520,3540.70,0.29158985,0
1506695159,22538517,3540.67,0.02817263,0
1506695144,22538498,3540.67,0.01896746,0
1506695134,22538491,3534.30,0.00600000,1
1506695108,22538478,3540.67,0.29438809,0
1506695093,22538456,3540.27,0.01000000,0
1506695050,22538438,3533.33,0.06261931,0
1506695014,22538430,3540.07,0.00474829,0
1506694991,22538419,3540.37,0.08452506,0
1506694987,22538416,3540.49,0.56348415,0
1506694986,22538415,3540.49,0.08100923,0
1506694948,22538402,3540.20,0.02108768,0
1506694946,22538401,3540.38,0.00952938,0
1506694934,22538362,3539.70,0.47553182,1
1506694933,22538360,3540.49,0.27849714,0
1506694928,22538352,3539.20,0.01000000,0
1506694921,22538343,3539.40,0.18604684,0
1506694864,22538254,3540.70,0.08313966,0
1506694825,22538219,3522.10,1.45170000,1
1506694806,22538208,3538.22,0.04094564,0
1506694804,22538207,3535.00,0.00729558,0
1506694804,22538206,3535.00,0.00969630,0
1506694803,22538205,3534.77,0.01451595,0
1506694779,22538197,3535.00,0.00000156,1
1506694755,22538170,3538.04,0.01000000,0
1506694752,22538164,3538.10,0.02333372,0
1506694750,22538162,3538.90,0.20795727,1
1506694748,22538161,3538.22,0.52500000,0
1506694746,22538158,3535.00,0.08862236,1
1506694746,22538156,3544.20,0.39976581,1
1506694745,22538154,3542.71,0.00560000,0
1506694745,22538153,3542.59,0.03118591,0
1506694745,22538152,3542.59,0.00915456,1
1506694744,22538151,3542.59,0.01881409,0
1506694744,22538150,3540.00,0.08862392,0
1506694744,22538149,3538.96,0.02345037,0
1506694743,22538148,3538.22,0.05201248,0
1506694743,22538147,3538.21,0.09137740,0
1506694743,22538146,3536.06,0.11161230,0
1506694742,22538143,3535.94,0.25000000,0
1506694742,22538140,3530.00,1.00000000,0
1506694742,22538139,3530.00,0.00185709,0
1506694742,22538138,3530.00,0.18477378,0
1506694740,22538137,3529.54,0.55801612,0
1506694737,22538134,3529.48,0.16899403,0
1506694725,22538131,3529.54,0.09628388,0
1506694725,22538130,3529.50,0.02206953,0
1506694725,22538129,3527.65,0.01837298,0
1506694725,22538128,3527.58,0.13935965,0
1506694694,22538120,3527.91,0.01000000,1
1506694688,22538117,3529.50,0.00793047,0
1506694685,22538116,3529.26,0.02329383,0
1506694685,22538115,3522.03,0.04179589,0
1506694683,22538114,3515.00,0.00200000,0
1506694683,22538113,3515.00,0.45052772,0
1506694678,22538103,3515.00,0.08207596,0
1506694675,22538099,3515.00,1.02786898,0
1506694670,22538096,3515.00,1.79937637,0
1506694667,22538093,3515.00,1.79793817,0
1506694662,22538087,3515.00,1.00000000,0
1506694661,22538086,3515.00,0.47462100,0
1506694654,22538081,3515.00,0.02815470,0
1506694647,22538077,3515.00,0.20005487,0
1506694639,22538072,3515.00,0.02815470,0
1506694620,22538057,3513.90,0.18970944,1
1506694610,22538053,3515.00,0.40552400,0
1506694609,22538049,3515.00,0.18972900,0
1506694606,22538038,3515.00,0.05725000,0
1506694603,22538035,3513.70,0.05333276,1
1506694603,22538034,3514.25,0.01000000,1
1506694599,22538032,3515.00,0.20007738,0
1506694593,22538030,3515.00,0.80048571,0
1506694589,22538020,3515.00,0.80048571,0
1506694588,22538018,3515.00,0.64908420,0
1506694584,22538016,3515.00,0.59808987,0
1506694577,22538007,3515.00,3.91357000,0
1506694576,22538003,3515.00,0.01845269,0
1506694574,22538002,3515.00,0.08821840,0
1506694570,22537997,3515.00,0.02459441,0
1506694565,22537992,3515.00,0.01875000,0
1506694564,22537991,3515.00,0.33921758,0
1506694558,22537986,3515.00,0.82952000,0
1506694555,22537981,3515.00,0.01053450,0
1506694541,22537954,3515.00,0.02003365,0
1506694525,22537946,3515.00,0.50280500,0
1506694523,22537943,3515.00,0.06560389,0
1506694513,22537937,3515.00,0.01000000,0
1506694504,22537895,3515.00,0.00793741,0
1506694501,22537885,3515.00,0.02782120,0
1506694500,22537884,3515.00,0.54202400,0
1506694493,22537881,3515.00,0.06710062,0
1506694493,22537879,3515.00,0.19493946,0
1506694463,22537853,3515.00,0.02756010,0
1506694424,22537833,3515.00,0.63841800,0
1506694424,22537832,3515.00,0.01869216,0
1506694418,22537831,3515.00,0.04598970,0
1506694410,22537821,3515.00,0.10000000,0
1506694408,22537818,3515.00,0.90000000,0
1506694407,22537817,3515.00,0.26843700,0
1506694405,22537816,3519.67,0.15231526,1
1506694405,22537815,3520.00,0.00786703,1
1506694405,22537814,3520.12,0.48598189,1
1506694390,22537806,3520.00,0.00552785,0
1506694388,22537805,3520.00,0.22500000,0
1506694385,22537800,3520.00,0.16947215,0
1506694385,22537799,3519.70,0.00000507,0
1506694384,22537795,3519.70,0.05869800,0
1506694383,22537789,3511.50,6.70510616,1
1506694382,22537788,3511.51,3.80345458,1
1506694382,22537787,3513.68,0.00560000,1
1506694382,22537786,3514.88,0.37000000,1
1506694382,22537785,3515.31,0.42000000,1
1506694382,22537784,3515.34,0.02215140,1
1506694382,22537782,3515.61,0.19888786,1
1506694382,22537781,3515.70,3.47480000,1
1506694361,22537773,3519.70,0.02763828,0
1506694325,22537750,3519.70,0.01000000,0
1506694281,22537715,3519.70,0.00904200,0
1506694279,22537713,3513.20,0.00859991,1
1506694262,22537708,3519.70,0.01416882,0
1506694243,22537701,3519.70,0.08044783,0
1506694224,22537672,3519.68,0.00325000,0
1506694224,22537671,3515.82,0.01000000,0
1506694210,22537666,3518.53,0.01000000,1
1506694204,22537661,3519.96,0.01025000,0
1506694164,22537652,3511.60,0.18399410,1
1506694154,22537642,3519.84,0.04761012,0
1506694144,22537637,3519.99,0.01000000,0
1506694104,22537616,3518.99,0.00794887,0
1506694058,22537583,3510.60,0.02770000,0
1506694056,22537577,3516.74,0.01000000,1
1506694044,22537575,3519.87,0.00828657,0
1506693901,22537504,3519.97,0.01305000,0
1506693896,22537501,3519.99,0.02500000,0
1506693878,22537495,3519.97,0.00090308,1
1506693865,22537484,3519.97,0.01404591,0
1506693864,22537478,3519.97,0.01331774,0
1506693863,22537470,3519.97,0.16263635,0
1506693862,22537469,3519.94,0.10025000,0
1506693854,22537459,3520.00,1.05919485,0
1506693854,22537458,3519.99,0.23000000,0
1506693853,22537457,3512.93,0.00505430,1
1506693849,22537447,3520.00,2.82541656,0
1506693842,22537444,3519.97,0.02810205,0
1506693804,22537416,3520.00,0.00929092,0
1506693784,22537412,3519.94,0.03109931,0
1506693749,22537388,3520.00,0.07314152,0
1506693735,22537380,3519.99,0.02531684,0
1506693734,22537378,3519.99,0.13950955,0
1506693733,22537377,3519.99,0.03127000,0
1506693730,22537375,3519.94,0.11873795,0
1506693728,22537374,3520.00,0.21665618,0
1506693723,22537373,3520.00,0.01197546,0
1506693701,22537353,3519.97,0.05332203,0
1506693681,22537350,3512.43,0.01539891,1
1506693658,22537343,3520.00,0.01000000,0
1506693623,22537323,3520.00,0.64139400,0
1506693543,22537277,3520.00,0.01771000,0
1506693542,22537273,3520.00,0.05041330,0
1506693526,22537238,3516.77,0.03000000,1
1506693525,22537219,3520.00,1.41662784,0
1506693504,22537211,3520.00,0.01221645,0
1506693485,22537189,3520.00,0.05884839,0
1506693484,22537184,3520.00,0.01329926,0
1506693464,22537173,3520.00,0.12419700,0
1506693463,22537170,3515.97,0.04586405,1
1506693457,22537169,3520.00,0.42517196,0
1506693445,22537163,3520.00,0.33690711,0
1506693442,22537161,3520.00,0.18892500,0
1506693435,22537156,3520.00,0.01000000,0
1506693415,22537136,3524.97,0.02333444,0
1506693406,22537132,3519.83,0.00202780,1
1506693403,22537130,3520.00,0.03452771,0
1506693401,22537126,3520.00,0.34131300,0
1506693399,22537125,3520.00,0.10000000,0
1506693395,22537123,3520.00,1.01715000,0
1506693388,22537114,3523.47,0.01000000,1
1506693364,22537084,3525.00,0.02603404,0
1506693361,22537082,3524.97,0.01305000,0
1506693322,22537055,3524.99,0.01000000,0
1506693316,22537051,3525.00,0.55669787,0
1506693314,22537050,3524.97,0.00304635,0
1506693293,22537035,3524.97,0.05106400,0
1506693283,22537022,3515.75,0.10204313,1
1506693280,22537019,3524.89,0.01000000,0
1506693263,22537006,3524.86,0.01896641,0
1506693241,22536996,3519.20,0.43212641,1
1506693225,22536990,3513.91,0.01000000,1
1506693218,22536985,3513.69,0.35357610,1
1506693195,22536941,3524.72,0.06200416,0
1506693193,22536937,3520.00,0.07761131,0
1506693188,22536933,3520.00,0.02238869,0
1506693188,22536932,3520.00,0.00533221,0
1506693184,22536929,3520.00,0.02343200,0
1506693179,22536924,3520.00,0.01000000,0
1506693137,22536872,3513.52,0.01396321,1
1506693134,22536865,3520.00,0.00320170,0
1506693124,22536858,3511.81,0.00997600,1
1506693090,22536818,3510.81,0.05000000,1
1506693083,22536788,3520.00,0.20403409,0
1506693076,22536773,3510.27,0.12645553,1
1506693064,22536744,3519.91,0.01000000,0
1506693025,22536722,3519.97,0.09572700,0
1506693012,22536708,3511.80,0.14000000,1
1506693001,22536696,3510.37,0.16587654,1
1506692989,22536682,3510.80,0.50072678,1
1506692984,22536665,3510.60,0.02860636,1
1506692966,22536630,3524.00,0.00817741,0
1506692960,22536627,3523.97,0.01000000,0
1506692917,22536618,3524.61,0.11326360,0
1506692901,22536612,3510.50,0.13924564,1
1506692889,22536607,3510.13,0.05670000,0
1506692885,22536606,3524.70,0.41743811,0
1506692865,22536577,3524.90,0.03345849,0
1506692865,22536576,3524.82,0.01345371,0
1506692864,22536571,3524.79,0.04360820,0
1506692854,22536555,3524.91,0.32457017,0
1506692853,22536552,3503.81,0.01345371,1
1506692850,22536534,3503.80,0.01396000,1
1506692844,22536502,3503.64,0.88064272,1
1506692837,22536477,3524.97,0.04442344,0
1506692827,22536467,3524.99,0.02423175,0
1506692812,22536422,3524.99,0.22300376,0
1506692811,22536417,3524.99,0.05938050,0
1506692808,22536408,3525.00,0.01048101,0
1506692808,22536406,3525.00,0.13533343,0
1506692807,22536401,3500.01,1.88674981,1
1506692807,22536400,3500.75,0.09106499,1
1506692807,22536399,3501.03,0.05166194,1
1506692807,22536398,3501.91,0.21469983,1
1506692806,22536397,3502.00,0.04490000,1
1506692806,22536396,3502.08,0.09092343,1
1506692806,22536395,3502.08,1.24545296,1
1506692806,22536394,3502.63,0.02430000,1
1506692806,22536393,3504.00,2.00000000,1
1506692806,22536392,3504.20,0.00228146,1
1506692806,22536391,3506.29,0.00228147,1
1506692806,22536390,3508.39,0.00228148,1
1506692805,22536389,3508.41,0.08340263,1
1506692805,22536388,3508.41,0.93374737,1
1506692805,22536387,3508.43,0.08000000,1
1506692805,22536386,3510.00,0.87600000,1
1506692805,22536385,3510.49,0.00228149,1
1506692805,22536384,3511.23,0.50000000,1
