date,tid,price,amount,type
1506729654,22556491,4158.75,1.34938898,1
1506729653,22556490,4158.76,0.00570602,1
1506729653,22556489,4159.17,0.00350000,1
1506729653,22556488,4159.26,0.05000000,1
1506729603,22556471,4162.04,0.00821000,0
1506729587,22556468,4164.82,0.00463253,0
1506729587,22556467,4159.26,0.00876334,0
1506729389,22556451,4159.22,0.02436902,0
1506729359,22556448,4159.24,0.01000000,0
1506729300,22556435,4159.28,0.05522824,1
1506729293,22556434,4162.92,0.12124697,0
1506729292,22556432,4164.00,0.99999981,1
1506729288,22556431,4164.00,0.00000019,0
1506729254,22556427,4162.95,0.01000000,0
1506729218,22556403,4162.96,0.05300000,0
1506729100,22556396,4163.25,0.00930764,0
1506729004,22556387,4163.28,0.01100000,0
1506728986,22556386,4163.31,0.00500000,0
1506728971,22556385,4163.32,0.00443268,0
1506728943,22556382,4163.34,0.02728000,0
1506728817,22556371,4164.00,0.07780881,0
1506728817,22556370,4163.10,0.01177919,0
1506728817,22556369,4156.01,0.04442000,0
1506728807,22556368,4156.01,0.02500000,0
1506728789,22556367,4156.01,0.01300000,0
1506728771,22556366,4163.09,0.03900000,0
1506728763,22556364,4163.09,0.04961500,0
1506728763,22556363,4163.09,0.05510810,0
1506728753,22556361,4161.31,0.04300000,0
1506728735,22556359,4161.32,0.00600000,0
1506728733,22556358,4154.89,0.04756173,1
1506728733,22556357,4154.90,0.00879924,1
1506728732,22556356,4161.30,0.02075003,1
1506728719,22556355,4161.32,0.07391412,0
1506728718,22556354,4161.32,0.01000000,0
1506728704,22556353,4161.30,0.02036797,1
1506728683,22556351,4161.35,0.00500000,0
1506728657,22556349,4154.45,0.05900369,0
1506728657,22556348,4154.45,0.03300000,0
1506728630,22556345,4160.62,0.00290429,0
1506728630,22556344,4156.53,0.00409571,0
1506728627,22556343,4154.40,1.15000000,1
1506728627,22556342,4154.40,0.42620621,1
1506728623,22556341,4154.40,0.72379379,1
1506728623,22556340,4154.40,0.85462621,1
1506728623,22556339,4154.49,3.42158000,1
1506728622,22556338,4154.46,0.57842000,0
1506728620,22556337,4154.40,0.29537379,1
1506728620,22556336,4154.40,0.27958025,1
1506728620,22556335,4154.42,5.00000000,1
1506728611,22556334,4154.46,0.41790203,1
1506728611,22556333,4154.47,0.00367797,1
1506728608,22556332,4154.46,1.00000000,1
1506728587,22556331,4156.53,0.00554209,0
1506728584,22556330,4154.47,0.05630653,0
1506728554,22556317,4154.44,0.08034000,1
1506728542,22556316,4154.47,0.00276930,0
1506728541,22556315,4154.47,0.01000000,0
1506728536,22556275,4154.47,0.00092417,0
1506728536,22556274,4154.47,0.00184612,0
1506728532,22556273,4154.47,0.01834388,0
1506728522,22556272,4154.43,0.02651747,1
1506728488,22556269,4154.43,0.50000000,1
1506728459,22556256,4154.43,1.00000000,1
1506728456,22556255,4154.43,1.00000000,1
1506728454,22556254,4154.43,1.00000000,1
1506728424,22556253,4160.69,0.20821783,0
1506728423,22556252,4160.69,0.02287558,0
1506728423,22556251,4160.69,0.02198555,0
1506728422,22556250,4154.47,1.00000000,1
1506728419,22556249,4154.47,1.00000000,1
1506728416,22556248,4154.47,1.00000000,1
1506728409,22556244,4154.60,0.87150000,0
1506728408,22556243,4154.61,0.04710031,1
1506728368,22556240,4160.70,0.05700000,0
1506728337,22556235,4160.70,0.01244074,0
1506728337,22556234,4160.69,0.01729041,0
1506728293,22556229,4163.10,0.10550000,0
1506728293,22556228,4163.08,0.87150000,0
1506728292,22556227,4161.48,0.02300000,0
1506728223,22556213,4161.35,0.05513114,0
1506728193,22556209,4161.37,0.00184400,0
1506728184,22556208,4161.37,0.00225100,0
1506728184,22556207,4163.10,0.00209459,0
1506728183,22556206,4163.10,0.00221465,0
1506728183,22556205,4163.10,0.00200761,0
1506728183,22556203,4163.10,0.00251057,0
1506728182,22556202,4163.04,0.00274184,0
1506728182,22556201,4163.04,0.00246276,0
1506728182,22556200,4163.04,0.00242516,0
1506728181,22556199,4163.04,0.00291826,0
1506728165,22556198,4163.10,0.02204055,0
1506728163,22556197,4161.38,0.00000071,0
1506728161,22556195,4161.38,0.20808175,1
1506728160,22556194,4161.39,0.01521854,1
1506728143,22556193,4163.04,0.00160240,0
1506728103,22556189,4161.38,0.01263946,1
1506728051,22556185,4161.39,0.17038586,1
1506728050,22556184,4163.10,0.12211359,0
1506728047,22556183,4163.10,0.09800870,0
1506728045,22556182,4161.39,0.15888641,1
1506728045,22556181,4161.48,0.07630281,1
1506728011,22556178,4161.39,0.00999966,1
1506728004,22556177,4161.46,0.00999966,1
1506728002,22556176,4161.46,0.02999966,1
1506727985,22556174,4163.10,0.11021594,0
1506727982,22556172,4163.10,0.04800000,0
1506727957,22556170,4163.10,0.05200000,0
1506727931,22556169,4163.10,0.44221507,0
1506727931,22556168,4163.06,3.96750564,0
1506727916,22556165,4163.08,0.00505000,1
1506727902,22556164,4163.07,0.12958025,0
1506727858,22556157,4161.37,3.97255564,1
1506727858,22556156,4161.38,0.02744436,1
1506727847,22556154,4163.09,0.02678172,0
1506727842,22556152,4160.00,0.03665301,1
1506727837,22556151,4156.94,0.03539228,1
1506727831,22556150,4163.10,1.00000000,0
1506727830,22556149,4159.69,0.08420000,1
1506727830,22556148,4159.71,0.00787771,1
1506727829,22556144,4163.10,0.97929954,0
1506727828,22556143,4163.07,0.02070046,0
1506727828,22556141,4159.70,0.08702870,1
1506727826,22556138,4163.10,1.00000000,0
1506727823,22556133,4163.10,1.00000000,0
1506727818,22556125,4163.08,0.87150000,0
1506727813,22556122,4162.16,0.04205509,1
1506727810,22556119,4162.16,1.00000000,0
1506727808,22556118,4159.69,0.04590800,1
1506727807,22556115,4162.16,1.00000000,0
1506727805,22556113,4162.16,1.00000000,0
1506727804,22556112,4162.97,1.00000000,1
1506727801,22556111,4156.92,0.94419967,1
1506727801,22556110,4161.43,1.00000000,1
1506727795,22556106,4161.43,0.19914015,1
1506727794,22556105,4161.43,0.06677411,0
1506727792,22556100,4161.43,0.93322349,1
1506727792,22556099,4161.43,0.06677651,0
1506727783,22556098,4159.68,0.00353584,0
1506727778,22556096,4159.43,0.10144000,0
1506727777,22556095,4159.42,0.17755600,0
1506727776,22556094,4158.84,0.10961940,1
1506727773,22556092,4158.84,0.25318923,1
1506727772,22556091,4158.84,0.03760184,0
1506727770,22556090,4158.83,0.00185457,1
1506727769,22556087,4158.82,0.17753500,0
1506727765,22556084,4156.90,0.02085735,1
1506727762,22556081,4158.83,0.01984427,0
1506727762,22556080,4157.24,0.57495404,1
1506727761,22556079,4158.84,0.03760511,1
1506727759,22556078,4154.40,0.87041975,1
1506727758,22556076,4156.90,0.91495936,0
1506727758,22556075,4156.88,0.08504064,0
1506727757,22556074,4156.88,0.90315936,0
1506727754,22556072,4156.88,0.01185719,0
1506727752,22556069,4156.00,0.20019040,1
1506727747,22556065,4156.88,0.01185719,1
1506727747,22556064,4156.00,0.01996533,0
1506727745,22556063,4154.40,2.23754470,0
1506727744,22556062,4154.40,0.16645530,0
1506727744,22556061,4154.40,3.89974887,0
1506727744,22556060,4154.38,0.87150000,0
1506727743,22556059,4154.40,0.01371900,0
1506727742,22556058,4154.40,0.06229583,0
1506727741,22556057,4154.38,4.00000000,0
1506727741,22556056,4154.32,0.93770417,0
1506727739,22556052,4154.40,0.02423630,0
1506727738,22556051,4154.39,0.16255178,0
1506727738,22556050,4154.20,0.87150000,0
1506727718,22556048,4151.95,0.09900000,0
1506727708,22556045,4151.95,0.16200000,0
1506727699,22556042,4153.09,0.01986947,0
1506727699,22556041,4153.08,0.05303608,0
1506727697,22556039,4153.09,0.16200000,0
1506727697,22556038,4147.89,0.17200000,0
1506727683,22556031,4152.16,0.24751419,0
1506727683,22556030,4151.35,0.87150000,0
1506727658,22556019,4149.08,0.00185457,0
1506727653,22556018,4149.08,0.03805700,0
1506727648,22556017,4152.14,0.00500000,0
1506727625,22556016,4146.68,0.06700000,1
1506727621,22556015,4150.72,0.27254019,0
1506727616,22556014,4155.32,0.03300000,0
1506727607,22556010,4146.67,0.50000000,0
1506727535,22556000,4155.31,0.02929583,0
1506727530,22555994,4146.62,0.05145981,1
1506727530,22555993,4146.67,0.02603045,1
1506727479,22555986,4149.85,0.09900000,0
1506727476,22555985,4149.85,0.58640000,0
1506727475,22555984,4149.85,1.00000000,0
1506727473,22555983,4149.85,1.00000000,0
1506727462,22555982,4151.09,0.44499500,0
1506727462,22555981,4151.07,0.87150000,0
1506727430,22555979,4146.62,0.05549736,1
1506727428,22555978,4146.64,0.16739066,1
1506727422,22555976,4146.62,0.06477215,1
1506727422,22555975,4146.63,0.07927248,1
1506727412,22555974,4149.93,0.02271541,0
1506727399,22555972,4146.62,0.01323549,1
1506727396,22555971,4149.94,0.07300319,0
1506727386,22555969,4151.24,0.68500000,0
1506727385,22555967,4148.35,0.01500000,0
1506727327,22555947,4144.07,0.00500000,0
1506727326,22555945,4143.91,0.01500000,0
1506727299,22555936,4139.59,0.50696715,1
1506727272,22555933,4147.65,0.03690392,0
1506727272,22555932,4145.90,0.01400000,0
1506727272,22555931,4145.00,0.01809608,0
1506727267,22555930,4145.00,0.02190392,0
1506727229,22555926,4139.54,0.00187354,1
1506727212,22555922,4144.16,0.00460904,0
1506727208,22555921,4144.18,0.88934214,0
1506727202,22555919,4144.31,0.06065786,0
1506727201,22555918,4144.32,0.06065786,0
1506727200,22555917,4144.33,0.02900000,0
1506727195,22555915,4144.20,0.16384344,0
1506727177,22555895,4139.58,0.07801705,1
1506727153,22555886,4145.82,0.23056800,0
1506727152,22555883,4139.57,0.05079112,1
1506727150,22555876,4142.96,0.04764691,1
1506727146,22555874,4144.53,0.01000000,0
1506727120,22555858,4144.96,0.01502888,0
1506727096,22555856,4145.46,0.01327398,0
1506727089,22555853,4145.61,0.00187354,0
1506727085,22555850,4142.96,0.01600000,1
1506727074,22555848,4145.82,0.02800000,0
1506727059,22555830,4139.53,0.11905600,0
1506727056,22555823,4139.53,0.05000000,0
1506727055,22555820,4139.53,0.06200000,0
1506727055,22555819,4134.31,0.00188558,1
1506727053,22555815,4139.53,0.27500000,0
1506727052,22555814,4142.92,0.00188558,1
1506727052,22555812,4142.93,0.07500000,0
1506727049,22555811,4132.03,0.00189837,1
1506727048,22555804,4142.92,0.05000000,0
1506727046,22555802,4142.93,0.05000000,0
1506727038,22555801,4142.94,0.01400000,0
1506727038,22555800,4139.54,0.02000000,0
1506727012,22555792,4142.94,0.03702076,0
1506726979,22555789,4142.97,0.01200000,0
1506726979,22555788,4142.96,0.12581628,0
1506726967,22555785,4147.39,0.08464007,0
1506726966,22555784,4146.20,0.00000083,1
1506726966,22555783,4146.20,0.02600000,1
1506726966,22555782,4146.20,9.22097917,1
1506726963,22555781,4144.00,0.61512874,0
1506726963,22555780,4142.97,0.16389209,0
1506726956,22555777,4142.99,0.00189837,0
1506726954,22555775,4132.04,0.00191521,1
1506726940,22555773,4143.00,0.06837619,0
1506726920,22555771,4144.05,0.00191521,1
1506726915,22555769,4144.05,0.06287755,0
1506726910,22555765,4143.03,0.00002030,0
1506726910,22555764,4139.59,0.02900000,0
1506726905,22555762,4132.01,0.00193155,1
1506726903,22555761,4132.01,0.02167753,1
1506726902,22555760,4143.03,0.00193155,0
1506726900,22555759,4132.01,0.00194805,1
1506726859,22555741,4147.14,0.07011163,0
1506726849,22555732,4133.75,1.55124904,1
1506726848,22555731,4133.81,0.01996533,0
1506726848,22555730,4133.81,0.30378563,0
1506726848,22555729,4133.81,0.37000000,0
1506726847,22555725,4133.80,1.72850000,1
1506726847,22555724,4133.80,0.87150000,1
1506726844,22555723,4133.77,0.02791756,1
1506726844,22555722,4134.00,0.04600000,1
1506726844,22555721,4134.00,0.96200000,0
1506726844,22555720,4134.30,0.00194006,1
1506726843,22555719,4135.41,0.16980000,1
1506726843,22555718,4136.00,0.04600000,1
1506726842,22555717,4140.00,2.00000000,1
1506726842,22555716,4140.00,0.10627694,1
1506726842,22555715,4140.00,0.00191789,1
1506726841,22555714,4140.05,0.00193007,1
1506726841,22555713,4140.64,0.89900000,1
1506726841,22555712,4142.92,0.00193078,1
1506726840,22555711,4144.12,0.73528670,1
1506726831,22555708,4148.34,1.00420000,0
1506726822,22555703,4144.12,3.67894878,1
1506726821,22555702,4144.12,1.99000000,1
1506726816,22555700,4144.12,0.12850000,1
1506726815,22555699,4144.14,0.87150000,1
1506726812,22555695,4144.12,1.00000000,1
1506726806,22555694,4145.00,0.07209442,0
1506726804,22555693,4145.00,0.00194805,0
1506726804,22555692,4147.41,0.80332750,1
1506726800,22555691,4145.00,0.16770000,1
1506726792,22555688,4146.27,0.19048964,0
1506726792,22555687,4146.27,0.55312717,1
1506726784,22555685,4148.53,1.69337600,1
1506726783,22555684,4151.65,4.00000000,0
1506726779,22555679,4152.00,2.00000000,1
1506726778,22555678,4152.01,0.72026051,1
1506726778,22555677,4152.01,1.00000000,1
1506726777,22555676,4152.03,0.04719395,1
1506726741,22555668,4160.77,0.14568334,0
1506726741,22555667,4156.91,0.03000000,0
1506726740,22555666,4156.55,0.02800000,0
1506726740,22555665,4155.88,0.01500000,0
1506726727,22555663,4155.57,0.02216250,0
1506726725,22555661,4155.57,0.00006310,0
1506726724,22555660,4152.03,0.09013000,0
1506726718,22555655,4152.02,0.00196370,1
1506726716,22555652,4155.58,0.00196370,0
1506726713,22555649,4152.02,0.00197871,1
1506726705,22555646,4152.02,0.04813816,0
1506726702,22555645,4152.02,0.01099500,0
1506726690,22555644,4152.01,0.01323816,1
1506726690,22555643,4152.01,0.25895533,1
1506726680,22555610,4152.05,4.12850000,0
1506726676,22555609,4152.05,0.87150000,1
1506726666,22555602,4155.61,0.00197871,0
1506726663,22555601,4152.03,0.00199311,1
1506726661,22555600,4155.61,0.00199311,0
1506726624,22555595,4152.05,0.00201090,1
1506726612,22555594,4161.40,0.02680630,0
1506726612,22555593,4155.64,0.03600000,0
1506726607,22555592,4158.77,0.12412545,0
1506726605,22555591,4158.77,0.25816854,0
1506726605,22555590,4158.47,0.87150000,1
1506726603,22555589,4155.08,0.00971096,0
1506726587,22555587,4158.45,0.00201090,0
1506726549,22555586,4152.02,0.00202781,1
1506726542,22555584,4159.24,0.02206172,0
1506726516,22555581,4156.97,0.02409565,1
1506726513,22555580,4159.14,0.00202781,0
1506726511,22555579,4152.01,0.00204697,1
1506726484,22555561,4158.19,0.56373566,0
1506726463,22555557,4159.24,0.00204697,0
1506726461,22555556,4156.94,0.00206137,1
1506726458,22555555,4159.24,0.00206137,0
1506726432,22555546,4159.19,0.01500000,0
1506726417,22555541,4157.42,0.01127924,0
1506726416,22555540,4157.41,4.00000000,0
1506726400,22555539,4157.41,0.04210400,0
1506726396,22555537,4157.41,0.01127924,0
1506726384,22555529,4157.42,0.00314068,0
1506726364,22555525,4157.41,0.22313893,0
1506726363,22555523,4157.41,0.11036920,0
1506726359,22555514,4157.42,0.00254278,0
1506726340,22555513,4156.91,0.27769807,1
1506726337,22555512,4156.91,0.48213152,1
1506726336,22555511,4156.92,4.00000000,1
1506726336,22555510,4156.94,0.13786848,1
1506726316,22555507,4157.42,0.01542867,0
1506726275,22555494,4157.42,0.02560863,0
1506726267,22555492,4157.00,0.07200060,0
1506726259,22555490,4156.91,0.00207573,1
1506726244,22555489,4157.00,0.02000000,0
1506726223,22555488,4157.00,1.00000000,0
1506726222,22555487,4157.00,0.05343890,0
1506726212,22555486,4152.72,0.00249792,1
1506726183,22555483,4156.91,0.11038247,0
1506726126,22555479,4157.00,0.40056050,0
1506726124,22555478,4156.95,0.16334091,0
1506726048,22555461,4157.45,3.45400000,1
1506726038,22555458,4157.45,0.04000000,1
1506726038,22555457,4157.45,0.15500000,1
1506726038,22555456,4157.45,0.17800000,1
1506726038,22555455,4157.45,0.17300000,1
1506726025,22555451,4161.43,0.00207573,0
1506726021,22555448,4155.00,3.63566705,0
1506726019,22555447,4155.00,0.09843803,0
1506726017,22555446,4155.92,0.10073663,1
1506726017,22555445,4155.94,0.02448062,1
1506726016,22555444,4160.17,1.14067767,1
1506726013,22555443,4161.45,0.00686725,1
1506726004,22555442,4162.87,0.11022444,0
1506726001,22555440,4162.89,0.01800000,0
1506725987,22555437,4161.44,0.00209254,1
1506725974,22555436,4164.00,0.01119100,0
1506725973,22555435,4161.42,0.04106032,1
1506725964,22555428,4164.00,0.11100000,0
1506725964,22555427,4161.42,1.20951800,1
1506725943,22555424,4161.72,0.01937122,0
1506725937,22555423,4161.77,1.92880000,1
1506725930,22555422,4159.37,0.06200000,0
1506725930,22555421,4158.85,0.00920000,0
1506725883,22555416,4158.79,0.20569747,0
1506725878,22555415,4158.69,0.24000000,0
1506725873,22555414,4158.69,0.06000000,0
1506725845,22555407,4155.89,0.00339040,1
1506725837,22555406,4154.61,0.55445979,1
1506725837,22555405,4154.64,0.12362069,1
1506725834,22555403,4155.92,0.00113091,1
1506725829,22555402,4155.88,0.64989771,1
1506725829,22555401,4155.91,0.20107786,1
1506725827,22555400,4161.88,0.14647517,0
1506725823,22555399,4155.91,0.62356018,1
1506725823,22555398,4155.91,0.14977290,1
1506725812,22555366,4155.93,0.03090200,1
1506725812,22555363,4163.70,0.87150000,0
1506725812,22555362,4161.89,0.02399167,0
1506725801,22555349,4161.03,0.08496076,0
1506725794,22555342,4161.03,0.64196219,0
1506725789,22555340,4161.03,0.04801257,0
1506725778,22555333,4161.89,0.00577211,0
1506725777,22555332,4160.60,0.01200000,0
1506725777,22555331,4159.02,0.03491574,0
1506725731,22555298,4159.02,0.00482426,0
1506725729,22555297,4158.76,0.44406806,0
1506725696,22555290,4159.02,0.00700000,0
1506725657,22555279,4156.00,0.01429748,1
1506725601,22555273,4160.45,0.01068235,0
1506725544,22555263,4161.89,0.02923622,0
1506725523,22555259,4160.42,0.02054400,0
1506725516,22555258,4163.86,0.01200000,0
1506725504,22555257,4164.00,0.09918951,0
1506725504,22555256,4156.68,0.05869586,0
1506725493,22555253,4156.68,0.00429964,0
1506725479,22555251,4156.68,0.00300450,0
1506725466,22555246,4161.08,0.00209254,0
1506725458,22555243,4158.15,0.09143170,0
1506725428,22555240,4155.12,0.00210894,1
1506725423,22555239,4153.56,0.03400000,0
1506725418,22555238,4153.56,0.01000000,0
1506725408,22555227,4155.47,0.02200000,1
1506725408,22555226,4155.47,0.01700000,1
1506725397,22555225,4154.48,0.00500000,0
1506725397,22555224,4154.48,0.02200000,0
1506725396,22555223,4154.48,0.02200000,0
1506725383,22555222,4154.47,0.12000000,0
1506725374,22555221,4154.47,0.00210894,0
1506725359,22555218,4154.48,0.05200000,0
1506725331,22555210,4159.11,0.03000000,1
1506725311,22555196,4154.67,0.00600000,0
1506725298,22555192,4154.42,0.03478918,1
1506725283,22555191,4158.58,0.85523870,0
1506725283,22555190,4154.99,0.07708314,0
1506725283,22555189,4154.68,0.16343016,0
1506725274,22555184,4154.52,0.24050150,0
1506725272,22555183,4154.52,0.50075000,0
1506725249,22555174,4146.24,1.82776965,1
1506725248,22555173,4146.27,0.19648425,1
1506725238,22555171,4154.99,0.01391686,0
1506725230,22555166,4156.17,0.16508000,1
1506725223,22555159,4156.13,0.00549100,0
1506725182,22555148,4157.41,0.00077933,1
1506725181,22555147,4157.41,0.02500000,1
1506725169,22555144,4158.02,0.05320000,0
1506725165,22555143,4157.40,0.02800000,1
1506725155,22555142,4150.40,0.01770167,1
1506725153,22555141,4157.39,0.00598933,1
1506725108,22555115,4150.40,0.30000000,1
1506725103,22555112,4154.06,1.00000000,1
1506725098,22555111,4154.06,0.01095200,1
1506725098,22555110,4154.58,0.00002600,1
1506725097,22555109,4161.76,0.03140425,0
1506725089,22555108,4154.58,0.01297400,1
1506725075,22555107,4148.09,3.55405023,0
1506725075,22555106,4148.09,0.02964780,0
1506725074,22555105,4148.25,1.00000000,0
1506725073,22555104,4152.02,0.19011000,0
1506725072,22555103,4152.02,0.22619197,1
1506725061,22555102,4161.86,0.12850000,1
1506725061,22555100,4161.78,0.87150000,0
1506725054,22555099,4157.43,0.26342000,1
1506725051,22555098,4162.09,0.02478348,0
1506725049,22555096,4156.00,0.13200000,1
1506725045,22555095,4156.00,0.24329318,0
1506725044,22555094,4156.00,0.56403513,0
1506725039,22555087,4152.96,0.11000000,0
1506725031,22555084,4152.00,0.52002800,0
1506725029,22555082,4152.00,1.00000000,0
1506725023,22555077,4151.52,1.00000000,0
1506725021,22555073,4151.52,1.00000000,0
1506725017,22555068,4151.52,1.00000000,0
1506725016,22555067,4151.52,1.00000000,1
1506725013,22555066,4152.00,0.43322600,0
1506725011,22555064,4152.00,0.04674600,0
1506725009,22555062,4151.52,1.00000000,0
1506725007,22555061,4151.52,2.00000000,0
1506725006,22555060,4151.52,1.00000000,0
1506725004,22555059,4151.01,0.16361840,1
1506724993,22555058,4149.91,0.15900000,0
1506724986,22555057,4151.01,0.01300000,0
1506724986,22555056,4150.92,0.98700000,0
1506724976,22555055,4144.12,8.08000000,1
1506724976,22555053,4144.13,0.39000000,0
1506724973,22555052,4151.01,0.45643400,0
1506724972,22555051,4151.01,0.01770000,0
1506724971,22555050,4144.12,22.26411756,1
1506724971,22555049,4144.13,0.43000000,1
1506724971,22555048,4144.14,4.42000000,1
1506724971,22555047,4145.00,0.96000000,1
1506724971,22555046,4145.80,0.00193008,1
1506724971,22555045,4147.00,0.95100000,1
1506724971,22555044,4148.00,0.95100000,1
1506724971,22555043,4150.00,0.11209564,1
1506724970,22555042,4150.00,0.00191327,1
1506724970,22555041,4150.00,0.90626372,1
1506724970,22555040,4151.00,1.63548783,1
1506724966,22555029,4151.01,0.00578670,0
1506724959,22555028,4151.01,0.02930852,1
1506724958,22555027,4152.96,0.02003000,1
1506724948,22555022,4151.55,0.00193009,1
1506724948,22555021,4151.97,0.95800000,1
1506724948,22555020,4152.97,0.94800000,1
1506724948,22555019,4153.97,0.02469159,1
1506724937,22555012,4155.69,4.54878806,0
1506724933,22555010,4157.05,0.01444633,0
1506724924,22555008,4157.63,2.40227720,1
1506724924,22555007,4159.74,0.02206147,0
1506724922,22555005,4157.62,0.16331459,0
1506724922,22555004,4157.00,0.25440821,0
1506724918,22555001,4156.97,0.01300000,0
1506724907,22554996,4153.97,1.00000000,1
1506724905,22554995,4153.97,0.14332581,1
1506724904,22554994,4153.97,1.00000000,1
1506724902,22554993,4153.97,1.00000000,1
1506724899,22554992,4153.97,1.00000000,1
1506724896,22554991,4153.97,1.00000000,1
1506724894,22554989,4153.97,1.00000000,1
1506724891,22554988,4153.97,1.00000000,1
1506724888,22554986,4153.97,1.00000000,1
1506724886,22554985,4153.97,1.00000000,1
1506724884,22554984,4157.01,0.02437041,0
1506724879,22554982,4159.82,0.00500000,0
1506724877,22554981,4153.97,0.58724341,1
1506724877,22554980,4153.99,3.35920600,1
1506724876,22554979,4157.00,0.95079300,0
1506724876,22554978,4157.01,3.35920700,1
1506724873,22554975,4157.64,0.00479394,0
1506724870,22554974,4158.01,2.41636900,1
1506724869,22554973,4157.30,0.94600000,0
1506724868,22554972,4157.30,0.00192010,1
1506724867,22554971,4160.00,0.04469910,0
1506724864,22554964,4158.00,0.23450000,1
1506724864,22554963,4159.00,1.00000000,1
1506724863,22554962,4160.00,0.00313510,0
1506724858,22554961,4160.00,0.00190867,1
1506724848,22554951,4163.06,0.01000000,0
1506724847,22554948,4160.19,0.87550038,1
1506724845,22554946,4160.21,4.45000000,1
1506724843,22554940,4163.06,0.00192021,1
1506724842,22554937,4164.84,0.02000000,0
1506724837,22554935,4164.84,0.04388109,1
1506724833,22554933,4164.84,1.00000000,1
1506724831,22554931,4164.84,1.00000000,1
1506724828,22554930,4164.84,1.00000000,1
1506724828,22554928,4166.09,0.14105316,0
1506724826,22554927,4166.09,0.00478866,0
1506724826,22554926,4164.84,1.00000000,1
1506724825,22554924,4164.85,4.42000000,1
1506724824,22554921,4164.84,4.52373173,1
1506724824,22554920,4164.84,7.00000000,1
1506724823,22554919,4164.84,1.00000000,1
1506724821,22554916,4164.84,1.00000000,1
1506724820,22554915,4164.84,7.00000000,1
1506724820,22554914,4164.84,5.00000000,1
1506724819,22554913,4164.84,5.00000000,1
1506724816,22554912,4164.84,7.00000000,1
1506724816,22554911,4164.84,7.00000000,1
1506724815,22554910,4165.06,0.01200000,0
1506724812,22554908,4165.06,1.00000000,1
1506724796,22554902,4169.73,0.01200000,0
1506724787,22554898,4169.74,0.10780000,0
1506724780,22554887,4165.06,0.00221670,1
1506724770,22554873,4164.84,0.54652488,1
1506724770,22554872,4164.84,0.90504033,1
1506724770,22554871,4164.84,0.03082197,1
1506724770,22554870,4164.85,0.16384635,1
1506724769,22554869,4165.03,0.13202403,1
1506724769,22554865,4165.03,0.13312522,1
1506724768,22554862,4164.85,0.18615365,1
1506724768,22554860,4165.00,0.51217050,1
1506724768,22554859,4165.02,0.13312141,1
1506724767,22554858,4165.02,0.60525337,1
1506724767,22554856,4165.02,0.13312522,1
1506724764,22554850,4165.02,0.13312141,1
1506724762,22554847,4165.00,0.13138614,1
1506724762,22554846,4165.00,0.39800012,1
1506724762,22554845,4165.00,0.07196324,1
1506724762,22554844,4165.00,1.04147599,1
1506724762,22554843,4165.00,1.77878304,1
1506724762,22554842,4165.00,0.21584191,1
1506724761,22554840,4165.00,0.10392343,1
1506724761,22554839,4165.00,0.65232728,1
1506724761,22554838,4165.00,0.09412835,1
1506724761,22554837,4165.00,0.02861735,1
1506724761,22554836,4165.00,0.01021627,1
1506724761,22554834,4165.00,0.17103100,1
1506724760,22554832,4166.49,0.87150000,0
1506724759,22554831,4165.00,0.01875273,1
1506724759,22554830,4165.00,0.24236853,1
1506724759,22554829,4165.00,0.08017483,1
1506724759,22554828,4166.49,1.44847297,1
1506724758,22554827,4166.49,1.17941844,1
1506724757,22554818,4166.49,0.28468037,1
1506724757,22554816,4166.49,2.76405996,1
1506724756,22554815,4166.85,0.28967995,1
1506724756,22554814,4167.14,0.33708486,1
1506724756,22554811,4167.06,1.43685668,1
1506724756,22554808,4167.11,0.87150000,1
1506724754,22554797,4166.85,0.73526005,1
1506724754,22554796,4168.81,0.00192022,1
1506724748,22554759,4169.76,0.01857932,0
1506724746,22554745,4169.29,0.75933783,1
1506724745,22554743,4169.66,0.11216217,1
1506724744,22554729,4169.66,0.12702092,1
1506724743,22554718,4176.55,0.01181900,0
1506724743,22554717,4169.73,0.03818100,0
1506724743,22554716,4169.73,0.06822300,0
1506724742,22554712,4169.66,2.07892551,1
1506724742,22554710,4169.68,0.87150000,1
1506724739,22554682,4169.81,0.07239363,1
1506724729,22554635,4172.44,0.00417168,1
1506724729,22554634,4176.44,0.00207832,1
1506724723,22554627,4176.53,0.12616946,0
1506724716,22554626,4169.65,0.00320040,1
1506724695,22554625,4173.70,0.03066115,0
1506724653,22554622,4176.44,0.18844518,0
1506724640,22554620,4171.41,0.10181692,0
1506724633,22554619,4171.43,0.00492000,1
1506724633,22554618,4173.19,0.95300000,1
1506724633,22554617,4175.19,0.00746900,1
1506724630,22554616,4175.19,0.18000000,1
1506724623,22554611,4176.48,0.06818200,0
1506724617,22554606,4176.47,0.07962069,0
1506724617,22554605,4171.42,0.03328031,0
1506724614,22554604,4171.42,0.12949400,0
1506724611,22554597,4169.30,1.00000000,1
1506724609,22554589,4169.30,1.00000000,1
1506724601,22554587,4169.48,1.00000000,1
1506724601,22554586,4171.43,0.14062084,0
1506724598,22554585,4169.48,1.00000000,1
1506724596,22554584,4169.48,1.00000000,1
1506724593,22554583,4169.48,1.00000000,1
1506724581,22554580,4169.30,1.00000000,1
1506724578,22554579,4169.30,1.00000000,1
1506724573,22554577,4171.44,0.03209380,0
1506724563,22554576,4178.82,0.05490066,0
1506724553,22554574,4177.33,0.01402265,0
1506724525,22554572,4178.79,0.03000000,0
1506724525,22554571,4177.65,0.03100000,0
1506724512,22554569,4173.43,1.00000000,1
1506724510,22554567,4173.43,1.00000000,1
1506724507,22554566,4173.43,1.00000000,1
1506724498,22554565,4172.29,0.00442393,1
1506724495,22554564,4178.84,0.00342095,0
1506724479,22554560,4173.42,0.02945800,1
1506724475,22554559,4178.84,0.00900000,0
1506724441,22554556,4173.39,0.03100000,1
1506724426,22554526,4180.16,0.04104388,0
1506724421,22554525,4173.09,0.11160306,1
1506724421,22554524,4173.35,0.03673581,1
1506724410,22554522,4180.16,0.04608675,0
1506724410,22554521,4180.15,0.93266376,0
1506724410,22554519,4180.13,0.87150000,1
1506724408,22554515,4178.03,0.24400000,0
1506724371,22554498,4178.50,0.02996291,0
1506724371,22554497,4176.54,0.01690812,0
1506724368,22554496,4176.54,0.03000000,0
1506724341,22554494,4176.54,0.00820410,0
1506724336,22554493,4176.54,0.05155950,0
1506724317,22554491,4176.54,0.00630000,0
1506724316,22554489,4176.54,0.06249507,0
1506724307,22554486,4176.54,0.06253321,0
1506724296,22554485,4173.35,0.85178543,1
1506724296,22554484,4173.36,0.00159411,1
1506724264,22554481,4175.61,0.02197762,0
1506724259,22554475,4175.61,0.01200000,0
1506724243,22554473,4180.00,0.03180272,0
1506724159,22554464,4173.38,0.58172104,1
1506724098,22554458,4177.61,0.19116958,1
1506724085,22554456,4176.80,0.09576709,1
1506724085,22554455,4176.80,0.00955277,1
1506724069,22554452,4177.60,0.00763000,1
1506724064,22554451,4180.11,0.00567452,0
1506724036,22554446,4177.60,0.09260904,1
1506724035,22554445,4177.60,0.14824887,1
1506724029,22554444,4177.65,0.28000000,1
1506724019,22554441,4177.65,0.02083648,1
1506723993,22554436,4177.62,0.16430314,1
1506723992,22554435,4177.63,0.01024686,1
1506723966,22554430,4180.04,0.00885588,0
1506723802,22554410,4176.81,0.51596600,1
1506723787,22554407,4176.81,0.12974000,1
1506723770,22554406,4177.63,0.13073800,1
1506723720,22554400,4180.13,1.71400000,0
1506723718,22554399,4180.13,0.41015223,0
1506723718,22554398,4180.13,0.16243514,0
1506723560,22554364,4180.41,0.10398705,0
1506723559,22554363,4180.42,0.74150785,1
1506723543,22554361,4184.37,0.10965808,0
1506723541,22554359,4179.55,0.03893915,0
1506723539,22554358,4180.34,0.16106085,1
1506723497,22554350,4184.16,0.05158942,0
1506723497,22554349,4184.12,0.01128970,0
1506723493,22554347,4184.12,0.00271030,0
1506723475,22554335,4184.38,0.02428353,0
1506723475,22554334,4184.32,0.00686139,0
1506723475,22554333,4184.17,0.04100000,0
1506723475,22554332,4184.15,0.16227908,0
1506723456,22554322,4179.98,0.02190993,1
1506723377,22554300,4184.31,0.23419800,0
1506723353,22554297,4180.29,0.06309865,1
1506723341,22554290,4184.32,0.02134919,0
1506723276,22554267,4181.35,0.04815646,1
1506723269,22554264,4185.77,0.09269740,1
1506723269,22554263,4181.38,0.01244909,1
1506723266,22554261,4188.48,0.00572803,0
1506723248,22554253,4188.54,0.04647200,0
1506723228,22554238,4188.47,0.25590950,0
1506723225,22554237,4188.50,0.01337224,0
1506723203,22554231,4188.51,0.02903984,0
1506723195,22554229,4185.71,0.14083185,1
1506723184,22554225,4188.51,0.02190993,0
1506723183,22554222,4188.51,0.09505900,0
1506723168,22554213,4187.95,0.34462873,1
1506723162,22554210,4185.71,1.12532546,0
1506723161,22554209,4185.71,0.23119024,1
1506723150,22554199,4188.53,1.00000000,0
1506723143,22554194,4187.94,0.32600000,0
1506723122,22554183,4185.59,0.61277200,1
1506723112,22554176,4185.58,0.66067600,1
1506723107,22554173,4185.81,0.33800000,0
1506723050,22554097,4181.41,0.15000000,1
1506723034,22554095,4185.80,0.15055081,0
1506723009,22554071,4179.84,0.19310600,1
1506722989,22554047,4185.80,0.12557150,0
1506722989,22554046,4185.78,0.87150000,0
1506722989,22554045,4184.49,0.16226589,0
1506722966,22554030,4179.66,0.07525630,1
1506722948,22554023,4179.64,0.01696600,1
1506722945,22554016,4185.81,0.01714732,1
1506722943,22554015,4184.52,0.00477822,0
1506722925,22553991,4179.60,0.00193477,1
1506722903,22553959,4184.52,0.02422178,0
1506722883,22553948,4185.73,0.09958600,0
1506722850,22553941,4179.52,1.51806213,1
1506722849,22553940,4179.55,2.38680000,1
1506722849,22553939,4179.55,0.09513787,1
1506722849,22553938,4179.56,6.00000000,1
1506722846,22553937,4185.29,0.01535057,0
1506722802,22553918,4179.52,0.46906000,1
1506722802,22553917,4182.99,0.02999915,0
1506722801,22553916,4182.99,0.01999915,0
1506722794,22553913,4183.48,3.93014000,1
1506722790,22553912,4183.48,0.06986000,1
1506722788,22553910,4187.06,1.13141696,0
1506722788,22553909,4186.59,0.03900000,0
1506722781,22553906,4177.55,0.02994000,1
1506722767,22553903,4181.79,0.09431297,0
1506722767,22553902,4180.54,0.00000003,0
1506722767,22553901,4179.02,0.04200000,0
1506722698,22553892,4180.54,0.42641300,0
1506722696,22553891,4180.54,0.02758697,0
1506722686,22553890,4176.80,0.00303134,0
1506722682,22553887,4176.80,0.01562516,0
1506722677,22553886,4173.30,0.01280123,1
1506722666,22553885,4172.98,0.34375229,0
1506722666,22553884,4172.98,0.00688837,0
1506722666,22553883,4172.98,0.03963608,0
1506722662,22553882,4172.98,0.01172326,0
1506722654,22553874,4174.53,0.02394103,0
1506722647,22553868,4174.53,0.12778300,0
1506722647,22553866,4174.53,0.02400000,0
1506722646,22553865,4174.53,0.08917800,0
1506722646,22553864,4174.53,0.10879622,0
1506722645,22553862,4174.53,0.00331469,0
1506722645,22553861,4172.29,0.05916122,0
1506722643,22553860,4172.29,0.00805000,0
1506722596,22553849,4172.29,0.11000869,0
1506722595,22553848,4172.29,0.02650000,1
1506722593,22553847,4176.81,0.00410817,0
1506722565,22553833,4176.14,0.07254542,0
1506722546,22553818,4176.16,0.03637944,0
1506722515,22553805,4177.90,0.01200000,0
1506722497,22553800,4173.27,1.00000000,1
1506722494,22553798,4173.27,1.00000000,1
1506722475,22553792,4173.27,1.00000000,1
1506722465,22553790,4173.69,0.87150000,1
1506722464,22553789,4178.00,0.02196506,0
1506722463,22553786,4178.00,0.00291049,0
1506722462,22553783,4173.62,0.12850000,0
1506722462,22553781,4173.65,0.87150000,1
1506722429,22553775,4176.39,0.12850000,0
1506722426,22553774,4176.43,0.87150000,1
1506722418,22553771,4176.00,0.37947370,0
1506722418,22553770,4176.00,0.25422430,0
1506722416,22553769,4178.00,0.18730200,0
1506722416,22553768,4178.00,0.04800000,1
1506722410,22553765,4179.96,0.21775522,0
1506722404,22553762,4179.96,0.00252961,1
1506722395,22553752,4183.96,0.20569747,1
1506722385,22553749,4184.01,0.06252539,0
1506722384,22553747,4184.01,0.05250180,0
1506722383,22553745,4184.01,0.14839305,1
1506722343,22553735,4187.06,0.13500000,0
1506722342,22553734,4183.99,0.11573167,0
1506722342,22553733,4185.00,0.00149133,1
1506722334,22553731,4187.58,0.03400000,0
1506722325,22553730,4187.11,0.01136355,0
1506722317,22553728,4187.59,0.01300000,0
1506722299,22553726,4187.10,0.00700000,0
1506722249,22553717,4187.52,0.00148258,1
1506722247,22553715,4183.84,0.00161005,1
1506722235,22553711,4187.33,0.00252561,0
1506722222,22553708,4187.50,0.05449200,0
1506722221,22553707,4187.50,0.00272634,0
1506722221,22553706,4187.50,0.00150000,0
1506722213,22553705,4183.82,0.01143800,1
1506722190,22553700,4187.50,0.01362257,0
1506722138,22553695,4187.59,0.00500000,0
1506722118,22553690,4187.15,0.01261893,0
1506722103,22553689,4187.59,0.02043500,0
1506722102,22553688,4187.59,0.00900000,0
1506722085,22553686,4187.19,0.00500000,0
1506722056,22553684,4187.27,0.06062384,0
1506722044,22553682,4187.26,0.02191648,0
1506722024,22553677,4189.49,0.00350989,0
1506722008,22553676,4184.66,0.00597378,0
1506722008,22553675,4183.74,0.05436701,0
1506721976,22553664,4183.74,0.00063299,0
1506721976,22553663,4183.14,0.00236701,0
1506721958,22553658,4183.14,0.02700000,0
1506721940,22553657,4183.14,0.00600000,0
1506721912,22553651,4179.90,0.00347044,0
1506721910,22553649,4180.00,0.15897364,1
1506721909,22553648,4180.00,0.11482636,0
1506721898,22553643,4179.91,0.00347222,0
1506721863,22553625,4179.94,0.02000000,0
1506721769,22553611,4180.00,0.00500000,0
1506721768,22553610,4180.00,0.02376364,0
1506721766,22553609,4183.10,0.05641000,1
1506721751,22553608,4183.14,0.03000000,0
1506721744,22553607,4183.10,0.01700000,1
1506721700,22553573,4182.00,0.00400000,0
1506721699,22553572,4182.00,0.02528445,0
1506721692,22553569,4180.18,1.00000000,1
1506721689,22553568,4180.17,0.91373079,1
1506721689,22553567,4180.17,0.08626921,1
1506721685,22553565,4180.18,0.01500000,0
1506721676,22553562,4183.14,0.54463299,0
1506721676,22553561,4182.01,0.00022353,0
1506721633,22553557,4182.01,0.19977647,0
1506721633,22553556,4181.97,0.00422298,0
1506721623,22553554,4181.97,0.02721700,0
1506721599,22553549,4187.07,0.01210199,0
1506721563,22553543,4187.26,0.00408200,0
1506721509,22553529,4187.80,0.03490830,1
1506721509,22553528,4187.80,0.15713764,0
1506721502,22553520,4187.80,0.00500000,0
1506721488,22553519,4187.84,0.00736129,0
1506721486,22553518,4187.80,0.00999932,0
1506721444,22553510,4189.42,0.00923900,0
1506721443,22553509,4189.34,0.02899500,0
1506721411,22553505,4189.56,0.08839264,1
1506721410,22553504,4189.56,0.00700000,0
1506721391,22553500,4182.22,0.41046095,0
1506721391,22553499,4182.23,0.87150000,0
1506721389,22553498,4186.65,0.11803905,1
1506721383,22553496,4189.84,1.13082609,0
1506721352,22553493,4189.99,0.02419028,0
1506721343,22553490,4189.99,0.03963984,0
1506721343,22553489,4189.95,0.01999932,0
1506721334,22553488,4189.97,0.00075891,0
1506721333,22553487,4189.95,0.00999932,0
1506721331,22553486,4186.61,0.53576005,1
1506721330,22553485,4186.12,0.01088398,1
1506721329,22553484,4186.11,0.01644831,1
1506721325,22553483,4186.61,0.38375626,1
1506721324,22553482,4189.99,2.84737630,0
1506721324,22553481,4189.98,0.16205328,0
1506721324,22553480,4186.61,0.99057042,0
1506721323,22553478,4186.61,0.00942958,0
1506721318,22553475,4186.05,0.87150000,0
1506721317,22553474,4186.05,0.13850000,0
1506721313,22553472,4187.82,0.14140000,1
1506721305,22553465,4189.99,2.38880000,0
1506721304,22553464,4189.99,0.04814416,0
1506721304,22553462,4192.09,0.54520818,1
1506721304,22553461,4193.75,0.00900000,1
1506721304,22553460,4193.82,0.26115927,1
1506721303,22553459,4193.82,2.72648344,1
1506721303,22553458,4193.85,4.00000000,1
1506721303,22553457,4193.86,0.14245712,1
1506721303,22553456,4195.12,3.88054239,1
1506721298,22553453,4195.12,0.06475318,1
1506721291,22553442,4195.12,0.05470443,1
1506721288,22553441,4195.80,0.00942958,0
1506721268,22553438,4198.70,0.69052087,0
1506721267,22553437,4197.00,0.10000000,0
1506721267,22553436,4196.90,0.25500000,0
1506721267,22553435,4196.56,0.08138447,0
1506721266,22553433,4196.04,0.01200000,0
1506721266,22553432,4195.88,0.36900000,0
1506721264,22553431,4195.81,0.87150000,0
1506721235,22553423,4193.82,0.10362193,1
1506721225,22553422,4193.82,4.00000000,1
1506721223,22553421,4193.82,0.16989463,0
1506721204,22553420,4193.81,0.05470443,0
1506721198,22553418,4193.80,0.74063803,1
1506721168,22553415,4193.80,0.12875673,1
1506721165,22553414,4193.81,0.08180495,0
1506721161,22553413,4193.80,0.05945974,1
1506721144,22553405,4193.82,0.00952800,0
1506721109,22553399,4193.82,0.02057737,0
1506721109,22553398,4193.75,0.21279463,0
1506721098,22553396,4193.75,0.00500000,0
1506721083,22553394,4193.75,0.22120537,0
1506721009,22553377,4193.68,0.01500000,0
1506720981,22553373,4188.33,0.09559133,1
1506720964,22553367,4192.09,0.00466100,0
1506720959,22553366,4192.09,1.00000000,0
1506720956,22553364,4192.09,1.00000000,0
1506720955,22553363,4193.72,0.91900000,1
1506720953,22553362,4193.72,0.08100000,0
1506720947,22553361,4188.31,3.82692751,0
1506720945,22553359,4188.31,0.15320000,1
1506720945,22553358,4193.71,0.01987249,1
1506720939,22553356,4187.73,0.59008373,1
1506720936,22553353,4189.00,2.00000000,0
1506720925,22553340,4186.17,0.43228293,0
1506720915,22553338,4186.16,0.02800000,1
1506720883,22553332,4186.13,0.00400000,0
1506720878,22553328,4186.13,0.30951298,0
1506720874,22553327,4186.13,0.40707064,0
1506720868,22553325,4186.17,0.03571707,0
1506720868,22553324,4186.14,0.16220193,0
1506720868,22553323,4186.14,0.03600000,0
1506720859,22553322,4184.01,0.00500000,1
1506720832,22553319,4184.01,0.16835045,1
1506720832,22553318,4184.07,0.02197620,1
1506720830,22553317,4185.57,0.00967335,1
1506720829,22553316,4186.14,0.00800000,0
1506720792,22553302,4186.14,0.03100000,0
1506720756,22553300,4186.14,0.00300000,0
1506720714,22553295,4186.12,0.02381100,0
1506720666,22553281,4181.95,0.20411272,1
1506720665,22553280,4181.96,0.15815690,1
1506720665,22553279,4181.97,0.15090151,1
1506720663,22553278,4186.16,0.02891000,0
1506720658,22553276,4186.16,0.07171407,0
1506720658,22553275,4186.14,0.16220193,0
1506720651,22553273,4181.96,0.08578910,1
1506720647,22553272,4181.96,0.53000002,1
1506720611,22553268,4180.01,0.06555175,1
1506720611,22553267,4180.68,0.05444825,1
1506720595,22553263,4187.52,0.00885259,0
1506720593,22553262,4187.52,0.02200000,0
1506720578,22553260,4186.90,0.02213149,0
1506720556,22553256,4187.54,0.00300000,0
1506720546,22553253,4186.92,0.13535100,0
1506720544,22553252,4185.57,0.08626213,0
1506720543,22553250,4185.57,0.02723200,0
1506720522,22553233,4185.57,0.01191475,0
1506720463,22553220,4185.57,0.23372200,0
1506720423,22553205,4185.57,0.01911300,0
1506720423,22553204,4180.52,0.00192211,1
1506720412,22553203,4185.57,0.00600000,0
1506720257,22553138,4185.57,0.02781882,0
1506720243,22553135,4185.57,0.22163767,0
1506720203,22553127,4185.56,0.23394600,0
1506720197,22553126,4185.56,0.00700000,0
1506720184,22553121,4179.99,2.74550038,0
1506720183,22553120,4179.99,7.00000000,0
1506720182,22553119,4179.99,7.00000000,0
1506720180,22553116,4179.99,2.39110000,0
1506720180,22553115,4180.37,0.86339962,1
1506720173,22553114,4179.98,0.61540395,0
1506720173,22553113,4180.42,0.00429621,1
1506720172,22553112,4180.84,0.08922407,1
1506720161,22553107,4185.56,0.00300000,0
1506720098,22553092,4185.57,0.00200000,0
1506720075,22553088,4180.86,0.01004500,1
1506720075,22553087,4185.56,0.01001000,1
1506720064,22553079,4185.57,0.00544700,0
1506720063,22553078,4185.57,0.00545500,0
1506720057,22553077,4185.57,0.02906022,0
1506720042,22553074,4185.57,0.00400000,0
1506720022,22553073,4185.56,0.01104407,0
1506720004,22553070,4185.56,0.00818000,0
1506719985,22553064,4180.11,0.61147582,1
1506719985,22553063,4180.40,0.17500000,1
1506719983,22553062,4180.66,0.11352418,1
1506719975,22553061,4185.57,0.01133741,0
1506719920,22553054,4180.45,0.00600000,1
1506719914,22553052,4187.90,0.00200000,0
1506719895,22553051,4186.46,0.00300000,0
1506719885,22553047,4187.43,0.10957795,0
1506719874,22553043,4187.97,0.01122012,0
1506719871,22553041,4186.16,0.05500000,0
1506719864,22553039,4186.13,0.02422103,0
1506719856,22553037,4180.87,0.08616629,0
1506719851,22553036,4180.40,0.82500000,0
1506719846,22553032,4179.99,0.31302589,0
1506719829,22553025,4179.99,0.67498964,0
1506719823,22553022,4179.99,0.01363700,0
1506719803,22553020,4179.99,0.00500000,0
1506719766,22553013,4177.86,0.00540000,1
1506719765,22553012,4179.99,1.00000000,0
1506719764,22553011,4179.99,0.01220972,0
1506719760,22553010,4179.98,0.04831854,0
1506719744,22553006,4179.92,0.07000000,0
1506719723,22553004,4179.98,0.11000000,0
1506719697,22553002,4179.93,1.42540186,0
1506719656,22552998,4179.92,0.01256491,0
1506719656,22552997,4175.81,0.00319857,0
1506719636,22552993,4179.00,0.63014250,0
1506719635,22552992,4179.94,21.00000000,1
1506719594,22552966,4179.97,0.09714956,0
1506719573,22552962,4176.11,0.05112160,1
1506719560,22552959,4179.00,0.00400000,0
1506719541,22552956,4179.99,0.00215748,0
1506719541,22552955,4179.97,0.00168469,0
1506719539,22552954,4179.97,0.00310000,0
1506719538,22552953,4177.97,0.40000000,0
1506719517,22552949,4179.97,0.03090196,0
1506719497,22552944,4175.94,0.06944561,1
1506719478,22552943,4179.98,0.50578950,0
1506719471,22552942,4179.98,0.00600000,0
1506719468,22552938,4179.98,0.07023200,0
1506719463,22552935,4179.98,0.04412100,0
1506719429,22552933,4179.99,0.01217525,0
1506719386,22552929,4179.99,0.33659300,0
1506719385,22552928,4179.99,0.33659300,0
1506719384,22552927,4179.99,0.33659300,0
1506719384,22552926,4179.99,0.17415203,0
1506719383,22552925,4179.98,0.16244097,0
1506719382,22552924,4179.99,0.33659300,0
1506719372,22552922,4176.65,0.06985691,1
1506719368,22552921,4179.99,0.00220626,0
1506719368,22552920,4179.99,0.20360907,0
1506719357,22552918,4179.99,0.65979500,0
1506719355,22552917,4179.99,0.52836679,0
1506719350,22552915,4179.99,0.40000000,0
1506719318,22552907,4179.98,0.12519088,0
1506719311,22552906,4179.99,4.00000000,0
1506719308,22552905,4179.99,0.32323831,0
1506719304,22552903,4179.99,0.20000000,0
1506719295,22552902,4180.84,0.12519178,1
1506719295,22552901,4180.84,0.00387378,1
1506719290,22552900,4180.87,0.02999932,0
1506719287,22552899,4180.87,0.01999932,0
1506719253,22552890,4180.87,0.02900000,0
1506719250,22552889,4180.87,0.12503507,0
1506719202,22552869,4186.04,0.01380770,0
1506719181,22552866,4180.85,0.01000000,1
1506719175,22552865,4186.15,0.00253047,0
1506719172,22552864,4186.15,0.00200000,0
1506719162,22552855,4187.27,0.12489068,0
1506719141,22552853,4187.38,0.86681247,0
1506719141,22552852,4187.35,2.39040000,0
1506719140,22552851,4187.30,0.74278753,0
1506719133,22552849,4185.87,0.11449211,1
1506719127,22552844,4185.00,0.20000000,1
1506719126,22552842,4185.86,3.99591017,1
1506719126,22552840,4185.87,0.34189750,1
1506719126,22552839,4190.92,0.00616198,1
1506719117,22552835,4191.29,0.00871000,0
1506719105,22552833,4190.88,0.02418537,0
1506719105,22552832,4190.92,0.21481884,1
1506719104,22552831,4190.90,0.16201771,0
1506719101,22552829,4191.24,0.03068226,0
1506719100,22552828,4190.92,0.09407000,0
1506719100,22552826,4190.76,0.01100000,0
1506719092,22552815,4190.90,0.00871000,0
1506719089,22552810,4181.28,0.69043940,1
1506719089,22552809,4182.02,0.12515645,1
1506719088,22552808,4182.58,0.13870000,1
1506719088,22552806,4182.59,4.00000000,1
1506719088,22552803,4182.61,2.38810000,1
1506719088,22552802,4182.71,0.87150000,1
1506719088,22552801,4182.71,1.74300000,1
1506719088,22552800,4185.85,0.04310415,1
1506719086,22552797,4190.92,0.00871000,0
1506719081,22552793,4190.92,0.00871000,0
1506719071,22552789,4190.92,0.00871000,0
1506719045,22552777,4192.63,0.00900000,0
1506719043,22552774,4192.63,0.02155439,0
1506719043,22552773,4185.86,0.07385161,0
1506719036,22552770,4185.79,0.00408983,1
1506719036,22552769,4185.80,0.14591017,1
1506719035,22552767,4185.97,0.24973708,1
1506719035,22552766,4192.63,0.12483973,1
1506719026,22552765,4185.86,0.15715000,1
1506719024,22552764,4195.71,0.00400000,0
1506718999,22552758,4185.83,0.15000000,1
1506718996,22552757,4196.03,0.20474154,0
1506718994,22552752,4185.71,0.42460000,0
1506718992,22552746,4196.04,2.44199522,1
1506718992,22552742,4192.80,2.00000000,0
1506718990,22552739,4191.18,0.68900000,0
1506718958,22552729,4192.61,1.00000000,0
1506718955,22552727,4192.62,1.00000000,0
1506718951,22552724,4192.64,1.00000000,0
1506718949,22552723,4192.65,1.00000000,0
1506718947,22552722,4192.67,0.15720029,1
1506718946,22552721,4192.67,0.10000000,0
1506718946,22552720,4192.65,0.74279971,0
1506718944,22552718,4192.66,0.83310000,0
1506718943,22552717,4188.30,0.16690000,0
1506718940,22552714,4187.16,0.14270000,0
1506718937,22552713,4192.80,0.12936939,1
1506718937,22552712,4192.67,2.00000000,0
1506718937,22552711,4191.43,1.32400000,1
1506718936,22552710,4190.41,0.14810000,0
1506718936,22552709,4189.81,3.93833510,0
1506718935,22552708,4188.79,2.53500000,0
1506718935,22552707,4185.81,0.12000000,0
1506718935,22552706,4185.81,0.13900000,0
1506718934,22552705,4185.77,0.05308503,0
1506718934,22552704,4183.85,1.13200000,1
1506718932,22552702,4182.02,0.40300000,0
1506718865,22552658,4181.22,0.91600000,0
1506718856,22552655,4181.22,0.01100000,0
1506718837,22552652,4181.22,0.05300000,0
1506718824,22552642,4180.84,0.00813849,0
1506718822,22552639,4180.84,0.00586151,0
1506718819,22552637,4180.84,0.02100000,0
1506718786,22552629,4180.82,0.01250544,0
1506718744,22552625,4181.19,0.01211925,0
1506718725,22552623,4181.20,0.00124498,0
1506718725,22552622,4181.20,0.11378370,0
1506718711,22552620,4181.21,0.00400000,0
1506718683,22552617,4182.00,0.00350103,0
1506718677,22552612,4182.01,0.01645620,0
1506718647,22552604,4184.20,0.00407904,0
1506718647,22552603,4182.02,0.12100000,0
1506718641,22552601,4182.02,1.98604741,1
1506718641,22552600,4182.02,0.09873222,1
1506718629,22552597,4182.02,0.08343098,1
1506718625,22552594,4182.02,0.07477034,1
1506718624,22552593,4184.23,0.02723900,0
1506718623,22552592,4184.27,0.02642000,0
1506718623,22552591,4182.02,0.04132635,1
1506718573,22552573,4182.02,0.00520000,1
1506718567,22552572,4182.02,0.01400000,1
1506718564,22552571,4184.30,0.02193198,0
1506718554,22552567,4184.34,0.01311079,0
1506718549,22552563,4184.37,0.28889654,0
1506718530,22552562,4182.02,0.02820599,1
1506718486,22552551,4185.66,0.01249211,1
1506718472,22552549,4182.02,0.04509270,1
1506718472,22552548,4182.03,0.10173822,1
1506718457,22552544,4185.77,0.02287751,0
1506718457,22552543,4185.77,0.02905891,0
1506718456,22552541,4182.12,0.06049877,0
1506718455,22552540,4182.02,0.10924142,1
1506718421,22552509,4182.12,0.05000000,1
1506718400,22552505,4182.09,0.00159588,1
1506718385,22552500,4185.77,0.05941080,0
1506718383,22552498,4185.67,0.16222015,0
1506718279,22552477,4185.77,0.00300000,0
1506718253,22552473,4185.82,0.07456775,1
1506718241,22552472,4185.81,0.00796800,1
1506718205,22552460,4192.80,0.92735300,1
1506718205,22552459,4193.70,0.00300000,0
1506718204,22552457,4191.30,1.38200000,0
1506718203,22552455,4190.46,0.40900000,0
1506718116,22552429,4190.46,0.00800000,0
1506718025,22552399,4191.30,0.03000000,0
1506718024,22552397,4193.60,0.55897530,0
1506717982,22552350,4193.80,0.01379082,0
1506717975,22552346,4193.80,0.01854441,0
1506717964,22552340,4193.80,0.10941099,0
1506717953,22552334,4193.19,0.08537743,1
1506717945,22552333,4193.18,0.00260000,1
1506717943,22552332,4193.63,0.02017129,1
1506717862,22552312,4197.80,0.06100000,0
1506717854,22552311,4193.64,0.10834454,1
1506717853,22552310,4196.00,0.01000000,1
1506717839,22552307,4196.04,0.00851400,1
1506717808,22552298,4196.43,0.01000000,0
1506717785,22552295,4198.00,0.05761553,0
1506717785,22552294,4196.31,0.87150000,1
1506717783,22552293,4196.00,0.20000000,0
1506717770,22552291,4196.44,0.00200000,0
1506717752,22552287,4198.57,0.08001763,0
1506717752,22552286,4196.49,0.05849384,0
1506717732,22552285,4196.49,0.01150616,0
1506717710,22552282,4193.70,0.01000000,1
1506717697,22552281,4199.28,0.01404396,0
1506717679,22552278,4199.33,0.01020000,0
1506717636,22552263,4199.67,0.05540341,0
1506717615,22552262,4193.65,0.02240000,1
1506717597,22552254,4196.67,0.26200000,0
1506717554,22552249,4200.00,6.06581332,0
1506717554,22552247,4199.00,0.65000000,0
1506717554,22552246,4199.00,0.02838668,0
1506717554,22552245,4198.93,2.38430000,0
1506717553,22552244,4198.90,0.87150000,0
1506717523,22552241,4198.94,0.71947443,1
1506717523,22552240,4193.64,0.02000000,0
1506717522,22552239,4193.59,5.20562207,1
1506717521,22552238,4193.59,0.16191378,0
1506717480,22552232,4190.01,0.01000000,1
1506717476,22552231,4193.62,0.01208524,0
1506717475,22552229,4193.62,0.00426679,0
1506717475,22552228,4192.00,0.00473321,0
1506717409,22552218,4185.32,0.53492800,1
1506717406,22552217,4199.00,0.01000000,1
1506717396,22552216,4199.55,0.00600000,0
1506717375,22552184,4185.04,0.01956667,1
1506717354,22552176,4199.76,0.03392969,0
1506717354,22552175,4191.01,0.00954808,0
1506717341,22552174,4184.71,0.34303888,0
1506717341,22552173,4185.01,0.24315383,1
1506717339,22552172,4200.00,29.32424398,1
1506717337,22552168,4200.00,0.48639896,1
1506717335,22552167,4200.00,13.61000000,1
1506717335,22552166,4200.00,1.60355972,1
1506717334,22552165,4200.00,0.01000000,1
1506717334,22552164,4200.00,6.65000000,1
1506717332,22552162,4200.00,0.06000000,1
1506717332,22552161,4199.90,0.05000000,0
1506717332,22552160,4198.07,7.44881800,0
1506717331,22552159,4196.49,0.04688400,0
1506717331,22552158,4195.93,7.71179314,0
1506717331,22552157,4195.38,0.06000000,0
1506717331,22552156,4195.10,5.00000000,0
1506717331,22552155,4195.00,1.60976236,0
1506717331,22552154,4192.63,2.38450000,0
1506717330,22552153,4186.14,3.99045192,0
1506717330,22552152,4186.12,0.16220271,0
1506717316,22552150,4186.14,0.00954808,0
1506717314,22552149,4186.14,0.01202651,0
1506717302,22552146,4185.00,0.09298270,1
1506717302,22552144,4185.00,0.90701730,1
1506717299,22552142,4185.00,0.09298270,1
1506717299,22552141,4185.03,0.90701730,1
1506717297,22552140,4185.00,1.00000000,1
1506717294,22552139,4185.00,1.00000000,1
1506717292,22552138,4185.00,1.00000000,1
1506717289,22552137,4185.00,1.00000000,1
1506717275,22552129,4186.16,0.05927836,1
1506717270,22552127,4188.00,0.60000000,1
1506717268,22552126,4188.00,2.40000000,1
1506717267,22552125,4188.00,1.00000000,1
1506717264,22552124,4188.00,1.00000000,1
1506717259,22552121,4191.01,0.13035796,1
1506717256,22552116,4191.00,0.27118150,1
1506717254,22552114,4191.00,1.00000000,1
1506717249,22552109,4191.00,1.00000000,1
1506717247,22552108,4191.00,0.97812386,1
1506717247,22552107,4194.98,0.02187614,1
1506717245,22552106,4194.99,0.10938047,0
1506717244,22552103,4191.00,1.00000000,1
1506717244,22552102,4194.99,0.05927836,0
1506717243,22552100,4194.99,0.16185974,0
1506717237,22552095,4191.00,0.69395846,1
1506717237,22552094,4191.02,2.38680000,1
1506717237,22552093,4191.71,3.59926257,1
1506717223,22552087,4191.62,0.07820205,1
1506717223,22552086,4191.62,1.74300000,1
1506717223,22552085,4193.05,0.02931325,1
1506717221,22552083,4193.46,0.14948470,1
1506717212,22552081,4195.00,0.01300000,0
1506717208,22552080,4195.00,0.12282943,0
1506717190,22552077,4195.00,0.25440821,1
1506717189,22552075,4196.48,0.16180227,0
1506717172,22552072,4196.49,2.00000000,1
1506717163,22552069,4196.49,1.00000000,1
1506717161,22552067,4196.49,1.00000000,1
1506717159,22552066,4196.49,0.11693630,0
1506717153,22552058,4196.49,0.04206074,1
1506717124,22552047,4199.90,0.10925260,0
1506717123,22552045,4199.90,0.00300000,0
1506717075,22552032,4195.48,0.01975941,1
1506717030,22552015,4201.08,3.59926257,0
1506717030,22552014,4201.07,2.38510000,0
1506717029,22552013,4196.00,5.91141664,0
1506717027,22552012,4193.52,0.01000000,0
1506717026,22552011,4196.00,0.49153200,0
1506717026,22552010,4196.00,2.50000000,0
1506717019,22551996,4196.00,0.01742468,0
1506717015,22551994,4193.52,0.01531429,1
1506717005,22551990,4196.00,0.87962668,0
1506717003,22551989,4196.00,0.20000000,1
1506717000,22551986,4203.68,0.00221670,0
1506716997,22551984,4203.67,1.45174809,0
1506716996,22551983,4203.67,0.03000000,0
1506716996,22551982,4203.66,6.29000000,1
1506716996,22551981,4200.65,0.02235400,0
1506716994,22551980,4196.00,4.09470000,0
1506716994,22551979,4200.00,1.00000000,1
1506716987,22551978,4196.00,11.90301716,0
1506716985,22551977,4196.00,0.62037574,0
1506716985,22551976,4195.99,0.16182117,0
1506716979,22551974,4193.07,1.62850000,1
1506716979,22551973,4193.10,0.87150000,1
1506716977,22551972,4196.00,0.02000000,0
1506716973,22551971,4196.00,0.50000000,0
1506716967,22551970,4199.97,0.05000000,0
1506716967,22551969,4199.97,0.44150178,0
1506716963,22551968,4196.00,2.38200000,0
1506716962,22551967,4191.34,0.08298270,0
1506716960,22551966,4193.05,0.01701730,1
1506716958,22551963,4196.67,3.86695315,1
1506716957,22551962,4196.66,0.13304685,0
1506716957,22551961,4196.66,0.02324510,0
1506716956,22551960,4196.66,0.01000000,0
1506716956,22551959,4196.66,0.00825668,0
1506716953,22551957,4196.66,0.00174331,0
1506716948,22551951,4196.66,0.14629196,1
1506716944,22551946,4196.66,0.01000000,1
1506716938,22551942,4196.66,0.01000000,1
1506716931,22551939,4196.65,0.01000000,1
1506716925,22551935,4196.65,0.01000000,1
1506716914,22551931,4196.67,0.01000000,1
1506716912,22551930,4205.00,0.59222308,0
1506716910,22551929,4205.00,0.09550329,0
1506716910,22551928,4204.97,0.87966654,0
1506716910,22551927,4201.21,0.02483017,0
1506716908,22551926,4196.62,0.01000000,1
1506716906,22551925,4196.62,1.27096134,1
1506716900,22551924,4193.51,0.13895541,1
1506716898,22551923,4193.50,0.16280640,1
1506716898,22551922,4193.51,0.74437560,1
1506716895,22551921,4206.59,38.55795299,0
1506716895,22551920,4206.59,0.90000000,1
1506716895,22551918,4206.59,0.05000000,1
1506716894,22551917,4206.47,4.84338394,0
1506716894,22551916,4206.45,0.03000000,0
1506716894,22551915,4205.74,0.00192022,0
1506716893,22551913,4205.71,2.00000000,1
1506716893,22551912,4205.71,1.90565755,1
1506716893,22551911,4203.84,0.02177600,0
1506716893,22551910,4202.71,0.13600000,0
1506716892,22551909,4202.21,1.02494000,0
1506716892,22551905,4202.05,0.01000000,1
1506716891,22551904,4202.05,0.07015624,1
1506716890,22551903,4202.05,2.69480000,0
1506716888,22551902,4193.47,0.00580000,1
1506716885,22551901,4202.09,0.01969300,0
1506716865,22551892,4193.16,0.22577479,1
1506716859,22551891,4199.60,2.00000000,0
1506716859,22551890,4193.11,0.29041800,1
1506716855,22551889,4199.70,0.28131755,1
1506716854,22551887,4199.70,0.01000000,1
1506716853,22551886,4199.59,0.16168245,0
1506716852,22551885,4193.66,0.00700000,0
1506716835,22551880,4193.68,0.19791061,1
1506716833,22551879,4193.68,0.05962442,1
1506716830,22551878,4199.65,0.01065658,0
1506716813,22551874,4191.48,0.58344854,1
1506716806,22551873,4193.65,0.10800000,1
1506716785,22551867,4194.44,1.87202490,0
1506716785,22551866,4194.00,1.00000000,0
1506716785,22551865,4194.00,0.07442451,0
1506716785,22551864,4193.99,1.00000000,0
1506716783,22551863,4192.03,0.04900000,0
1506716764,22551843,4194.00,0.02188126,0
1506716763,22551837,4194.00,0.00409900,0
1506716763,22551833,4191.01,0.01083988,1
1506716763,22551830,4193.98,0.00751691,1
1506716759,22551817,4193.05,0.02445108,0
1506716759,22551816,4193.05,0.03900000,0
1506716759,22551815,4193.04,0.05493502,0
1506716758,22551814,4193.04,0.10700000,0
1506716755,22551813,4191.03,0.27375344,1
1506716718,22551808,4191.00,0.05673618,1
1506716661,22551790,4194.00,0.89959523,1
1506716659,22551788,4194.00,1.00000000,1
1506716656,22551787,4194.00,1.00000000,1
1506716655,22551786,4196.95,0.02900177,0
1506716654,22551784,4194.00,1.00000000,1
1506716651,22551782,4194.00,1.00000000,1
1506716647,22551779,4194.00,0.01105278,1
1506716644,22551778,4194.72,4.00000000,1
1506716643,22551777,4194.80,0.06683200,0
1506716641,22551775,4194.00,0.08935199,1
1506716638,22551747,4197.00,2.56691895,1
1506716637,22551744,4197.00,1.00000000,1
1506716635,22551741,4197.00,0.01000000,1
1506716635,22551740,4197.00,1.00000000,1
1506716633,22551739,4197.00,0.14857601,1
1506716629,22551738,4197.00,0.01000000,1
1506716623,22551735,4197.00,0.01000000,1
1506716617,22551728,4197.00,0.01000000,1
1506716614,22551725,4197.00,0.24450504,1
1506716614,22551723,4197.44,0.02178621,1
1506716612,22551722,4200.00,3.99990160,1
1506716611,22551721,4200.00,0.01000000,1
1506716606,22551720,4200.00,0.98009840,1
1506716605,22551719,4200.00,0.01000000,1
1506716601,22551717,4197.44,0.02670385,1
1506716601,22551716,4200.00,0.70157882,1
1506716601,22551715,4200.00,0.00809833,1
1506716598,22551714,4200.00,0.01000000,1
1506716593,22551709,4200.00,0.92215200,1
1506716593,22551707,4200.00,0.01000000,1
1506716592,22551705,4200.00,0.04974967,0
1506716586,22551701,4197.43,0.01000000,1
1506716585,22551700,4200.00,0.50752734,0
1506716585,22551699,4200.00,0.63777400,0
1506716585,22551698,4200.00,0.00596200,0
1506716585,22551697,4200.00,0.42432341,0
1506716585,22551696,4200.00,0.18003656,0
1506716585,22551695,4198.99,0.24388800,0
1506716584,22551694,4198.99,1.00000000,0
1506716582,22551693,4200.00,1.00000000,0
1506716580,22551692,4197.43,0.01000000,1
1506716579,22551690,4200.00,1.00000000,0
1506716579,22551689,4197.43,0.95708200,1
1506716576,22551686,4197.43,0.01301640,1
1506716575,22551685,4200.00,0.81996344,0
1506716574,22551684,4199.99,0.01000000,1
1506716574,22551683,4193.71,0.03084990,0
1506716571,22551682,4199.99,0.46528445,0
1506716570,22551681,4199.99,0.99800000,1
1506716569,22551680,4199.99,0.00192021,0
1506716567,22551679,4199.00,0.01000000,1
1506716563,22551678,4199.00,0.03600000,0
1506716563,22551677,4199.00,0.06400000,0
1506716561,22551675,4197.44,0.01000000,1
1506716557,22551673,4197.44,0.00190356,0
1506716555,22551672,4197.43,0.01000000,1
1506716549,22551667,4197.43,0.00185077,0
1506716549,22551666,4197.41,0.00999847,0
1506716548,22551664,4197.40,0.01000000,1
1506716546,22551662,4197.40,0.02999847,0
1506716546,22551660,4197.38,0.00999847,0
1506716536,22551658,4194.25,0.18254983,1
1506716536,22551657,4194.25,0.22522399,1
1506716534,22551650,4194.25,0.27037313,1
1506716528,22551643,4197.43,0.00814923,0
1506716528,22551642,4197.42,0.13875380,0
1506716528,22551640,4194.25,0.06574105,1
1506716524,22551629,4194.14,0.50000000,0
1506716523,22551626,4194.14,1.00000000,0
1506716511,22551611,4194.24,0.04028620,1
1506716511,22551609,4194.24,0.12195804,1
1506716510,22551608,4194.24,0.13611800,1
1506716503,22551602,4197.43,0.70485032,1
1506716502,22551601,4194.23,0.29514968,0
1506716499,22551595,4197.43,0.02000900,1
1506716499,22551592,4195.00,0.01000000,0
1506716497,22551589,4196.11,0.05589224,1
1506716496,22551588,4195.00,0.18199414,1
1506716495,22551585,4197.43,0.84276317,0
1506716495,22551583,4197.43,1.02494000,0
1506716495,22551582,4195.84,6.62571851,0
1506716494,22551580,4195.00,0.16634204,0
1506716494,22551579,4194.99,0.13148980,0
1506716493,22551577,4194.99,0.05050520,1
1506716493,22551576,4194.99,0.01000000,1
1506716492,22551573,4194.99,0.12148895,1
1506716491,22551571,4195.00,1.00000000,0
1506716489,22551561,4195.00,1.00000000,0
1506716488,22551558,4194.21,0.42560340,0
1506716485,22551557,4195.00,0.63365796,0
1506716485,22551556,4194.99,0.03588090,0
1506716485,22551555,4194.23,0.33046114,0
1506716484,22551552,4194.22,0.12444139,0
1506716483,22551549,4194.23,0.99000000,1
1506716483,22551547,4194.23,0.01000000,1
1506716480,22551544,4194.23,0.11402024,1
1506716480,22551534,4194.23,0.00192010,0
1506716479,22551530,4194.22,0.38240246,1
1506716477,22551522,4191.22,0.01000000,1
1506716476,22551520,4194.22,1.44701995,1
1506716475,22551519,4194.22,0.08827420,1
1506716473,22551518,4191.22,0.01980330,0
1506716471,22551517,4191.21,0.01000000,1
1506716467,22551516,4188.48,0.00193009,0
1506716463,22551515,4187.35,0.00190815,0
1506716463,22551514,4187.34,1.02494000,0
1506716463,22551513,4185.67,1.85259962,0
1506716462,22551512,4185.67,1.00000000,0
1506716460,22551511,4185.67,1.00000000,0
1506716459,22551510,4185.67,12.00000000,0
1506716458,22551507,4185.67,1.25000000,0
1506716457,22551505,4185.67,1.00000000,0
1506716456,22551504,4185.67,11.39580000,0
1506716455,22551503,4185.67,2.03160000,0
1506716455,22551502,4185.67,1.00000000,0
1506716452,22551501,4185.67,12.00000000,0
1506716452,22551500,4185.67,1.00000000,0
1506716448,22551497,4185.67,2.50000000,0
1506716445,22551490,4185.67,1.97000038,0
1506716445,22551489,4185.66,0.04000000,0
1506716444,22551488,4185.00,10.94425648,0
1506716444,22551487,4185.00,1.00000000,0
1506716443,22551486,4185.00,2.35000000,0
1506716442,22551484,4185.00,0.29689606,0
1506716441,22551482,4185.00,1.00000000,0
1506716440,22551481,4185.00,12.80000000,0
1506716439,22551479,4185.00,1.00000000,0
1506716438,22551478,4185.00,0.15000000,0
1506716437,22551477,4185.00,2.50000000,0
1506716436,22551475,4185.00,1.00000000,0
1506716435,22551472,4185.00,2.26624950,0
1506716432,22551470,4185.00,1.00000000,0
1506716430,22551469,4185.00,1.00000000,0
1506716429,22551468,4185.00,3.14291039,0
1506716427,22551467,4185.00,1.00000000,0
1506716420,22551462,4184.98,0.01000000,1
1506716415,22551454,4182.99,0.17440731,0
1506716413,22551453,4182.99,1.00000000,0
1506716408,22551450,4182.94,0.00131445,0
1506716408,22551448,4182.99,0.05138596,0
1506716408,22551447,4182.95,0.00131404,0
1506716407,22551446,4182.99,11.40868866,0
1506716406,22551445,4182.98,0.00131134,0
1506716405,22551444,4181.40,0.01000000,1
1506716402,22551443,4182.99,7.36551807,0
1506716402,22551441,4182.98,0.00202891,0
1506716402,22551439,4182.96,0.00131302,0
1506716402,22551438,4181.64,1.02494000,0
1506716401,22551437,4181.36,0.20000000,0
1506716401,22551436,4181.20,1.40620000,0
1506716400,22551434,4181.21,0.99000000,1
1506716398,22551425,4181.21,0.01000000,1
1506716394,22551420,4181.21,0.99868697,1
1506716393,22551419,4181.20,0.00131303,0
1506716390,22551416,4181.33,0.12587491,0
1506716390,22551415,4181.33,0.00131234,0
1506716389,22551414,4181.32,0.00131275,0
1506716389,22551413,4181.21,0.87150000,0
1506716385,22551410,4181.34,0.83727405,0
1506716384,22551409,4181.25,0.00131356,0
1506716384,22551408,4181.24,0.00131359,0
1506716384,22551407,4181.23,0.00131398,0
1506716384,22551406,4180.00,0.20000000,0
1506716384,22551405,4180.00,0.02500000,0
1506716384,22551404,4179.98,0.87150000,0
1506716384,22551403,4176.89,0.06430103,0
1506716383,22551402,4176.88,0.08979849,0
1506716383,22551401,4176.70,0.16256853,0
1506716356,22551400,4171.51,0.08979849,1
1506716356,22551399,4175.11,0.08002546,1
1506716350,22551398,4176.76,1.00000000,0
1506716345,22551396,4176.78,0.87150000,1
1506716344,22551395,4176.77,0.00440000,0
1506716339,22551392,4176.78,1.00000000,1
1506716330,22551391,4175.10,0.02300000,0
1506716324,22551389,4173.95,0.01282718,0
1506716324,22551388,4167.65,2.26954619,1
1506716318,22551381,4172.29,0.09409000,0
1506716310,22551379,4171.79,0.60764602,0
1506716304,22551377,4167.59,1.00000000,0
1506716302,22551376,4167.60,1.00000000,1
1506716299,22551375,4167.62,1.00000000,0
1506716298,22551374,4167.62,1.99000000,0
1506716296,22551373,4167.60,1.00000000,0
1506716291,22551372,4163.44,0.15182883,0
1506716288,22551369,4163.44,0.00799359,0
1506716283,22551368,4167.66,0.01014795,1
1506716274,22551364,4167.62,0.04377670,0
1506716259,22551359,4167.61,0.05814774,0
1506716246,22551357,4167.66,0.00500000,1
1506716236,22551351,4169.88,0.01388387,0
1506716224,22551346,4167.65,0.22259067,0
1506716204,22551341,4167.66,0.01963488,0
1506716170,22551336,4164.02,1.88640342,1
1506716169,22551335,4165.00,2.11359858,1
1506716163,22551334,4167.70,0.00430000,0
1506716144,22551329,4165.00,0.16982640,1
1506716115,22551324,4165.00,0.01657502,1
1506716115,22551323,4165.01,0.00159255,1
1506716099,22551317,4167.20,0.15805954,0
1506716093,22551316,4167.51,0.09076526,1
1506716085,22551313,4167.20,0.16293914,0
1506716068,22551309,4167.22,1.73819754,0
1506716068,22551308,4167.19,0.63122758,0
1506716020,22551299,4167.34,0.11478183,0
1506715994,22551295,4167.55,0.04303100,1
1506715951,22551276,4167.61,0.00200000,0
1506715923,22551273,4166.00,0.01280000,1
1506715885,22551214,4167.67,0.03552704,0
1506715865,22551210,4167.81,0.02918426,0
1506715865,22551208,4167.69,0.02201876,0
1506715818,22551194,4165.43,2.50000000,1
1506715814,22551193,4165.43,1.24300910,1
1506715813,22551192,4166.00,0.08390000,1
1506715802,22551189,4167.81,0.01215801,0
1506715786,22551187,4171.28,0.00251600,0
1506715760,22551186,4167.89,0.00598144,0
1506715755,22551181,4166.00,0.32610000,1
1506715711,22551167,4166.00,0.09000000,1
1506715693,22551166,4167.23,0.45000000,1
1506715673,22551164,4170.00,1.00000000,1
1506715657,22551155,4170.39,0.02249426,0
1506715657,22551154,4168.02,0.00150574,0
1506715579,22551048,4167.77,1.74045136,1
1506715562,22551047,4168.02,0.02794396,1
1506715557,22551046,4168.02,0.96830790,1
1506715556,22551045,4168.02,0.07073943,1
1506715554,22551044,4168.02,0.01945746,1
1506715554,22551043,4168.02,0.01292831,1
1506715540,22551041,4167.75,0.73914863,1
1506715539,22551040,4167.75,0.47958238,1
1506715539,22551039,4167.99,0.22500000,1
1506715539,22551038,4168.02,0.13884873,1
1506715507,22551030,4171.79,0.01214665,0
1506715503,22551028,4171.79,0.00750000,0
1506715473,22551020,4167.97,0.00275000,1
1506715451,22551018,4171.79,0.02801700,0
1506715395,22551011,4167.88,0.01725098,1
1506715334,22550998,4171.78,0.00887800,0
1506715329,22550997,4167.85,0.01675200,1
1506715317,22550995,4171.78,1.00000000,0
1506715311,22550994,4169.99,1.00000000,1
1506715304,22550989,4169.85,0.87150000,0
1506715299,22550984,4168.64,0.97833574,0
1506715296,22550983,4168.64,0.02166426,0
1506715295,22550982,4168.64,1.00000000,0
1506715284,22550980,4164.99,0.78652008,0
1506715281,22550979,4164.99,1.00000000,0
1506715281,22550978,4164.99,0.04146208,0
1506715279,22550977,4164.99,1.00000000,0
1506715276,22550976,4164.99,1.00000000,0
1506715274,22550975,4164.99,1.00000000,0
1506715273,22550974,4164.99,0.00332101,0
1506715272,22550973,4164.99,0.00701571,0
1506715268,22550972,4163.70,1.00000000,0
1506715266,22550971,4163.70,1.00000000,0
1506715264,22550970,4163.70,1.00000000,0
1506715261,22550969,4163.70,1.00000000,0
1506715259,22550968,4163.53,2.00000000,1
1506715258,22550967,4164.99,1.00000000,0
1506715257,22550966,4164.99,0.00355249,0
1506715256,22550965,4164.99,1.00000000,0
1506715253,22550962,4164.99,1.00000000,0
1506715251,22550961,4164.99,1.00000000,0
1506715248,22550960,4164.99,1.00000000,0
1506715244,22550958,4164.99,2.40130000,0
1506715240,22550957,4163.00,2.00000000,0
1506715240,22550956,4162.99,4.00000000,0
1506715239,22550955,4162.99,2.00000000,0
1506715236,22550954,4162.99,1.00000000,0
1506715232,22550953,4162.99,1.00000000,0
1506715230,22550952,4163.00,1.00000000,0
1506715227,22550951,4163.00,1.00000000,0
1506715202,22550942,4162.93,0.11802914,0
1506715190,22550941,4162.95,0.16310549,0
1506715173,22550938,4162.97,0.01000000,0
1506715155,22550937,4159.77,0.07086390,1
1506715154,22550936,4159.77,1.00000000,1
1506715151,22550935,4159.76,1.00000000,1
1506715148,22550934,4159.76,1.00000000,1
1506715147,22550933,4159.76,0.01205000,1
1506715146,22550932,4159.76,1.00000000,1
1506715143,22550930,4159.76,1.00000000,1
1506715140,22550928,4159.76,1.00000000,1
1506715138,22550927,4159.76,1.00000000,1
1506715135,22550926,4159.76,1.00000000,1
1506715133,22550925,4159.76,1.00000000,1
1506715130,22550924,4159.76,1.00000000,1
1506715129,22550923,4164.97,0.01776198,0
1506715127,22550922,4159.76,1.00000000,1
1506715120,22550920,4159.76,0.30000000,1
1506715120,22550919,4162.41,4.00000000,0
1506715116,22550918,4161.09,0.00122262,0
1506715116,22550917,4161.09,0.03458191,0
1506715115,22550916,4161.09,0.21800000,1
1506715115,22550915,4164.43,3.82672486,1
1506715112,22550914,4164.43,11.80000000,1
1506715111,22550913,4164.43,4.37327514,1
1506715111,22550912,4164.44,1.65300000,1
1506715108,22550911,4166.00,2.93178103,1
1506715108,22550910,4166.01,1.28000000,1
1506715104,22550908,4166.01,3.00000000,1
1506715100,22550905,4166.00,5.61706914,1
1506715100,22550904,4166.13,1.98293086,1
1506715100,22550903,4166.13,4.00000000,1
1506715100,22550902,4167.10,0.50000000,1
1506715094,22550898,4168.76,0.23401683,0
1506715083,22550897,4170.73,0.02749400,0
1506715040,22550882,4166.10,0.97400540,1
1506715040,22550881,4166.10,0.02599460,1
1506715002,22550875,4171.79,0.02879818,0
1506714963,22550873,4171.79,0.02199775,0
1506714952,22550871,4171.79,0.09901300,0
1506714915,22550866,4168.89,0.01874350,1
1506714901,22550861,4171.79,0.02488140,0
1506714899,22550860,4170.84,0.17538844,0
1506714887,22550859,4170.84,0.00192309,0
1506714886,22550858,4170.84,0.17268847,0
1506714884,22550856,4169.99,0.00493214,0
1506714841,22550847,4169.99,0.59109491,0
1506714789,22550832,4169.99,0.04123316,0
1506714784,22550831,4169.99,0.02200724,0
1506714781,22550829,4169.99,0.01000000,0
1506714723,22550812,4169.98,0.01000000,0
1506714706,22550810,4166.00,0.42601906,1
1506714705,22550809,4166.03,2.50000000,0
1506714704,22550808,4166.03,0.07398094,1
1506714672,22550797,4169.95,0.07451039,0
1506714663,22550793,4166.01,1.00000000,1
1506714600,22550777,4166.00,0.00001919,1
1506714600,22550776,4167.04,0.02741421,1
1506714556,22550767,4169.99,0.00594200,0
1506714533,22550765,4169.99,0.05906431,0
1506714523,22550741,4167.01,0.22200000,0
1506714521,22550739,4167.01,0.01700000,0
1506714513,22550735,4166.00,0.12755129,1
1506714509,22550734,4166.00,2.89756029,1
1506714509,22550733,4166.01,2.39550000,1
1506714509,22550732,4166.93,0.11127820,1
1506714509,22550731,4167.00,4.59566151,1
1506714495,22550729,4169.98,0.02757661,0
1506714488,22550727,4169.99,0.07024168,0
1506714484,22550726,4169.99,0.25000000,0
1506714479,22550721,4167.00,0.05876373,1
1506714478,22550719,4167.01,0.00523627,1
1506714429,22550705,4169.99,0.04109000,0
1506714370,22550699,4169.99,0.04490658,0
1506714364,22550692,4169.99,0.05502600,0
1506714316,22550684,4169.98,0.90000000,1
1506714316,22550683,4169.99,1.00000000,0
1506714315,22550682,4169.99,0.46580000,0
1506714311,22550681,4169.99,0.40373508,0
1506714311,22550680,4169.97,0.59626492,0
1506714308,22550679,4169.97,1.00000000,0
1506714305,22550678,4169.97,2.39960808,0
1506714303,22550677,4169.97,0.00412700,0
1506714298,22550676,4169.99,2.61258152,0
1506714298,22550675,4169.98,0.38741848,0
1506714264,22550668,4169.54,3.61258152,1
1506714264,22550667,4169.55,0.16485398,1
1506714262,22550665,4169.99,0.03507293,0
1506714244,22550661,4169.54,2.40000000,0
1506714244,22550660,4168.14,0.22256450,0
1506714167,22550651,4168.32,0.03453925,0
1506714135,22550648,4168.88,0.09182132,0
1506714135,22550647,4168.88,0.01645438,1
1506714129,22550646,4162.92,0.03416411,1
1506714124,22550643,4166.72,0.11012259,0
1506714068,22550627,4162.30,0.00178987,1
1506714014,22550621,4162.43,0.50000000,0
1506714003,22550619,4162.43,1.13831344,0
1506714002,22550617,4162.43,0.00471517,0
1506714002,22550616,4160.00,0.00059273,0
1506713983,22550601,4158.74,0.38444679,1
1506713983,22550600,4158.78,0.61555321,1
1506713977,22550599,4158.67,0.06958566,0
1506713948,22550587,4158.58,0.23151392,1
1506713946,22550586,4160.00,0.24718041,0
1506713931,22550583,4158.51,0.00215253,1
1506713930,22550582,4162.52,0.18310468,0
1506713911,22550579,4169.77,0.45573629,1
1506713910,22550578,4168.51,0.12210000,0
1506713904,22550576,4165.37,1.72698218,0
1506713904,22550575,4160.00,0.41655143,0
1506713904,22550574,4159.99,0.16322155,0
1506713895,22550571,4160.00,0.37129604,0
1506713891,22550570,4160.00,0.00215253,0
1506713887,22550569,4160.00,0.01000000,0
1506713866,22550562,4165.00,0.01000000,0
1506713853,22550554,4157.54,0.20600000,1
1506713851,22550553,4157.52,0.00217557,1
1506713835,22550550,4166.29,0.00217557,0
1506713827,22550547,4166.27,0.08483501,0
1506713815,22550512,4157.98,0.00219177,1
1506713810,22550506,4157.88,0.04526673,0
1506713777,22550496,4166.77,0.00219177,0
1506713747,22550493,4158.94,0.01071905,1
1506713713,22550476,4167.80,0.53504630,0
1506713680,22550443,4158.20,0.00220662,0
1506713675,22550442,4157.13,0.02119733,0
1506713675,22550439,4158.10,0.00220662,1
1506713674,22550438,4158.10,0.25366642,0
1506713674,22550437,4158.18,0.36000000,1
1506713674,22550436,4158.18,0.50000000,0
1506713674,22550435,4158.18,3.93335238,0
1506713673,22550434,4164.37,0.03783120,1
1506713673,22550433,4164.40,1.50000000,1
1506713672,22550431,4164.41,0.22612109,1
1506713672,22550430,4164.42,1.50000000,0
1506713671,22550429,4164.42,0.29554605,1
1506713669,22550428,4169.40,0.09850000,0
1506713669,22550427,4169.11,2.40150000,0
1506713666,22550425,4168.65,0.06501490,0
1506713644,22550409,4169.43,0.05502431,0
1506713626,22550404,4169.26,0.04200000,0
1506713625,22550401,4169.28,0.09017575,0
1506713604,22550398,4166.81,1.26785614,0
1506713576,22550390,4169.18,0.07536300,0
1506713551,22550385,4166.95,0.02311277,0
1506713539,22550383,4167.19,0.01370400,0
1506713522,22550381,4164.78,2.70000000,0
1506713502,22550380,4167.92,0.10388300,0
1506713482,22550378,4159.03,0.00355972,1
1506713472,22550376,4164.32,0.03359983,0
1506713471,22550375,4164.35,0.02239983,1
1506713465,22550373,4167.70,0.36305148,1
1506713465,22550370,4164.94,0.03650000,0
1506713464,22550369,4164.33,0.16305144,0
1506713448,22550364,4159.01,1.00000000,1
1506713446,22550363,4159.01,0.00505591,1
1506713444,22550362,4164.35,0.16340852,0
1506713444,22550361,4164.35,0.03609023,0
1506713444,22550360,4164.35,0.18746867,0
1506713439,22550357,4159.00,0.07364824,1
1506713410,22550322,4158.35,1.00000000,1
1506713408,22550321,4158.35,0.92510840,0
1506713406,22550320,4158.41,0.07489160,1
1506713405,22550319,4158.35,0.06877300,0
1506713404,22550318,4158.35,0.22278600,0
1506713401,22550315,4159.00,0.83673921,1
1506713399,22550314,4158.99,0.16326079,0
1506713394,22550313,4158.36,0.12850000,1
1506713394,22550312,4158.40,0.87150000,1
1506713391,22550311,4158.37,0.12850000,1
1506713391,22550310,4158.37,0.87150000,1
1506713377,22550305,4160.00,0.02932420,0
1506713374,22550304,4164.45,0.15846078,0
1506713370,22550303,4160.00,0.94400000,0
1506713367,22550302,4160.00,0.00021072,1
1506713367,22550301,4162.40,0.00552298,0
1506713364,22550300,4160.00,1.00000000,1
1506713350,22550295,4162.41,0.18393232,1
1506713350,22550294,4162.64,0.32244468,1
1506713347,22550293,4162.76,2.00000000,1
1506713341,22550292,4162.64,3.67755532,1
1506713341,22550291,4162.76,2.00000000,1
1506713340,22550290,4164.10,1.56244468,1
1506713340,22550289,4164.11,2.76000000,1
1506713340,22550286,4164.11,1.00000000,1
1506713337,22550285,4164.11,1.00000000,1
1506713334,22550284,4164.46,0.04957370,0
1506713327,22550282,4164.46,0.06038965,1
1506713320,22550280,4165.41,0.97921340,1
1506713317,22550279,4165.41,1.00000000,1
1506713316,22550278,4165.41,0.02078660,1
1506713313,22550277,4165.41,1.00000000,1
1506713311,22550276,4165.41,1.00000000,1
1506713308,22550274,4165.23,1.00000000,1
1506713304,22550273,4166.26,0.04504745,0
1506713303,22550272,4165.23,1.00000000,1
1506713297,22550271,4165.40,0.09000000,0
1506713294,22550270,4165.40,0.20319426,0
1506713294,22550269,4165.40,0.00204873,1
1506713233,22550251,4169.99,0.50000000,0
1506713223,22550245,4169.99,0.08252700,0
1506713216,22550243,4169.99,0.69832075,0
1506713213,22550241,4169.99,0.03474261,0
1506713194,22550225,4169.99,0.00630000,0
1506713184,22550223,4169.97,2.09717905,0
1506713177,22550220,4169.97,0.40282095,0
1506713169,22550217,4166.89,0.12850000,1
1506713169,22550216,4166.91,0.87150000,1
1506713161,22550215,4166.37,0.24496678,1
1506713160,22550214,4169.08,0.16169531,1
1506713095,22550176,4169.98,0.00140000,1
1506713081,22550174,4167.90,0.88457183,1
1506713081,22550173,4167.92,0.87150000,1
1506713079,22550171,4169.97,0.99048817,1
1506713071,22550168,4169.98,0.07104898,0
1506713057,22550167,4169.97,0.00951183,1
1506713053,22550165,4169.99,0.30000000,0
1506713034,22550160,4169.99,0.01322023,0
1506713033,22550159,4169.99,0.26386046,0
1506713007,22550154,4169.99,0.01554920,0
1506712993,22550152,4169.99,0.50000000,0
1506712973,22550146,4169.99,2.31832000,0
1506712972,22550145,4169.99,1.07762848,0
1506712946,22550142,4169.97,2.39460000,0
1506712943,22550141,4169.97,1.43275995,0
1506712941,22550140,4169.99,0.01215190,0
1506712934,22550138,4169.99,0.75763189,0
1506712934,22550137,4169.98,0.42099965,0
1506712933,22550136,4169.98,0.45970323,0
1506712908,22550133,4169.96,0.12108710,0
1506712900,22550131,4169.98,0.00519530,0
1506712869,22550129,4169.98,0.11410182,1
1506712862,22550127,4169.99,3.78065895,0
1506712814,22550123,4169.99,0.33716909,0
1506712814,22550122,4169.97,0.16283091,0
1506712803,22550120,4169.98,0.04401400,0
1506712783,22550114,4169.99,0.05865844,0
1506712783,22550113,4166.60,0.05220056,0
1506712781,22550108,4166.60,0.01405968,0
1506712779,22550107,4167.84,0.03591976,1
1506712773,22550106,4169.98,0.02658429,0
1506712753,22550101,4169.99,0.03124400,0
1506712743,22550090,4169.99,0.13712900,0
1506712720,22550086,4169.99,0.26490052,0
1506712716,22550085,4169.99,0.02108675,0
1506712716,22550084,4169.00,0.01896700,0
1506712716,22550083,4169.00,0.00500000,1
1506712688,22550081,4169.94,0.40000000,0
1506712656,22550078,4169.95,0.07745890,0
1506712654,22550077,4169.97,0.18051372,0
1506712653,22550076,4169.97,0.04714910,0
1506712615,22550062,4169.98,0.01528000,0
1506712607,22550060,4169.99,0.01405518,0
1506712607,22550059,4169.99,0.19891800,0
1506712605,22550057,4169.99,4.00000000,0
1506712604,22550054,4165.38,1.00000000,1
1506712602,22550052,4169.99,4.00000000,0
1506712601,22550051,4165.36,1.00000000,1
1506712594,22550049,4169.99,0.17930000,0
1506712591,22550047,4172.00,3.00000000,1
1506712590,22550046,4172.11,0.12440000,1
1506712590,22550045,4172.12,0.18800000,1
1506712590,22550044,4172.17,0.87150000,1
1506712590,22550043,4175.06,0.50000000,1
1506712587,22550042,4175.08,0.09092067,1
1506712584,22550033,4175.07,0.02215299,1
1506712584,22550032,4176.89,2.36902400,1
1506712584,22550031,4180.41,0.10882301,1
1506712572,22550029,4176.89,0.02397600,1
1506712568,22550028,4182.97,0.00933145,0
1506712568,22550027,4182.96,0.00131235,0
1506712567,22550026,4182.95,0.00131346,1
1506712567,22550025,4182.80,0.16180000,1
1506712566,22550024,4180.40,0.15354152,0
1506712566,22550023,4179.40,0.22394193,0
1506712564,22550022,4179.39,0.00945790,0
1506712562,22550019,4179.39,0.07007800,0
1506712556,22550004,4179.39,0.08292800,0
1506712534,22550003,4179.40,0.77605807,1
1506712526,22550002,4179.41,0.03444900,0
1506712514,22549999,4182.25,0.01890000,1
1506712428,22549990,4182.26,0.09965702,1
1506712424,22549989,4182.26,0.02041444,1
1506712421,22549988,4182.26,0.03347006,1
1506712400,22549986,4184.97,0.02783041,1
1506712400,22549985,4184.96,0.03800000,0
1506712400,22549984,4184.96,0.00131150,0
1506712399,22549983,4184.95,0.00131320,0
1506712398,22549982,4184.94,0.00131319,0
1506712375,22549925,4179.53,0.03800000,1
1506712335,22549919,4185.00,1.22445300,0
1506712334,22549918,4185.00,0.10000000,0
1506712334,22549917,4185.00,0.40000000,0
1506712334,22549916,4185.00,0.07368627,0
1506712334,22549915,4184.99,0.00131373,0
1506712324,22549914,4185.00,1.96962911,0
1506712323,22549913,4184.99,0.00202954,0
1506712307,22549909,4185.00,0.80235100,0
1506712307,22549908,4184.98,0.00133650,0
1506712307,22549907,4184.97,0.00131220,0
1506712295,22549905,4185.00,1.36800927,0
1506712295,22549904,4184.98,0.74431350,0
1506712286,22549902,4185.00,0.38767723,0
1506712284,22549898,4185.00,2.39020000,0
1506712284,22549897,4185.00,0.42251646,0
1506712284,22549896,4184.99,0.01771361,0
1506712279,22549895,4184.99,0.09228639,0
1506712278,22549894,4179.50,0.00133650,1
1506712274,22549893,4185.00,1.46509687,0
1506712274,22549892,4184.96,1.00000000,0
1506712274,22549891,4183.68,0.03490313,0
1506712266,22549888,4183.68,0.91261421,0
1506712264,22549887,4183.68,0.01371400,0
1506712261,22549886,4179.40,0.48704839,1
1506712261,22549885,4179.50,0.04430355,1
1506712260,22549884,4185.00,2.38614337,0
1506712260,22549883,4179.50,0.10911743,1
1506712259,22549882,4180.00,0.00500000,1
1506712255,22549880,4185.00,1.00000000,0
1506712254,22549878,4183.69,0.01810000,1
1506712251,22549877,4183.69,1.00000000,0
1506712247,22549876,4183.69,1.00000000,0
1506712231,22549869,4179.48,1.98178700,1
1506712231,22549868,4179.48,0.98712300,1
1506712231,22549867,4183.69,0.03109000,1
1506712218,22549865,4185.00,0.00817004,0
1506712217,22549864,4184.99,0.00131382,0
1506712217,22549863,4184.98,0.00131315,0
1506712217,22549862,4184.97,0.00131130,0
1506712204,22549859,4183.70,0.36364799,0
1506712204,22549858,4183.69,0.47800000,0
1506712203,22549857,4183.68,0.11951201,0
1506712188,22549852,4179.40,2.28980285,1
1506712188,22549851,4179.41,0.07616386,1
1506712187,22549850,4179.40,0.13403329,1
1506712185,22549849,4185.00,1.55175495,0
1506712185,22549848,4184.99,0.12000000,0
1506712185,22549847,4184.82,0.03539999,0
1506712184,22549846,4184.81,0.66677066,0
1506712184,22549845,4184.68,0.00131069,0
1506712184,22549844,4183.70,0.11951144,0
1506712184,22549843,4183.67,0.00131153,0
1506712184,22549842,4183.66,0.00394074,0
1506712154,22549828,4179.40,0.71309780,1
1506712148,22549826,4174.38,0.09267429,1
1506712148,22549825,4175.05,0.16130000,1
1506712148,22549824,4175.11,0.74602571,1
1506712145,22549821,4184.79,0.05482234,0
1506712143,22549818,4184.81,1.00000000,1
1506712141,22549813,4182.74,0.01774205,1
1506712141,22549812,4184.80,1.00000000,0
1506712137,22549808,4184.82,0.00131259,0
1506712137,22549807,4184.81,0.00131260,0
1506712136,22549804,4184.79,0.28446143,1
1506712135,22549802,4184.79,0.03509779,1
1506712132,22549799,4184.80,0.99800000,1
1506712132,22549798,4184.79,0.00131301,0
1506712131,22549797,4181.31,0.61178153,1
1506712127,22549787,4184.79,1.00000000,1
1506712124,22549784,4184.79,0.12587751,1
1506712124,22549783,4184.79,0.00131118,1
1506712124,22549781,4184.78,0.00131131,0
1506712124,22549780,4184.76,0.87150000,0
1506712119,22549778,4182.73,0.00193008,0
1506712114,22549767,4182.72,0.02000000,1
1506712113,22549764,4182.72,0.00131251,0
1506712109,22549763,4181.37,0.05048056,0
1506712108,22549761,4182.71,0.00737340,1
1506712107,22549760,4182.71,0.00131465,0
1506712106,22549759,4182.70,0.00131179,0
1506712106,22549758,4181.38,0.99000016,0
1506712096,22549750,4181.36,0.00999983,0
1506712094,22549748,4181.36,1.00000000,0
1506712090,22549746,4173.13,0.01287700,1
1506712089,22549744,4181.36,0.00999983,1
1506712088,22549743,4181.36,0.00131214,0
1506712087,22549742,4173.07,0.01192400,1
1506712046,22549731,4181.54,0.03446664,1
1506712046,22549730,4181.54,0.00131333,1
1506712045,22549729,4181.45,0.00131254,0
1506712045,22549728,4181.44,0.00250749,0
1506712035,22549725,4181.90,0.33886067,0
1506712034,22549724,4181.48,0.06113933,0
1506712031,22549723,4181.49,0.00577550,0
1506712025,22549720,4181.95,0.00683000,0
1506712025,22549719,4171.69,0.05947705,1
1506712024,22549718,4181.95,0.00479216,0
1506712024,22549717,4181.52,0.00131489,0
1506712024,22549716,4181.51,0.00442249,0
1506712018,22549712,4171.58,0.45653448,1
1506712018,22549711,4171.61,0.87150000,1
1506712016,22549707,4182.00,0.02135215,0
1506712016,22549706,4181.68,0.00131404,0
1506712016,22549705,4181.64,0.00131472,0
1506712016,22549704,4181.63,0.00005976,0
1506712016,22549703,4181.60,0.00131360,0
1506712015,22549701,4181.59,0.00131359,0
1506712015,22549700,4181.58,0.00442142,0
1506712015,22549699,4181.57,0.00131241,0
1506712015,22549697,4181.56,0.00179196,0
1506712015,22549696,4181.55,0.02999983,0
1506712015,22549695,4181.55,0.00131318,0
1506712014,22549694,4181.53,0.00131363,0
1506712011,22549691,4181.54,1.77298339,1
1506712009,22549690,4181.54,0.00131356,1
1506712008,22549688,4181.54,0.00131423,0
1506712007,22549684,4181.55,0.72438882,0
1506711994,22549668,4168.43,0.01765458,1
1506711994,22549667,4176.55,0.05450920,1
1506711980,22549662,4176.54,0.02000000,1
1506711972,22549660,4181.63,0.00125310,0
1506711966,22549658,4181.66,0.01931597,1
1506711966,22549657,4181.66,0.00131210,0
1506711966,22549656,4181.65,0.00131298,1
1506711964,22549655,4181.65,0.02194583,0
1506711960,22549652,4181.68,0.12850000,0
1506711959,22549651,4181.67,0.87150000,0
1506711955,22549650,4181.76,0.12718533,1
1506711954,22549649,4181.73,0.00131467,0
1506711954,22549648,4181.71,0.87150000,0
1506711952,22549646,4181.74,0.12850000,0
1506711951,22549645,4181.74,0.87150000,0
1506711950,22549644,4170.90,1.00310271,0
1506711949,22549643,4181.78,0.12850000,0
1506711948,22549642,4181.78,0.87150000,0
1506711936,22549639,4176.86,0.10000000,0
1506711928,22549638,4176.68,0.05548721,1
1506711925,22549636,4176.67,0.19992292,1
1506711925,22549635,4176.68,1.00000000,0
1506711919,22549629,4172.02,0.03554100,0
1506711913,22549625,4170.84,0.50019707,0
1506711912,22549624,4170.84,0.14980293,0
1506711904,22549622,4170.83,0.37505339,0
1506711883,22549619,4170.83,0.01108761,0
1506711879,22549616,4170.83,0.01402000,0
1506711864,22549610,4170.82,0.12669593,1
1506711853,22549609,4169.98,0.01463309,0
1506711847,22549606,4166.06,0.18161680,0
1506711846,22549604,4166.14,0.11530522,1
1506711840,22549603,4169.98,0.60000000,0
1506711827,22549602,4170.00,0.90420192,0
1506711827,22549601,4170.00,0.90162381,0
1506711812,22549600,4169.99,0.01000000,0
1506711795,22549597,4166.04,0.03500000,1
1506711783,22549594,4170.00,0.07524193,0
1506711736,22549590,4167.04,1.00000000,0
1506711734,22549589,4166.00,0.12001949,1
1506711729,22549588,4166.00,0.46524083,0
1506711728,22549587,4166.00,0.00472600,0
1506711727,22549586,4166.00,0.96102754,0
1506711727,22549585,4164.47,0.03897246,0
1506711726,22549584,4164.52,0.03102754,1
1506711720,22549582,4166.00,1.00000000,0
1506711716,22549577,4166.00,0.01412792,0
1506711715,22549573,4166.00,0.16417200,0
1506711714,22549572,4166.00,1.78340461,0
1506711690,22549564,4166.00,0.05183100,0
1506711689,22549563,4164.50,0.05265063,1
1506711683,22549560,4166.00,0.01216351,0
1506711660,22549558,4165.95,0.09002989,0
1506711659,22549557,4164.49,0.01416270,1
1506711657,22549556,4165.95,2.03432087,0
1506711646,22549555,4165.98,0.45921131,1
1506711644,22549554,4165.83,0.35000000,0
1506711644,22549553,4164.99,0.32717816,0
1506711643,22549552,4164.99,0.05000000,0
1506711637,22549551,4164.99,0.00144057,0
1506711634,22549550,4164.99,0.18000000,0
1506711626,22549549,4164.98,0.11847399,0
1506711624,22549548,4164.98,0.11720514,0
1506711613,22549546,4161.06,0.01220000,1
1506711613,22549545,4164.46,0.01270000,1
1506711607,22549542,4164.99,1.00000000,0
1506711606,22549541,4164.99,0.02000000,0
1506711593,22549537,4164.99,2.50000000,0
1506711587,22549535,4161.05,0.01933456,1
1506711585,22549533,4164.46,0.43099372,0
1506711585,22549532,4164.46,0.04865676,0
1506711581,22549529,4164.46,0.36800000,0
1506711578,22549528,4164.46,0.17530000,0
1506711576,22549527,4164.46,2.40060000,0
1506711567,22549524,4164.99,2.40100000,0
1506711567,22549523,4164.48,0.08900000,0
1506711567,22549522,4164.48,0.01000000,0
1506711545,22549517,4163.58,0.01067743,0
1506711543,22549514,4163.58,0.11020564,0
1506711524,22549509,4164.48,0.07900000,0
1506711523,22549508,4161.48,0.42100000,0
1506711500,22549500,4164.47,0.01966888,0
1506711497,22549497,4164.47,0.00202328,0
1506711496,22549496,4164.99,0.03370090,0
1506711489,22549491,4164.99,0.33186309,0
1506711489,22549489,4164.57,0.02000039,0
1506711489,22549488,4164.48,0.07100000,0
1506711489,22549487,4164.47,1.67713652,0
1506711488,22549486,4164.47,0.27993641,0
1506711488,22549485,4164.46,0.12006359,0
1506711479,22549484,4161.01,0.00320814,1
1506711434,22549478,4164.97,0.10000000,0
1506711429,22549476,4164.98,0.40000000,0
1506711427,22549475,4164.97,0.04084753,0
1506711427,22549474,4164.97,0.24293574,0
1506711424,22549473,4164.98,0.21800000,0
1506711423,22549472,4158.10,0.95100000,1
1506711416,22549471,4158.10,0.47392707,1
1506711416,22549470,4163.20,4.00000000,1
1506711416,22549469,4164.98,2.50000000,1
1506711408,22549466,4164.99,0.05221184,0
1506711407,22549465,4164.99,0.01368358,0
1506711407,22549464,4164.99,0.01410458,0
1506711389,22549461,4164.99,0.50000000,0
1506711388,22549457,4164.99,0.90364900,0
1506711388,22549455,4164.96,0.14285100,0
1506711388,22549453,4164.58,0.00221745,0
1506711388,22549451,4164.48,0.06678255,0
1506711382,22549450,4164.48,0.00221745,1
1506711377,22549446,4164.99,0.25637707,0
1506711376,22549445,4164.99,0.01000000,0
1506711373,22549443,4164.99,0.00479121,0
1506711368,22549433,4164.99,1.00000000,0
1506711367,22549432,4164.99,0.40000000,0
1506711307,22549422,4158.38,0.14285100,0
1506711307,22549421,4158.38,0.95100000,0
1506711307,22549420,4164.48,0.07875052,1
1506711305,22549419,4166.14,0.07739848,1
1506711287,22549417,4164.48,0.01034948,1
1506711261,22549410,4167.53,0.10549934,1
1506711259,22549409,4167.53,0.00223016,0
1506711250,22549407,4166.13,0.32236000,0
1506711231,22549404,4165.99,0.06666306,0
1506711228,22549402,4165.99,1.20000000,0
1506711223,22549399,4165.99,0.13310922,0
1506711214,22549396,4165.95,0.00192494,0
1506711214,22549395,4165.95,0.17475591,0
1506711204,22549393,4165.95,0.01071982,0
1506711203,22549392,4165.95,0.10340974,0
1506711198,22549387,4165.95,2.37997907,0
1506711198,22549386,4165.94,0.12002093,0
1506711136,22549376,4165.99,0.00223016,0
1506711117,22549374,4166.00,2.92279232,1
1506711117,22549373,4166.05,4.00000000,1
1506711107,22549372,4167.43,1.19530000,1
1506711103,22549371,4167.69,4.00000000,1
1506711098,22549369,4169.48,0.06917293,1
1506711098,22549368,4169.49,0.00220106,1
1506711048,22549363,4169.99,0.14058661,0
1506711048,22549362,4169.96,0.46485609,0
1506711009,22549350,4169.88,0.40000000,0
1506710999,22549347,4170.00,1.00000000,0
1506710997,22549345,4170.00,0.55581044,0
1506710996,22549344,4170.00,0.44418956,0
1506710991,22549343,4169.98,0.01195929,0
1506710991,22549342,4169.98,0.85954071,0
1506710986,22549339,4169.98,0.01195929,0
1506710963,22549310,4170.00,0.17000000,0
1506710946,22549309,4169.97,0.01000000,0
1506710895,22549295,4170.00,0.07928046,0
1506710893,22549294,4165.12,0.02202327,1
1506710891,22549292,4165.12,0.02700000,1
1506710878,22549286,4170.00,0.00652998,0
1506710864,22549282,4170.00,0.30000000,0
1506710849,22549278,4165.03,0.01243379,1
1506710848,22549277,4165.05,0.04268477,1
1506710825,22549276,4170.00,1.00000000,0
1506710818,22549274,4169.83,0.08183000,0
1506710807,22549272,4165.96,1.00000000,0
1506710804,22549271,4165.96,1.00000000,0
1506710801,22549269,4165.96,1.00000000,0
1506710798,22549268,4165.96,1.00000000,0
1506710794,22549267,4165.00,0.91993776,1
1506710794,22549266,4165.00,0.00006224,1
1506710791,22549265,4165.00,7.73873776,0
1506710789,22549264,4165.00,1.00000000,0
1506710770,22549263,4165.00,1.00000000,0
1506710768,22549260,4165.00,0.25575924,0
1506710768,22549259,4164.00,0.74424076,0
1506710767,22549258,4164.48,0.00575924,1
1506710764,22549257,4165.00,0.00550300,0
1506710759,22549253,4164.48,0.01981576,0
1506710754,22549249,4164.48,0.01018424,0
1506710734,22549244,4164.45,2.39833986,1
1506710695,22549238,4164.43,0.07400000,0
1506710656,22549228,4162.66,0.39201947,1
1506710655,22549227,4164.45,0.62386748,1
1506710655,22549226,4164.47,0.02966812,1
1506710647,22549225,4164.46,0.08070000,1
1506710646,22549224,4167.00,0.01985841,0
1506710644,22549223,4165.75,0.00216486,0
1506710630,22549220,4164.44,3.25606807,0
1506710630,22549219,4164.43,0.12006445,0
1506710616,22549215,4164.44,0.02999949,0
1506710615,22549214,4164.44,0.01999949,0
1506710611,22549211,4164.44,0.03501539,0
1506710610,22549210,4164.44,0.00436467,1
1506710537,22549199,4165.75,0.00500000,0
1506710534,22549198,4165.75,0.00200256,0
1506710534,22549197,4165.74,0.00224552,0
1506710532,22549196,4165.64,0.00725510,0
1506710523,22549195,4165.64,0.01376200,0
1506710486,22549193,4165.64,0.00224552,1
1506710477,22549192,4167.99,0.50412069,0
1506710467,22549190,4167.99,1.95390046,0
1506710466,22549189,4167.00,0.43807462,0
1506710463,22549188,4167.00,0.00412800,0
1506710414,22549180,4167.00,0.20299496,0
1506710382,22549176,4165.74,0.02000000,1
1506710351,22549172,4167.00,0.07223902,0
1506710343,22549171,4167.00,0.02750700,0
1506710284,22549161,4167.00,0.05505640,0
1506710243,22549118,4168.00,0.04674664,0
1506710212,22549115,4168.00,0.00636378,0
1506710175,22549107,4168.00,0.01650000,0
1506710123,22549095,4168.00,0.02435075,0
1506710123,22549094,4168.00,0.02533630,0
1506710123,22549093,4168.00,0.23061484,0
1506710103,22549084,4168.00,0.22259357,0
1506710023,22549066,4167.98,0.00424000,0
1506709991,22549062,4165.64,0.00711074,1
1506709984,22549061,4165.64,1.00000000,1
1506709982,22549060,4165.64,1.00000000,1
1506709977,22549057,4165.65,0.01348234,1
1506709966,22549056,4170.02,0.01786264,1
1506709966,22549055,4170.02,0.87150000,1
1506709964,22549053,4170.07,0.00403610,0
1506709964,22549052,4168.78,0.02000000,0
1506709917,22549043,4165.64,0.00800000,1
1506709917,22549042,4169.08,0.38360000,0
1506709911,22549040,4169.10,0.07169100,0
1506709909,22549039,4165.64,0.07611382,1
1506709901,22549035,4158.85,0.20000000,1
1506709900,22549034,4158.81,0.10000000,0
1506709899,22549033,4158.84,0.90000000,1
1506709897,22549030,4158.81,1.00000000,0
1506709893,22549029,4158.81,0.87150000,1
1506709883,22549026,4169.55,0.11408829,0
1506709882,22549025,4169.57,0.15510238,0
1506709880,22549024,4169.57,0.45908998,0
1506709880,22549023,4169.55,0.87150000,0
1506709868,22549021,4158.70,0.12500000,1
1506709864,22549020,4169.60,0.00500000,0
1506709864,22549019,4158.69,0.07376488,1
1506709824,22549006,4161.44,0.02518396,1
1506709824,22549005,4161.87,1.76361604,1
1506709824,22549004,4161.92,4.07000000,1
1506709824,22549002,4161.94,0.87150000,1
1506709824,22549000,4162.47,2.39820000,1
1506709824,22548998,4162.48,0.87150000,1
1506709815,22548990,4162.40,0.09287183,1
1506709803,22548989,4170.55,0.00659500,0
1506709785,22548987,4170.44,0.04845291,0
1506709756,22548982,4161.95,0.34465571,0
1506709756,22548981,4162.29,0.12030075,1
1506709756,22548980,4163.04,0.02181299,1
1506709755,22548979,4163.83,0.05700000,1
1506709755,22548978,4163.83,0.05700000,1
1506709755,22548977,4163.83,0.88600000,1
1506709755,22548976,4163.85,2.39710000,1
1506709754,22548975,4163.86,0.60000000,1
1506709754,22548974,4163.90,0.01204159,1
1506709752,22548973,4163.93,0.59723781,1
1506709713,22548959,4168.01,0.00276084,0
1506709698,22548952,4165.78,0.01979221,0
1506709694,22548949,4165.78,0.06263578,0
1506709688,22548946,4164.02,0.83100000,1
1506709688,22548945,4165.02,0.05700000,1
1506709688,22548944,4165.02,0.05700000,1
1506709687,22548943,4165.02,0.05500000,1
1506709685,22548942,4165.01,0.83100000,0
1506709684,22548941,4165.01,0.05700000,0
1506709684,22548940,4165.02,0.05700000,1
1506709684,22548939,4165.02,0.05500000,1
1506709683,22548938,4165.02,0.00200000,1
1506709682,22548937,4165.01,0.82900000,0
1506709681,22548936,4165.02,0.05700000,1
1506709681,22548934,4165.02,0.05700000,1
1506709681,22548933,4165.02,0.05700000,1
1506709678,22548932,4165.01,1.00000000,1
1506709673,22548931,4165.79,0.94300000,1
1506709670,22548928,4165.59,0.12850000,0
1506709669,22548927,4165.79,0.87150000,1
1506709667,22548924,4170.46,0.00454386,0
1506709648,22548920,4170.47,0.05000000,0
1506709646,22548916,4170.47,0.01303003,0
1506709645,22548915,4170.47,0.25365194,0
1506709640,22548914,4173.12,0.13184200,1
1506709640,22548913,4173.36,1.01254000,0
1506709639,22548912,4173.33,0.72573781,0
1506709635,22548910,4173.36,0.00991820,0
1506709617,22548904,4174.65,0.12540713,0
1506709616,22548903,4174.63,0.87150000,0
1506709608,22548898,4165.90,1.00000000,0
1506709604,22548897,4165.93,1.00000000,1
1506709603,22548896,4165.82,0.12850000,1
1506709603,22548895,4165.87,0.87150000,1
1506709599,22548893,4165.82,1.00000000,1
1506709599,22548892,4174.93,0.02962952,0
1506709595,22548890,4175.00,0.00136559,0
1506709595,22548889,4175.00,0.23353001,0
1506709595,22548888,4174.97,0.36942420,0
1506709583,22548877,4167.60,0.12850000,0
1506709583,22548876,4167.75,0.87150000,1
1506709582,22548875,4167.73,0.34851467,1
1506709581,22548874,4167.65,1.00000000,1
1506709578,22548860,4174.99,0.45000153,1
1506709573,22548842,4174.99,0.00999949,1
1506709571,22548841,4174.99,1.00000000,1
1506709567,22548836,4174.99,0.00999949,1
1506709566,22548835,4174.99,1.00000000,1
1506709565,22548834,4174.99,0.02999949,1
1506709541,22548828,4166.60,0.00798840,1
1506709538,22548827,4175.00,0.92350000,0
1506709538,22548826,4174.98,0.87150000,0
1506709538,22548825,4170.43,0.50000000,0
1506709534,22548824,4166.44,0.80801523,0
1506709528,22548821,4166.28,0.03012347,0
1506709518,22548820,4166.44,0.20000000,0
1506709506,22548817,4166.43,0.00500000,0
1506709503,22548816,4166.43,0.09589300,0
1506709488,22548810,4166.44,2.49000000,0
1506709484,22548808,4166.43,0.01000000,0
1506709448,22548800,4167.88,0.50000000,1
1506709448,22548799,4167.98,0.09377684,1
1506709447,22548797,4170.42,0.03533594,1
1506709446,22548796,4170.42,2.46466406,1
1506709444,22548794,4170.43,2.50000000,0
1506709429,22548789,4175.00,0.01771200,0
1506709423,22548787,4168.12,0.00320800,1
1506709409,22548783,4175.00,0.23891257,0
1506709407,22548781,4170.30,0.00841500,0
1506709382,22548766,4174.98,0.08912618,0
1506709370,22548765,4167.36,0.00476000,1
1506709354,22548763,4167.29,0.00450000,1
1506709353,22548762,4167.29,0.01204979,1
1506709353,22548761,4175.00,6.18465767,0
1506709353,22548760,4175.00,1.27870435,0
1506709353,22548759,4174.98,2.39380000,0
1506709353,22548758,4174.98,0.01000000,0
1506709352,22548757,4172.30,0.11983798,0
1506709352,22548756,4171.87,0.01300000,0
1506709282,22548744,4164.23,0.66341700,1
1506709281,22548743,4164.12,0.00022076,1
1506709281,22548742,4167.00,0.31591624,1
1506709263,22548735,4172.36,0.01000000,0
1506709246,22548733,4174.46,2.91832345,0
1506709246,22548732,4174.44,0.87150000,0
1506709246,22548731,4172.40,0.01700000,0
1506709246,22548730,4170.63,0.00320316,0
1506709204,22548717,4174.69,0.22221530,0
1506709204,22548716,4174.69,0.07357341,0
1506709203,22548714,4166.36,0.02642659,0
1506709202,22548712,4163.32,0.00200000,1
1506709158,22548692,4166.28,0.01784940,1
1506709138,22548686,4165.88,0.24095748,1
1506709126,22548684,4170.66,0.40857603,1
1506709126,22548683,4172.83,0.00000160,1
1506709125,22548679,4172.83,0.02109840,1
1506709120,22548677,4170.66,0.05111791,1
1506709109,22548670,4170.66,0.01737375,1
1506709106,22548665,4170.66,0.37419018,1
1506709106,22548662,4170.67,0.03207159,1
1506709068,22548636,4175.00,1.00000000,0
1506709065,22548634,4175.00,1.00000000,0
1506709063,22548632,4175.00,1.00000000,0
1506709060,22548631,4175.00,4.52373173,0
1506709060,22548630,4175.00,1.00000000,0
1506709057,22548629,4166.88,0.17989003,1
1506709057,22548628,4174.97,0.04010997,1
1506709055,22548627,4175.00,1.87428489,0
1506709052,22548626,4174.97,0.29569796,1
1506709005,22548618,4174.00,0.66419207,0
1506709002,22548617,4174.00,1.00000000,0
1506709000,22548616,4174.97,0.12850000,1
1506708998,22548615,4174.97,0.12850000,0
1506708998,22548614,4174.97,0.74300000,0
1506708990,22548613,4174.98,0.12850000,1
1506708983,22548603,4174.98,0.87150000,0
1506708978,22548602,4171.51,0.01600000,0
1506708965,22548593,4174.96,0.01375000,0
1506708946,22548587,4174.98,0.04793443,0
1506708913,22548578,4174.11,0.16617764,0
1506708913,22548577,4170.74,0.01900000,0
1506708904,22548575,4163.09,0.07235401,1
1506708868,22548502,4170.34,0.20000000,1
1506708860,22548500,4174.74,0.06461510,0
1506708850,22548498,4163.04,0.02596090,1
1506708850,22548497,4170.51,0.13768306,1
1506708846,22548496,4170.51,0.53873647,1
1506708846,22548495,4170.51,0.02400000,1
1506708834,22548485,4163.14,0.02062936,1
1506708829,22548481,4170.47,0.70041953,0
1506708820,22548476,4170.72,0.14922842,1
1506708816,22548474,4170.70,0.87115153,0
1506708814,22548470,4170.75,0.00950000,0
1506708810,22548466,4165.11,0.02700000,0
1506708809,22548465,4163.04,0.04088903,0
1506708805,22548460,4163.04,0.00690397,0
1506708783,22548455,4163.04,0.02729300,0
1506708750,22548452,4163.01,0.03224670,1
1506708741,22548451,4169.71,0.01083100,0
1506708725,22548443,4174.00,0.02756900,1
1506708703,22548440,4162.32,0.48408107,1
1506708683,22548434,4162.03,0.22744963,1
1506708672,22548433,4167.03,0.16649594,1
1506708671,22548432,4167.03,0.04445706,1
1506708660,22548430,4170.01,0.23321526,1
1506708660,22548429,4171.07,0.01163741,1
1506708657,22548425,4173.89,1.00000000,0
1506708654,22548423,4171.45,0.08153523,0
1506708648,22548419,4171.45,0.03900000,0
