date,tid,price,amount,type
1506729653,22556487,0.07017988,0.14389307,0
1506729653,22556486,0.07019500,5.00000000,1
1506729509,22556459,0.07023900,3.02300000,0
1506729341,22556447,0.07033733,2.84000000,0
1506729313,22556444,0.07019650,1.94858700,1
1506729212,22556401,0.07020012,0.38209700,0
1506728746,22556360,0.07019640,2.84000000,0
1506728637,22556346,0.07018600,2.73812600,1
1506728582,22556329,0.07033128,0.76206000,0
1506728342,22556238,0.07019334,0.24636000,0
1506727927,22556167,0.07025699,6.40102104,0
1506727927,22556166,0.07025699,1.94604396,0
1506727886,22556162,0.07025699,0.57908300,0
1506727870,22556160,0.07025700,1.24974500,0
1506727870,22556159,0.07017988,0.59955500,0
1506727808,22556117,0.07017992,2.83689300,0
1506727808,22556116,0.07017988,1.28543900,0
1506727793,22556104,0.07021901,2.52975700,0
1506727793,22556102,0.07021901,0.31085970,0
1506727793,22556101,0.07021900,0.53563700,0
1506727770,22556089,0.07021901,2.52901900,1
1506727688,22556036,0.07033800,5.00000000,0
1506727682,22556028,0.07033400,4.70871251,0
1506727682,22556027,0.07033297,1.88458800,0
1506727682,22556026,0.07026576,0.29128749,0
1506727677,22556025,0.07026576,2.26924544,0
1506727677,22556024,0.07026575,0.32030956,0
1506727523,22555992,0.07025899,1.28958749,0
1506727523,22555991,0.07025899,0.32391751,0
1506727354,22555957,0.07019987,1.18943200,0
1506727354,22555956,0.07019000,0.21310000,0
1506727325,22555943,0.07019987,1.88458800,0
1506727135,22555872,0.07021516,0.28140000,1
1506727128,22555864,0.07039761,1.91842600,0
1506727056,22555821,0.07025300,0.09971620,1
1506727033,22555799,0.07041100,1.00585051,0
1506727022,22555795,0.07038100,4.05391189,0
1506727022,22555794,0.07034000,0.00000011,0
1506727012,22555791,0.07034000,5.21199836,0
1506727012,22555790,0.07033934,1.91798964,0
1506726945,22555774,0.07032989,0.20000000,0
1506726895,22555756,0.07033932,0.12745734,0
1506726895,22555755,0.07030346,0.07254266,0
1506726859,22555742,0.07019331,1.76086600,1
1506726851,22555740,0.07019308,2.84000000,1
1506726851,22555739,0.07020000,0.21310000,1
1506726850,22555738,0.07033971,0.73902200,1
1506726849,22555735,0.07033971,6.00000000,1
1506726849,22555733,0.07033971,2.84000000,0
1506726839,22555710,0.07018100,0.51494900,1
1506726839,22555709,0.07019262,2.84000000,1
1506726747,22555669,0.07033991,0.26801080,0
1506726722,22555658,0.07024000,2.54830400,1
1506726715,22555651,0.07034000,0.16000000,0
1506726713,22555650,0.07033998,2.84000000,0
1506726442,22555551,0.07033999,1.49579193,0
1506726307,22555498,0.07025900,5.00000000,0
1506726306,22555497,0.07023000,0.21320000,0
1506726141,22555481,0.07012060,0.10927700,1
1506726140,22555480,0.07012063,0.16066098,1
1506726072,22555474,0.07012003,0.32392000,1
1506726051,22555463,0.07029800,0.55254130,0
1506726051,22555462,0.07029793,10.24704070,0
1506726032,22555453,0.07012901,4.09450370,0
1506726032,22555452,0.07014000,0.21320000,1
1506725968,22555433,0.07021600,0.78612407,0
1506725968,22555432,0.07021599,0.52336410,0
1506725967,22555431,0.07021596,3.31803983,0
1506725960,22555426,0.07012901,0.68418600,0
1506725960,22555425,0.07012901,0.89728600,0
1506725921,22555419,0.07012903,0.28708490,0
1506725823,22555397,0.07010000,0.39728600,1
1506725820,22555395,0.07012903,0.50000000,0
1506725819,22555394,0.07010000,0.21310000,1
1506725818,22555393,0.07010998,0.50000000,0
1506725816,22555392,0.07010999,0.21310000,0
1506725802,22555354,0.07010000,0.31519200,1
1506725800,22555348,0.07010003,0.31615700,1
1506725754,22555316,0.07012903,0.83638000,1
1506725740,22555301,0.07017100,0.12803104,1
1506725736,22555300,0.07017206,5.00000000,1
1506725727,22555295,0.07018000,0.21310000,1
1506725704,22555292,0.07034000,1.62800153,0
1506725704,22555291,0.07033999,1.25644700,0
1506725569,22555271,0.07029100,4.99999957,0
1506725569,22555270,0.07028056,0.07114343,0
1506725558,22555268,0.07027200,5.00000000,0
1506725558,22555267,0.07025996,2.52691868,0
1506725558,22555266,0.07025996,1.86163400,0
1506725544,22555264,0.07025231,4.59979100,0
1506725544,22555262,0.07025219,1.58277000,0
1506725494,22555254,0.07022880,0.29423300,0
1506725472,22555248,0.07022950,17.40025800,0
1506725459,22555244,0.07022989,7.50253746,0
1506725340,22555214,0.07022696,2.73186700,0
1506725338,22555213,0.07022692,3.13445300,0
1506725258,22555178,0.07015596,1.00000000,1
1506725250,22555175,0.07015596,1.00000000,0
1506725245,22555172,0.07015600,0.15170000,0
1506725204,22555153,0.07002095,0.89744576,1
1506725176,22555145,0.07016061,0.19143000,0
1506725021,22555074,0.07005011,1.22985720,1
1506724785,22554896,0.07015685,0.50000000,0
1506724784,22554895,0.07010000,0.96584098,0
1506724784,22554894,0.07010000,0.50000000,0
1506724780,22554888,0.07010000,0.50000000,0
1506724778,22554884,0.07010000,0.25617900,0
1506724777,22554882,0.07010000,1.53416000,0
1506724775,22554880,0.07010000,0.24382002,0
1506724775,22554879,0.07009999,0.25617998,0
1506724774,22554877,0.07009999,0.50000000,0
1506724772,22554876,0.07009999,3.91842200,0
1506724771,22554875,0.07010000,0.50000000,0
1506724769,22554867,0.07010000,0.50000000,0
1506724767,22554854,0.07009997,0.50000000,0
1506724764,22554851,0.07009997,0.69125200,0
1506724764,22554849,0.07009997,0.50000000,0
1506724761,22554835,0.07009997,0.50000000,0
1506724757,22554821,0.07009000,0.21310000,0
1506724754,22554794,0.07009998,0.26587394,0
1506724754,22554793,0.07005532,0.00133606,0
1506724753,22554789,0.07004413,11.93232127,1
1506724752,22554788,0.07004413,4.50504484,1
1506724750,22554770,0.07005532,0.26587405,0
1506724745,22554740,0.07005529,2.83989188,1
1506724744,22554727,0.07005532,0.76616800,0
1506724742,22554714,0.07005532,2.90104000,0
1506724740,22554692,0.06960000,2.77829552,1
1506724740,22554688,0.06965000,1.00000000,1
1506724740,22554686,0.06970000,1.00000000,1
1506724740,22554684,0.06970583,1.43059770,1
1506724739,22554681,0.06980000,0.46233307,1
1506724739,22554679,0.06980007,0.22448057,1
1506724739,22554677,0.06980007,1.12295195,1
1506724739,22554674,0.06990000,5.00000000,1
1506724739,22554672,0.06999326,0.20000000,1
1506724739,22554670,0.07005199,2.56426291,1
1506724739,22554669,0.07005532,29.14700000,1
1506724465,22554558,0.07021897,2.67458100,0
1506724386,22554511,0.07016000,9.44422000,0
1506724386,22554510,0.07016000,5.00000000,1
1506724386,22554508,0.07018000,0.21310000,1
1506724381,22554501,0.07016998,0.63871651,1
1506724381,22554500,0.07017013,2.84000000,1
1506724263,22554479,0.07033995,0.67200000,0
1506724261,22554478,0.07033000,0.32800000,0
1506723764,22554405,0.07025480,1.18085800,0
1506723348,22554295,0.07010000,0.00000047,0
1506723148,22554197,0.07010000,0.34369100,0
1506723142,22554193,0.07010000,0.20000000,0
1506723137,22554192,0.07010000,0.20000000,0
1506723086,22554112,0.07010000,1.10797683,0
1506723085,22554111,0.07010000,0.32800000,1
1506723085,22554110,0.07010001,1.13906500,1
1506723068,22554103,0.07017892,0.19003200,1
1506723063,22554101,0.07017894,0.19003300,0
1506723063,22554100,0.07017895,0.09205700,1
1506723033,22554091,0.07009019,8.14451500,1
1506722593,22553846,0.07009108,0.87021800,1
1506722490,22553795,0.07023799,0.31865419,0
1506722397,22553757,0.07016598,1.69238500,0
1506722387,22553750,0.07011006,0.27825000,0
1506721433,22553508,0.07011010,0.52884392,0
1506721321,22553476,0.07011006,0.25690600,0
1506720807,22553313,0.07020800,0.19989175,0
1506720800,22553308,0.07020700,0.58556839,0
1506720653,22553274,0.07010007,0.26417000,1
1506720566,22553258,0.07013003,0.25497550,1
1506720542,22553249,0.07028699,0.20000000,0
1506720409,22553201,0.07026000,2.69749758,0
1506720350,22553187,0.07013003,0.32193300,1
1506720261,22553140,0.07027300,0.45728501,0
1506720259,22553139,0.07024958,2.00000000,0
1506720255,22553137,0.07024964,7.80969724,0
1506720230,22553130,0.07013100,1.67080800,1
1506720219,22553129,0.07014017,0.17534352,1
1506720002,22553067,0.07026985,1.00000000,0
1506719891,22553048,0.07014018,3.00000000,1
1506719849,22553035,0.07028837,5.87155456,1
1506719841,22553030,0.07028837,1.34866216,0
1506719841,22553029,0.07028837,0.08328088,0
1506719841,22553028,0.07028834,1.34866216,0
1506719469,22552941,0.07023000,0.82463563,1
1506719469,22552939,0.07015000,0.00004932,0
1506719467,22552936,0.07012008,0.82463563,1
1506719336,22552910,0.07015000,0.15209678,0
1506719237,22552881,0.07023697,2.09059972,0
1506719035,22552768,0.07010704,0.12046200,1
1506718628,22552596,0.07010707,1.19005088,0
1506718346,22552490,0.07010704,0.38381500,1
1506718327,22552481,0.07010710,1.24978400,1
1506718022,22552394,0.07030657,1.83600000,0
1506717610,22552259,0.07026400,5.00000000,0
1506717610,22552258,0.07026000,0.10281400,0
1506717558,22552251,0.07011132,2.83542700,1
1506717506,22552236,0.07025999,2.85000000,0
1506717506,22552235,0.07025994,7.65105510,0
1506717373,22552182,0.07010827,1.81842000,1
1506717301,22552143,0.07025997,5.00000000,0
1506717263,22552123,0.07024997,0.80232000,0
1506717139,22552056,0.07010704,12.42400000,1
1506717117,22552044,0.07011000,3.93930900,1
1506717117,22552043,0.07011000,1.06069100,1
1506717116,22552039,0.07011006,12.45338010,1
1506717110,22552037,0.07017002,2.85000000,1
1506717067,22552027,0.07017003,0.11423691,1
1506716944,22551947,0.07017000,0.10281400,1
1506716937,22551941,0.07016011,0.99999500,1
1506716883,22551898,0.07030679,0.05000000,0
1506716882,22551896,0.07030097,0.10000000,1
1506716881,22551895,0.07030097,2.85000000,0
1506716652,22551783,0.07026797,3.59250031,0
1506716637,22551746,0.07026797,9.61051007,0
1506716637,22551745,0.07023893,0.15568993,0
1506716636,22551743,0.07023893,0.21019249,0
1506716636,22551742,0.07023892,0.28033251,0
1506716580,22551691,0.07016223,3.25896500,0
1506716522,22551625,0.07017724,1.15247992,1
1506716511,22551612,0.07017724,2.27092200,1
1506716511,22551610,0.07017724,1.93963171,1
1506716510,22551607,0.07017724,0.28041800,1
1506716508,22551605,0.07017724,2.27091700,1
1506716499,22551596,0.07017724,0.28512094,1
1506716493,22551578,0.07017724,3.79476000,1
1506716491,22551570,0.07017723,0.14550658,1
1506716490,22551569,0.07017724,0.36588242,1
1506716489,22551563,0.07017723,1.75944100,1
1506716489,22551562,0.07017723,0.51138900,1
1506716484,22551551,0.07017723,3.97901256,1
1506716481,22551546,0.07017723,0.72993972,1
1506716481,22551545,0.07017723,0.50610900,1
1506716480,22551539,0.07017721,2.09415100,1
1506716480,22551537,0.07017722,2.85000000,1
1506716479,22551527,0.07017721,15.68056700,1
1506716477,22551521,0.07017721,4.94415100,1
1506716117,22551325,0.07033260,0.36975622,0
1506716092,22551315,0.07017621,20.00000000,1
1506715726,22551177,0.07024029,36.46688981,1
1506715726,22551176,0.07024029,29.10770700,1
1506715624,22551142,0.07033928,0.20382892,0
1506715611,22551115,0.07024029,29.41346000,1
1506715589,22551053,0.07033928,0.78706507,0
1506715494,22551027,0.07024030,0.25000000,1
1506715475,22551021,0.07024029,14.80819400,1
1506715469,22551019,0.07024029,1.96394500,1
1506715450,22551017,0.07024029,77.02223395,1
1506715449,22551016,0.07024030,0.67776605,1
1506715412,22551014,0.07024030,0.23067100,1
1506715357,22551005,0.07024031,0.03151000,0
1506715351,22550999,0.07024031,0.20000000,0
1506715255,22550963,0.07024030,0.33300000,1
1506715064,22550891,0.07024029,8.88270534,1
1506715064,22550890,0.07024030,0.80808266,1
1506715064,22550888,0.07024030,2.85000000,1
1506714886,22550857,0.07033928,0.20000000,0
1506714862,22550851,0.07033928,0.20000000,0
1506714661,22550792,0.07033928,0.62136500,0
1506714602,22550780,0.07033928,0.20000000,0
1506714076,22550629,0.07024030,0.12300000,1
1506713986,22550606,0.07024032,3.94772100,1
1506713985,22550605,0.07024029,3.04399536,1
1506713984,22550604,0.07024030,0.90582064,1
1506713972,22550596,0.07024029,7.42195669,1
1506713972,22550595,0.07024030,0.80954031,1
1506713971,22550594,0.07024060,1.75850300,1
1506713815,22550511,0.07021067,0.20000000,1
1506713790,22550503,0.07033966,1.95635008,0
1506713706,22550468,0.07033966,4.71173662,0
1506713656,22550423,0.07021028,0.40031000,1
1506713645,22550414,0.07021031,0.19997000,1
1506713588,22550395,0.07021251,0.19992200,1
1506713268,22550262,0.07034093,2.12715314,0
1506713249,22550259,0.07021027,2.85347273,1
1506713249,22550258,0.07021028,1.10819193,1
1506713249,22550256,0.07021156,0.32853825,1
1506713008,22550155,0.07017607,0.07518738,1
1506712782,22550110,0.07029841,0.20000000,0
1506712606,22550058,0.07013362,0.19995300,1
1506712605,22550056,0.07028900,0.19995229,0
1506712128,22549789,0.07012627,5.79975400,1
1506711919,22549628,0.07012315,0.82200000,1
1506711397,22549463,0.07029390,0.11160428,0
1506711397,22549462,0.07029000,0.08839572,0
1506711363,22549430,0.07029390,1.46028874,0
1506711361,22549428,0.07029387,6.20023126,0
1506711301,22549418,0.07026997,0.35000000,0
1506711233,22549406,0.07029493,0.07518738,0
1506711220,22549398,0.07014000,0.07519572,1
1506711217,22549397,0.07013013,0.24809802,1
1506711178,22549382,0.07025100,0.07519572,0
1506711168,22549380,0.07021754,0.24553861,0
1506711061,22549364,0.07021899,1.00000000,0
1506711038,22549360,0.07021911,0.20000000,0
1506711010,22549351,0.07021000,0.20000000,0
1506710965,22549312,0.07022995,0.20000000,0
1506710912,22549304,0.07011008,0.58169821,1
1506710912,22549303,0.07011008,0.49836117,1
1506710864,22549281,0.07015000,0.21320000,1
1506710613,22549213,0.07020000,0.00000049,0
1506709697,22548950,0.07019997,0.28191817,1
1506709568,22548837,0.07020000,13.56746200,0
1506709558,22548832,0.07019799,10.45060928,0
1506709555,22548831,0.07019464,4.44518100,0
1506709513,22548818,0.07004111,3.02097811,1
1506709502,22548815,0.07018654,4.13908000,0
1506709502,22548814,0.07018642,0.86092000,0
1506709408,22548782,0.07004051,0.09522000,1
1506709383,22548768,0.07004043,1.27301800,1
1506709321,22548749,0.07019584,1.10000000,0
1506709141,22548687,0.07014987,1.00000000,0
1506709126,22548682,0.07004400,0.30118685,1
1506709126,22548680,0.07014430,0.00009915,1
1506709108,22548667,0.07014430,0.24768585,1
1506709106,22548664,0.07014906,3.19263281,1
1506709105,22548660,0.07014906,5.79140719,1
1506709103,22548657,0.07011700,5.00000000,0
1506709103,22548656,0.07010899,6.56200000,0
1506709103,22548655,0.07008499,2.85000000,0
1506709044,22548624,0.07005000,0.12730400,0
1506709044,22548623,0.07003599,2.85000000,0
1506708984,22548605,0.06990404,0.86091896,1
1506708962,22548592,0.06990307,0.21390000,1
1506708960,22548591,0.06990307,0.32900000,1
1506708959,22548590,0.06991000,0.21390000,1
1506708881,22548568,0.07007688,2.74160100,0
1506708640,22548411,0.06996700,4.99988026,1
1506708640,22548410,0.06998000,0.00011974,1
1506708634,22548403,0.06998000,0.32888026,1
1506708537,22548343,0.07011300,0.35966500,0
1506708491,22548332,0.07006099,0.27335600,0
1506708320,22548254,0.06991000,2.05434195,1
1506708155,22548170,0.06988915,0.32900000,1
1506708154,22548167,0.06988914,0.00006488,0
1506708154,22548166,0.06988914,2.07537776,0
1506708153,22548165,0.06988918,0.10000000,1
1506708081,22548120,0.07007580,9.37253974,0
1506707871,22548038,0.07005597,0.10000000,0
1506707868,22548037,0.07005598,1.07481896,0
1506707826,22548008,0.06992700,0.11101031,1
1506707826,22548007,0.06992703,0.13733676,1
1506707826,22548006,0.06995000,0.00007147,1
1506707725,22547934,0.07009800,0.00012995,0
1506707725,22547932,0.07009794,0.42015001,0
1506707685,22547902,0.06995000,0.81992853,1
1506707272,22547644,0.07008900,2.00671104,0
1506707199,22547605,0.07001040,5.40163396,0
1506707175,22547597,0.07004002,0.40003500,1
1506707129,22547546,0.07004000,0.94659091,1
1506707117,22547525,0.07004000,2.85000000,1
1506707117,22547523,0.07004002,1.20553804,1
1506707116,22547517,0.07014994,2.02905000,0
1506707112,22547515,0.07004000,0.50525532,1
1506707112,22547514,0.07004001,2.85000000,1
1506707104,22547491,0.07014998,3.30445032,0
1506707103,22547487,0.07013997,3.35047313,1
1506707102,22547486,0.07013997,3.86525900,1
1506707079,22547448,0.07014293,1.14479900,0
1506707058,22547421,0.06999700,1.69833800,1
1506707058,22547420,0.07008000,0.94370200,1
1506707052,22547413,0.07014997,0.40636183,0
1506707027,22547376,0.07008000,0.09369800,1
1506707005,22547372,0.07008000,5.00000000,1
1506707004,22547371,0.07005000,0.81000000,0
1506706964,22547357,0.06997100,5.00000000,1
1506706959,22547355,0.06997500,2.41732800,1
1506706957,22547352,0.06997729,1.77267244,1
1506706957,22547351,0.06998000,0.81000000,1
1506706786,22547241,0.07015500,3.32431118,0
1506706710,22547182,0.07012300,0.99575646,0
1506706651,22547129,0.07005998,6.78005355,1
1506706649,22547126,0.07006300,1.02310777,0
1506706648,22547125,0.07005000,0.21340000,0
1506706648,22547124,0.07004000,0.59660000,0
1506706647,22547123,0.07004000,0.21340000,0
1506706605,22547059,0.06991500,0.27199500,1
1506706590,22547040,0.06997000,4.99992858,1
1506706590,22547039,0.07000000,0.00007142,1
1506706587,22547030,0.07000000,0.49992858,1
1506706583,22547025,0.06999200,25.58760267,1
1506706582,22547023,0.07013978,0.19011000,0
1506706580,22547020,0.07013978,0.50000000,0
1506706578,22547019,0.07013978,0.50000000,0
1506706576,22547013,0.07013979,0.50000000,0
1506706572,22547012,0.07013986,0.27132500,0
1506706566,22547000,0.06999200,78.29647300,1
1506706561,22546993,0.07014000,0.50000000,0
1506706553,22546985,0.07000000,8.43387972,1
1506706548,22546982,0.07000000,1.52446600,1
1506706544,22546979,0.07000000,3.60911677,1
1506706544,22546978,0.07000500,5.00000000,1
1506706543,22546977,0.07001019,2.02300823,1
1506706541,22546972,0.07006203,0.20000000,1
1506706528,22546949,0.07002400,2.10150400,1
1506706527,22546944,0.07002400,1.69400800,1
1506706524,22546938,0.07002400,1.20448800,1
1506706524,22546937,0.07006203,0.20000000,1
1506706517,22546915,0.07003300,5.00000000,1
1506706517,22546913,0.07004000,0.32900000,1
1506706517,22546912,0.07004003,5.12900000,1
1506706517,22546911,0.07006203,0.20000000,1
1506706498,22546875,0.07008003,0.09808083,1
1506706477,22546841,0.07021989,1.02864069,0
1506706458,22546786,0.07006003,0.21790900,1
1506706430,22546750,0.07006800,1.50998400,1
1506706430,22546749,0.07022177,5.11383065,0
1506706415,22546684,0.07021296,1.00000000,0
1506706412,22546681,0.07021300,0.50000000,0
1506706409,22546679,0.07015500,0.20900000,0
1506706404,22546660,0.07015500,1.66496500,0
1506706392,22546646,0.07005500,4.99999500,0
1506706389,22546642,0.07005605,0.20000000,1
1506706389,22546641,0.07021997,0.20000000,1
1506706370,22546610,0.07007006,3.17900000,1
1506706370,22546609,0.07010000,0.21340000,1
1506706338,22546577,0.07006507,6.23848100,1
1506706316,22546537,0.07021644,2.71036200,0
1506706316,22546535,0.07021644,4.94498467,0
1506706258,22546415,0.07012000,4.99996599,0
1506706248,22546389,0.07016700,0.28070430,0
1506706247,22546388,0.07011001,0.00000553,0
1506706247,22546386,0.07002015,2.17521913,0
1506706246,22546381,0.07002015,0.40763681,0
1506706243,22546373,0.07003001,0.13034406,1
1506706237,22546356,0.07003003,2.71036738,1
1506706237,22546355,0.07011000,0.00005500,1
1506706228,22546337,0.07011001,2.68843000,0
1506706206,22546317,0.07011001,0.91142477,0
1506706162,22546304,0.07011001,0.20000000,0
1506706137,22546285,0.07011001,0.20000000,0
1506706131,22546282,0.07011000,0.20381400,1
1506706113,22546275,0.07011000,0.60613100,1
1506706110,22546273,0.07011001,0.50013970,0
1506705961,22546175,0.07026600,2.00000000,0
1506705943,22546168,0.07041092,18.76350456,1
1506705943,22546167,0.07041092,5.60566400,1
1506705943,22546165,0.07021000,0.81000000,0
1506705943,22546164,0.07018700,5.00000000,0
1506705942,22546163,0.07017000,0.20004860,1
1506705942,22546162,0.07017000,3.00000000,0
1506705942,22546161,0.07016862,2.85000000,0
1506705942,22546160,0.07016859,6.09272217,1
1506705942,22546159,0.07016859,3.31804009,1
1506705940,22546158,0.07016859,0.18514348,1
1506705940,22546157,0.07016859,13.07487710,0
1506705810,22546111,0.07014200,0.50000000,0
1506705808,22546109,0.07008521,0.09926042,0
1506705808,22546107,0.07008521,0.31425466,0
1506705807,22546106,0.07008521,0.08648492,0
1506705805,22546104,0.07008521,0.50000000,0
1506705803,22546084,0.07008521,0.50000000,0
1506705801,22546082,0.07008521,0.50000000,0
1506705799,22546079,0.07008521,0.50000000,0
1506705797,22546070,0.07008521,0.50000000,0
1506705795,22546066,0.07008521,0.50000000,0
1506705792,22546059,0.07008522,0.50000000,0
1506705786,22546044,0.06999200,0.66301864,1
1506705783,22546041,0.06999200,1.34806270,1
1506705783,22546040,0.06999201,0.28448102,1
1506705695,22545990,0.07009399,0.20000000,0
1506705658,22545981,0.06999418,1.08583967,0
1506705655,22545975,0.06999419,0.31433389,1
1506705404,22545842,0.07005600,1.71351508,1
1506705404,22545840,0.07005601,0.19715639,1
1506705325,22545778,0.07000000,0.20000000,1
1506705321,22545771,0.07000023,0.20000000,1
1506705303,22545757,0.07002601,0.20000000,1
1506705300,22545754,0.07019769,0.10000000,0
1506705299,22545753,0.07002715,0.20000000,1
1506705249,22545699,0.07019800,1.13300000,0
1506705249,22545698,0.07019800,0.16100000,0
1506705248,22545692,0.07019800,0.33500000,0
1506705247,22545691,0.07019800,0.07500000,0
1506705242,22545686,0.07020997,1.87807791,1
1506705241,22545683,0.07020997,0.12192209,0
1506705240,22545681,0.07017695,1.07700000,0
1506705230,22545679,0.07017696,0.20000000,0
1506705213,22545669,0.07016597,1.11996502,1
1506705212,22545668,0.07013788,1.03003498,0
1506705211,22545667,0.07012699,2.85000000,0
1506705203,22545658,0.07012700,0.11954636,0
1506705199,22545657,0.07010000,5.00000000,0
1506705199,22545656,0.07009999,0.08021725,1
1506705088,22545611,0.07009999,0.20000000,0
1506705065,22545601,0.07009999,0.50000000,0
1506705063,22545597,0.07004700,0.50000000,0
1506705061,22545595,0.07004700,0.50000000,0
1506705059,22545594,0.07004700,0.50000000,0
1506705057,22545593,0.07004700,0.50000000,0
1506705054,22545592,0.07004700,0.50000000,0
1506705052,22545591,0.07003800,0.50000000,0
1506705052,22545590,0.07003800,0.20000000,0
1506705043,22545581,0.06994000,0.32895140,0
1506705034,22545575,0.06994900,4.99996603,0
1506705027,22545572,0.06980000,3.53766693,1
1506705026,22545570,0.06984000,0.54900000,1
1506705026,22545569,0.06988918,0.49136458,1
1506705026,22545567,0.06990000,5.00000000,1
1506705025,22545565,0.06990001,0.11134795,1
1506705025,22545564,0.06993844,0.20000000,1
1506705025,22545563,0.06995000,3.00000000,1
1506705025,22545561,0.07004900,5.00000000,1
1506705024,22545560,0.07006000,0.32900000,1
1506705024,22545559,0.07009181,0.55548177,1
1506705024,22545557,0.07009181,0.79039192,1
1506705022,22545556,0.07009200,0.08000000,1
1506705011,22545551,0.07020986,0.20000000,0
1506704974,22545535,0.07020986,0.20000000,0
1506704941,22545533,0.07020987,0.20000000,0
1506704918,22545521,0.07009181,0.61370937,1
1506704899,22545512,0.07020988,0.20000000,0
1506704859,22545491,0.07020990,0.20000000,0
1506704818,22545478,0.07020993,0.14000000,0
1506704794,22545465,0.07009180,0.37690315,1
1506704780,22545460,0.07020997,0.07807791,0
1506704780,22545459,0.07020997,0.12192209,0
1506704744,22545455,0.07020997,0.20000000,0
1506704705,22545412,0.07020999,0.16980000,0
1506704670,22545399,0.07009181,0.67812488,1
1506704649,22545396,0.07009180,3.34060104,1
1506704648,22545395,0.07009181,0.74939896,1
1506704648,22545394,0.07009500,0.81000000,1
1506704647,22545393,0.07009501,0.20000000,1
1506704548,22545349,0.07009691,0.20000000,1
1506704477,22545320,0.07024099,0.33575800,0
1506704473,22545319,0.07024099,0.13786034,0
1506704425,22545311,0.07009692,4.09245798,0
1506704425,22545309,0.07024499,4.95666300,0
1506704412,22545303,0.07024496,0.07849800,0
1506704410,22545302,0.07024500,0.76145700,0
1506704407,22545300,0.07025196,0.20000000,1
1506704303,22545267,0.07010047,3.27856929,1
1506704249,22545242,0.07024921,0.25000000,0
1506704230,22545232,0.07021694,0.20200000,0
1506704227,22545231,0.07021700,0.02034946,0
1506704227,22545230,0.07021695,0.22965054,0
1506704217,22545221,0.07011776,0.33300000,0
1506704213,22545220,0.07011685,0.03043702,1
1506704213,22545217,0.07011686,0.16956298,1
1506704205,22545211,0.07011773,0.33793915,1
1506704204,22545209,0.07011776,7.70577100,1
1506704200,22545207,0.07024933,0.20000000,0
1506704144,22545184,0.07024963,0.20000000,0
1506704086,22545173,0.07021700,0.50000000,0
1506704078,22545170,0.07011757,2.64351200,1
1506704069,22545159,0.07011761,5.02985450,1
1506703964,22545032,0.07025084,0.45800000,0
1506703962,22545031,0.07025084,0.48500000,0
1506703959,22545030,0.07025084,0.50000000,0
1506703957,22545024,0.07025085,0.50000000,0
1506703955,22545021,0.07025085,0.33125824,0
1506703955,22545020,0.07025084,0.16874176,0
1506703953,22545019,0.07025085,0.50000000,0
1506703952,22545018,0.07025082,0.50000000,0
1506703949,22545017,0.07025085,0.50000000,0
1506703870,22544989,0.07009190,1.90000000,0
1506703869,22544988,0.07013700,5.00000000,1
1506703869,22544987,0.07017381,0.10000000,1
1506703606,22544875,0.07028448,0.20000000,0
1506703511,22544824,0.07028536,0.10000000,0
1506703480,22544811,0.07028572,0.10000000,0
1506703479,22544810,0.07028572,0.20000000,0
1506703471,22544803,0.07028575,1.27729390,0
1506703445,22544781,0.07028589,4.04646283,0
1506703355,22544740,0.07012011,1.00000000,1
1506703320,22544672,0.07029330,6.00364772,0
1506703079,22544588,0.07017011,2.15116685,1
1506703007,22544554,0.07026400,0.63653600,0
1506703006,22544550,0.07026400,0.11211200,0
1506703005,22544549,0.07026400,0.22553000,0
1506703001,22544548,0.07020000,0.14220000,0
1506702951,22544529,0.07025978,0.09407203,0
1506702837,22544441,0.07025002,0.12900000,0
1506702835,22544440,0.07025001,4.18100553,0
1506702832,22544435,0.07025001,1.06327200,1
1506702831,22544430,0.07025001,1.06310092,1
1506702777,22544391,0.07027452,0.20000000,0
1506702744,22544355,0.07026000,0.20000000,0
1506702672,22544305,0.07025197,0.20000000,0
1506702615,22544247,0.07025197,0.91301966,0
1506702602,22544211,0.07010408,2.06648616,1
1506702601,22544210,0.07010409,0.26758490,1
1506702601,22544208,0.07010409,0.13241000,1
1506702539,22544132,0.07016004,3.29624271,1
1506702539,22544131,0.07017000,0.21320000,1
1506702538,22544130,0.07030874,0.20000000,0
1506702484,22544086,0.07023199,0.20000000,0
1506702460,22544005,0.07023199,0.19960501,0
1506702457,22543998,0.07015000,0.00000029,0
1506702449,22543992,0.07015000,1.10844400,0
1506702448,22543990,0.07015000,1.28512200,0
1506702441,22543986,0.07015000,12.27419600,0
1506702440,22543984,0.07015000,2.25055600,0
1506702400,22543951,0.07015673,1.47825558,1
1506702400,22543949,0.07015674,1.21342242,1
1506702320,22543901,0.07015820,0.56339532,0
1506702310,22543896,0.07015650,0.82384246,1
1506702302,22543892,0.07015649,0.82384246,0
1506702301,22543891,0.07015649,1.77882843,0
1506702242,22543857,0.07028997,0.20101100,0
1506702077,22543729,0.07014000,10.42668810,0
1506702074,22543727,0.07014000,0.40000000,0
1506702064,22543703,0.07014000,0.30000000,0
1506702054,22543688,0.07014000,0.15093500,0
1506702048,22543681,0.07014000,0.56496600,0
1506702045,22543680,0.07014000,1.23890500,0
1506702043,22543676,0.07014000,0.95821214,0
1506702041,22543671,0.07014000,2.58363273,0
1506702037,22543663,0.07014000,71.63900000,0
1506702036,22543659,0.07014000,0.17810106,0
1506702035,22543658,0.07014000,2.06220600,0
1506702030,22543656,0.07014000,0.35846900,0
1506702029,22543655,0.07006154,10.00000000,1
1506702028,22543654,0.07014000,3.15147700,0
1506702026,22543651,0.07014000,0.12725200,0
1506702022,22543644,0.07014000,1.20000000,0
1506702017,22543640,0.07014000,6.61404000,0
1506702007,22543630,0.07014000,6.60631900,0
1506701998,22543605,0.07014000,0.82645771,0
1506701947,22543486,0.07016500,0.10304200,0
1506701921,22543443,0.07009999,2.14995675,0
1506701921,22543442,0.07008000,0.00004325,0
1506701919,22543439,0.07008000,0.80995675,0
1506701915,22543426,0.07012000,0.21370000,0
1506701915,22543425,0.07009999,2.85000000,0
1506701836,22543238,0.07003499,1.81127400,0
1506701835,22543234,0.07003499,0.15271000,0
1506701833,22543224,0.06990026,4.17023100,1
1506701832,22543222,0.06990028,1.56992800,1
1506701831,22543218,0.06990027,6.13625856,1
1506701800,22543132,0.06997000,0.17729000,1
1506701785,22543100,0.06998000,0.21370000,1
1506701728,22543006,0.06998500,5.00000000,1
1506701709,22542987,0.07015217,1.00000000,0
1506701553,22542814,0.07009624,0.19989518,1
1506701547,22542797,0.07009625,1.00000000,0
1506701478,22542709,0.07009636,0.20000000,0
1506701477,22542708,0.07009636,0.62065400,0
1506701441,22542682,0.07009636,0.08189300,0
1506701441,22542681,0.07009636,0.11810700,0
1506701403,22542660,0.07009636,0.20000000,0
1506701383,22542626,0.07008600,5.00000000,0
1506701383,22542625,0.07007660,0.09000000,0
1506701382,22542624,0.07006305,0.10000000,0
1506701282,22542536,0.07005059,7.15000000,1
1506701281,22542535,0.07005059,2.85000000,0
1506701161,22542447,0.07005096,10.00000000,0
1506701123,22542417,0.06990005,0.10000000,1
1506701024,22542353,0.07000400,0.55408800,0
1506701024,22542352,0.06992329,0.44591200,0
1506700997,22542339,0.06992329,0.20000000,0
1506700596,22542134,0.07009721,0.12352000,0
1506700129,22541975,0.07009875,0.24493528,0
1506700128,22541974,0.07009875,0.24493528,0
1506700052,22541952,0.07009879,0.24492400,0
1506700010,22541876,0.07006968,2.92803983,0
1506700004,22541855,0.07006969,0.24502568,0
1506699991,22541849,0.07006972,0.19000000,0
1506699957,22541839,0.07006978,0.20000000,0
1506699871,22541754,0.06992017,6.48523881,1
1506699864,22541750,0.06992017,0.61060000,1
1506699774,22541711,0.07006999,0.20000000,0
1506699569,22541656,0.06996211,1.00988491,0
1506699567,22541652,0.06996214,4.18469153,1
1506699566,22541646,0.06996214,4.89408800,1
1506699566,22541643,0.06996215,7.06100000,1
1506699553,22541636,0.07009499,0.76666900,0
1506699541,22541630,0.07004400,1.23333160,0
1506699513,22541622,0.07001442,0.44174740,1
1506699513,22541621,0.07001442,1.26135715,1
1506699513,22541620,0.07001442,0.94789500,1
1506699498,22541611,0.07004400,2.40947500,0
1506699488,22541604,0.06994500,1.00000045,0
1506699487,22541603,0.06994500,3.30384400,0
1506699485,22541602,0.06994500,2.85000000,0
1506699485,22541601,0.06994500,0.54534377,0
1506699484,22541600,0.06994400,0.18709279,1
1506699484,22541599,0.06994500,1.00000000,0
1506699483,22541597,0.06994500,1.62586037,0
1506699482,22541595,0.07000000,0.28500000,1
1506699482,22541594,0.07000000,9.91796141,1
1506699481,22541591,0.07014397,1.60123000,0
1506699477,22541580,0.07000000,5.70956700,1
1506699474,22541568,0.07000000,0.40775415,1
1506699473,22541556,0.07000000,0.88303573,1
1506699473,22541554,0.07000000,0.37842727,1
1506699457,22541527,0.07000000,3.15777273,1
1506699453,22541513,0.07000000,0.20000000,1
1506699453,22541509,0.07000000,0.26380000,1
1506699215,22541219,0.07001703,6.04240508,1
1506699176,22541208,0.07020607,0.61260500,0
1506699113,22541143,0.07020668,0.20000000,0
1506699083,22541126,0.07022184,0.20000000,0
1506699064,22541117,0.07011500,5.00000000,1
1506699064,22541116,0.07014000,0.81000000,1
1506699063,22541115,0.07028066,3.00000000,1
1506699010,22541073,0.07018111,1.21297300,1
1506698978,22541057,0.07018111,14.13500000,1
1506698941,22541046,0.07018111,1.07094700,1
1506698914,22541032,0.07018111,0.10000000,1
1506698912,22541030,0.07018111,0.10000000,1
1506698901,22541029,0.07028280,0.14194156,0
1506698865,22541015,0.07018111,0.31217800,1
1506698821,22540999,0.07028324,2.55794000,0
1506698721,22540960,0.07018111,0.41890190,1
1506697968,22540473,0.07029997,0.72932919,0
1506697861,22540425,0.07028993,0.32022100,0
1506697814,22540394,0.07024300,0.98699286,1
1506697812,22540392,0.07021000,0.81000000,0
1506697579,22540289,0.07013399,1.60476034,0
1506697578,22540288,0.07013399,2.85000000,0
1506697577,22540287,0.07015000,0.81000000,1
1506697577,22540286,0.07015005,2.85000000,1
1506697550,22540274,0.07029993,0.14190697,0
1506697538,22540271,0.07015003,7.94000000,1
1506697495,22540242,0.07028835,0.20000000,0
1506697025,22539974,0.07033700,0.14182821,0
1506696965,22539900,0.07029000,0.14190721,0
1506696882,22539798,0.07026962,0.20375801,0
1506696856,22539788,0.07027000,1.09125859,1
1506696808,22539768,0.07028738,0.14193231,0
1506696579,22539598,0.07024789,0.71006090,0
1506696557,22539589,0.07024797,0.71006009,0
1506696525,22539569,0.07016700,5.00000000,0
1506696410,22539508,0.07001035,0.49713500,0
1506696357,22539446,0.07001019,1.25579100,1
1506696338,22539439,0.06996900,0.85960854,0
1506696336,22539437,0.07000000,0.15834826,1
1506696318,22539433,0.07014934,0.71105844,0
1506696316,22539431,0.07001046,3.19299400,1
1506696283,22539406,0.07014964,1.31968700,0
1506696255,22539389,0.07010200,0.20013694,0
1506696241,22539376,0.07008694,5.00000000,0
1506696142,22539323,0.07001022,1.67884200,1
1506696103,22539310,0.07015248,1.18269316,0
1506696040,22539280,0.07001079,0.42425700,1
1506696033,22539266,0.07001078,0.89995984,0
1506696031,22539263,0.07001079,1.69293664,1
1506696003,22539246,0.07015000,0.10000000,0
1506695941,22539221,0.07014893,11.00000000,0
1506695941,22539220,0.07010900,5.00000000,0
1506695866,22539169,0.07009800,4.23493976,0
1506695864,22539167,0.07010000,0.10200000,1
1506695854,22539154,0.07010491,3.46112450,0
1506695854,22539153,0.07007000,5.00000000,0
1506695853,22539149,0.07010495,15.88674699,0
1506695851,22539145,0.07010492,7.16780850,0
1506695811,22539117,0.06999996,0.08552500,1
1506695809,22539116,0.07000526,0.19718500,1
1506695809,22539115,0.07000526,0.42639500,1
1506695809,22539113,0.07000526,0.42639500,1
1506695785,22539105,0.07014872,0.82673800,0
1506695630,22538971,0.07014998,0.20000000,0
1506695614,22538962,0.07007000,0.22912600,1
1506695613,22538961,0.07007300,0.19727400,1
1506695607,22538959,0.07007300,0.20000000,0
1506695549,22538907,0.06996601,0.44044600,1
1506695546,22538906,0.06996601,0.24773815,1
1506695545,22538905,0.06999000,0.00000011,1
1506695513,22538892,0.06999000,2.17624300,1
1506695511,22538890,0.07000100,2.00000000,1
1506695511,22538889,0.07001531,13.10334229,1
1506695341,22538641,0.07015698,0.32144900,0
1506695204,22538555,0.07011400,0.54737955,1
1506695161,22538518,0.07011399,10.00000000,0
1506695057,22538442,0.07001031,0.35000000,1
1506695033,22538432,0.07014999,0.99821725,0
1506694922,22538345,0.07013484,8.25909530,0
1506694921,22538342,0.07013485,12.33193819,0
1506694873,22538272,0.06999001,0.10000000,1
1506694871,22538264,0.07000400,5.00000000,1
1506694866,22538260,0.07001211,10.23530500,1
1506694834,22538225,0.07018000,3.60000000,1
1506694755,22538169,0.07009000,1.40259500,1
1506694753,22538167,0.07009000,0.26969600,1
1506694752,22538163,0.07009000,1.29740000,1
1506694747,22538160,0.07010500,1.58571900,0
1506694746,22538159,0.07012000,0.21320000,1
1506694745,22538155,0.07013005,0.13053703,1
1506694742,22538144,0.07010500,1.50130900,1
1506694742,22538142,0.07011000,0.21320000,1
1506694742,22538141,0.07012000,0.32900000,1
1506694657,22538083,0.07017500,0.22121941,1
1506694657,22538082,0.07017601,0.02584690,1
1506694654,22538080,0.07017601,0.24706631,1
1506694651,22538079,0.07017601,0.24706631,1
1506694644,22538075,0.07017600,1.70000000,1
1506694643,22538074,0.07027000,1.33085700,1
1506694621,22538059,0.07027000,1.36914300,1
1506694609,22538052,0.07030299,5.00000000,0
1506694609,22538050,0.07030299,0.76804618,0
1506694608,22538046,0.07030299,6.54043000,0
1506694608,22538045,0.07027000,3.00000000,0
1506694563,22537990,0.07020999,2.85000000,0
1506694557,22537982,0.07023000,0.15000000,1
1506694442,22537842,0.07014400,1.00000000,0
1506694386,22537804,0.06999998,0.41815877,0
1506694386,22537803,0.06999998,0.69000000,0
1506694386,22537802,0.06999998,0.89455920,0
1506694386,22537801,0.06999998,0.41815877,0
1506694384,22537794,0.06999998,0.83854309,0
1506694361,22537774,0.06999998,0.64136600,0
1506694322,22537746,0.06999998,0.05737294,0
1506694321,22537745,0.06999000,0.14262706,0
1506694125,22537625,0.06997001,3.15785720,1
1506694110,22537620,0.07007992,0.14260000,0
1506693976,22537543,0.07006799,0.15194000,0
1506693890,22537498,0.06992076,0.51094700,1
1506693878,22537493,0.06999600,0.39994000,1
1506693868,22537488,0.06996867,1.29414088,1
1506693865,22537483,0.06999000,0.21357294,0
1506693862,22537468,0.06999600,2.32340892,0
1506693854,22537460,0.07001000,0.21360000,1
1506693851,22537452,0.07001024,2.57772290,1
1506693715,22537368,0.07013911,17.36318445,0
1506693715,22537367,0.07013908,12.47832339,0
1506693635,22537329,0.07009000,2.41675300,0
1506693634,22537328,0.07009000,1.00400300,0
1506693628,22537326,0.07009000,1.57924400,0
1506693560,22537290,0.06994002,0.07563383,1
1506693491,22537193,0.07011397,0.20000000,0
1506693422,22537140,0.07006900,0.31113331,0
1506693414,22537135,0.07006900,0.07441000,0
1506693277,22537016,0.06995303,11.24781570,1
1506693277,22537015,0.07000000,2.89209330,1
1506693195,22536942,0.07006100,0.29609911,0
1506693186,22536931,0.07006100,0.33445140,1
1506693153,22536904,0.06999495,3.04065221,0
1506693141,22536883,0.06998828,0.19960518,0
1506693138,22536877,0.06998831,0.19954488,1
1506693122,22536854,0.06999493,6.25118523,1
1506693088,22536814,0.06987485,0.49803400,1
1506693085,22536795,0.06985000,0.41000000,0
1506693078,22536776,0.06985000,0.20000000,0
1506693069,22536759,0.06985000,0.20000000,0
1506693055,22536740,0.06988296,4.77207700,0
1506693049,22536736,0.06988299,0.14257255,0
1506693044,22536734,0.06988299,0.50000000,0
1506693040,22536731,0.06988299,0.50000000,0
1506693034,22536730,0.06987296,0.50000000,0
1506693030,22536726,0.06987296,0.50000000,0
1506693025,22536723,0.06987297,0.50000000,0
1506693020,22536714,0.06980000,0.50000000,0
1506693016,22536711,0.06980000,0.50000000,0
1506693011,22536706,0.06991928,0.38360297,1
1506692989,22536681,0.06970035,5.00000000,0
1506692988,22536679,0.06980742,0.20000000,1
1506692984,22536666,0.06984500,0.40899595,1
1506692984,22536663,0.06993000,0.00007534,1
1506692967,22536632,0.06993000,0.47723438,1
1506692936,22536624,0.06993926,0.20000000,0
1506692931,22536623,0.06993928,0.20000000,0
1506692910,22536616,0.06993995,0.20000000,1
1506692903,22536613,0.06993000,0.25242000,1
1506692892,22536610,0.06995974,0.20000000,0
1506692855,22536557,0.06997000,0.00010833,1
1506692855,22536556,0.06997000,0.19216993,1
1506692849,22536525,0.06980742,0.20000000,1
1506692819,22536454,0.06981900,3.63780295,1
1506692817,22536452,0.06981900,1.36219705,1
1506692817,22536451,0.06981903,3.63780295,1
1506692815,22536449,0.06997977,0.10000000,0
1506692756,22536301,0.06990000,0.10000000,1
1506692756,22536300,0.06990001,0.34140025,1
1506692744,22536280,0.07005969,0.15633000,0
1506692731,22536266,0.06997700,4.99785100,1
1506692723,22536253,0.07006000,0.15000000,1
1506692672,22536211,0.07011965,0.99864874,0
1506692618,22536168,0.07008590,0.19000000,1
1506692618,22536167,0.07008590,0.20000000,1
1506692618,22536166,0.07008590,1.00000000,1
1506692613,22536159,0.07008590,4.09037617,1
1506692613,22536158,0.07008591,0.13675670,1
1506692601,22536145,0.07008590,0.77622409,1
1506692601,22536143,0.07008591,0.21465084,1
1506692597,22536138,0.07008590,1.98212974,1
1506692597,22536137,0.07008590,0.94710000,1
1506692596,22536136,0.07008590,0.76890000,1
1506692596,22536135,0.07008590,0.94710000,1
1506692596,22536134,0.07008590,1.69154000,1
1506692596,22536133,0.07008590,0.13679426,1
1506692590,22536124,0.07008590,2.61744574,1
1506692590,22536123,0.07008590,0.56290000,1
1506692590,22536122,0.07008590,0.43710000,1
1506692586,22536120,0.07011000,0.15612000,1
1506692498,22536056,0.07008593,0.49000000,1
1506692466,22536025,0.07008647,0.10600000,1
1506692401,22535968,0.07025869,0.50000000,0
1506692283,22535882,0.07026000,0.15612000,0
1506692271,22535870,0.07028788,0.15585000,0
1506692246,22535834,0.07025681,0.10000000,0
1506692241,22535829,0.07021673,0.04325000,0
1506692235,22535824,0.07021682,0.15675000,1
1506692218,22535800,0.07021692,0.07809300,0
1506692218,22535799,0.07016000,0.06979000,0
1506692210,22535790,0.07016000,0.13021000,0
1506692210,22535789,0.07015000,0.02547000,0
1506692200,22535771,0.07015000,4.97453000,1
1506692200,22535769,0.07015000,0.02547000,1
1506692200,22535768,0.07016170,0.20000000,1
1506692160,22535745,0.07030969,0.15568000,0
1506692149,22535743,0.07030973,0.15568000,0
1506692134,22535738,0.07021000,3.00000000,1
1506692125,22535730,0.07030994,0.15567000,0
1506692118,22535725,0.07030999,0.15567000,0
1506692097,22535678,0.07032257,0.15565000,0
1506692073,22535660,0.07032000,0.15564000,0
1506692027,22535638,0.07035917,0.15563000,0
1506691970,22535615,0.07035992,0.14157976,0
1506691938,22535591,0.07038917,1.61246421,0
1506691929,22535533,0.07038920,0.11982274,0
1506691927,22535528,0.07027601,1.29999963,1
1506691927,22535527,0.07027601,1.54962437,1
1506691912,22535523,0.07038921,0.19994000,0
1506691909,22535522,0.07038922,0.19994000,0
1506691905,22535521,0.07038925,0.19994000,0
1506691891,22535511,0.07027601,1.30037563,1
1506691889,22535505,0.07038937,0.50000000,0
1506691885,22535501,0.07031000,0.19742953,0
1506691880,22535498,0.07031000,0.14157976,0
1506691874,22535497,0.07031000,0.19994000,0
1506691871,22535493,0.07031600,0.20081000,1
1506691869,22535491,0.07041565,0.19994000,0
1506691859,22535480,0.07041584,0.20081500,0
1506691849,22535477,0.07049988,1.27951281,1
1506691847,22535474,0.07031600,0.20081500,0
1506691844,22535471,0.07031600,0.50000000,0
1506691836,22535455,0.07034000,0.11000500,1
1506691831,22535448,0.07034000,0.69999500,1
1506691792,22535314,0.07035400,0.99068232,1
1506691778,22535309,0.07037300,5.00000000,1
1506691771,22535305,0.07037806,7.83952932,1
1506691738,22535288,0.07042303,4.99999978,1
1506691738,22535287,0.07045000,0.00000022,1
1506691720,22535267,0.07049697,5.81554072,0
1506691718,22535259,0.07045000,1.22683800,1
1506691716,22535252,0.07049697,3.88107350,0
1506691708,22535235,0.07049699,1.03215156,0
1506691708,22535233,0.07049698,2.85000000,0
1506691701,22535193,0.07045003,0.81000000,0
1506691700,22535187,0.07046000,0.42607000,1
1506691692,22535169,0.07049700,4.57393385,0
1506691692,22535168,0.07046000,0.42606615,0
1506691689,22535157,0.07046000,0.38393385,0
1506691687,22535147,0.07045000,1.81298002,0
1506691664,22535106,0.07045000,0.20000000,0
1506691660,22535104,0.07045000,0.19994000,0
1506691655,22535100,0.07045000,0.19994000,0
1506691651,22535091,0.07045000,0.19994000,0
1506691647,22535083,0.07045000,0.19994000,0
1506691645,22535081,0.07045000,1.75125900,0
1506691589,22535046,0.07049987,0.48360442,0
1506691583,22535036,0.07049990,0.50000000,0
1506691578,22535025,0.07049993,0.45000000,0
1506691577,22535024,0.07034555,0.14216662,1
1506691573,22535008,0.07049995,0.50000000,0
1506691569,22534989,0.07049996,0.50000000,0
1506691564,22534981,0.07049997,0.50000000,0
1506691559,22534973,0.07049997,0.50000000,0
1506691554,22534972,0.07049998,0.50000000,0
1506691549,22534970,0.07050000,0.50000000,0
1506691544,22534960,0.07050000,0.50000000,0
1506691535,22534954,0.07050000,0.20000000,0
1506691528,22534950,0.07040422,2.55927500,1
1506691484,22534899,0.07051500,0.15000000,0
1506691482,22534898,0.07059999,0.50000000,0
1506691472,22534883,0.07060000,0.50000000,1
1506691472,22534882,0.07060000,0.25000000,1
1506691466,22534874,0.07062197,0.15200000,0
1506691460,22534870,0.07062197,0.29052000,0
1506691458,22534869,0.07062197,0.20000000,0
1506691456,22534868,0.07062198,0.50000000,0
1506691452,22534860,0.07062198,0.50000000,0
1506691442,22534850,0.07063001,0.08508811,1
1506691419,22534841,0.07062199,2.00000000,1
1506691418,22534839,0.07062199,2.90000000,1
1506691418,22534838,0.07063000,2.00000000,1
1506691323,22534784,0.07069997,0.50000000,0
1506691323,22534783,0.07069997,0.25000000,0
1506691140,22534685,0.07078999,2.63919100,0
1506690822,22534480,0.07080999,0.70791056,0
1506690820,22534478,0.07080997,0.20542462,0
1506690781,22534448,0.07080998,0.20000000,0
1506690637,22534338,0.07077308,2.85000000,1
1506690621,22534321,0.07062294,1.30466076,1
1506690621,22534319,0.07062294,0.54498793,1
1506690620,22534317,0.07070000,0.50000000,1
1506690619,22534311,0.07079429,2.19666000,1
1506690617,22534301,0.07080000,0.25000000,1
1506690608,22534260,0.07091989,1.00000000,0
1506690557,22534209,0.07091997,1.60950434,0
1506690556,22534206,0.07091997,0.29293582,0
1506690513,22534179,0.07084201,2.24418039,1
1506690473,22534151,0.07084200,2.34991500,1
1506690467,22534149,0.07085100,2.13017159,1
1506690467,22534148,0.07085412,0.62482841,1
1506690466,22534147,0.07085101,2.76211900,1
1506690466,22534146,0.07090000,0.25000000,1
1506690465,22534144,0.07090001,0.15008478,1
1506690445,22534131,0.07097998,0.20004669,0
1506690442,22534124,0.07098000,1.75275228,0
1506690421,22534108,0.07099999,2.99999500,0
1506690407,22534096,0.07096000,2.99996026,0
1506690396,22534089,0.07097997,5.87264266,0
1506690394,22534085,0.07095990,1.24999500,0
1506690394,22534084,0.07095990,0.31000000,0
1506690394,22534083,0.07095990,1.28821400,0
1506690386,22534077,0.07095990,1.24558500,0
1506690361,22534029,0.07095990,0.31620100,0
1506690315,22533990,0.07097000,2.56500000,1
1506690252,22533940,0.07098000,0.63115800,0
1506690165,22533911,0.07090000,0.25000000,1
1506690147,22533901,0.07083002,0.46939354,1
1506690131,22533896,0.07084050,0.61384600,1
1506690120,22533890,0.07090000,0.50000000,1
1506690120,22533889,0.07090000,0.25000000,1
1506690108,22533884,0.07090003,5.51793206,0
1506690107,22533882,0.07092559,2.01823006,1
1506690088,22533868,0.07094044,6.53625889,0
1506690072,22533846,0.07083000,1.95676900,1
1506690061,22533843,0.07084488,3.31804009,1
1506690060,22533842,0.07087008,0.79210401,1
1506690060,22533841,0.07090000,0.25000000,1
1506690041,22533830,0.07094074,0.91202882,0
1506690040,22533827,0.07093000,4.27671852,1
1506690040,22533826,0.07093001,0.72328148,1
1506690038,22533815,0.07094074,1.77284589,0
1506690037,22533811,0.07094073,1.77231291,0
1506690022,22533796,0.07093000,2.85000000,0
1506690019,22533777,0.07093000,1.80060623,0
1506689946,22533714,0.07087778,0.20000000,1
1506689943,22533710,0.07087778,1.93852659,1
1506689943,22533709,0.07088000,0.16073645,1
1506689943,22533708,0.07088000,0.16073696,1
1506689943,22533707,0.07090000,0.50000000,1
1506689942,22533706,0.07090000,0.25000000,1
1506689901,22533659,0.07094198,0.34755157,0
1506689900,22533656,0.07094199,2.18682898,0
1506689836,22533629,0.07094230,3.45053656,0
1506689836,22533627,0.07094230,0.58699171,0
1506689836,22533625,0.07094230,1.95321629,0
1506689836,22533624,0.07094230,0.35218150,0
1506689818,22533603,0.07094237,1.49862502,0
1506689817,22533601,0.07094237,2.99360370,0
1506689817,22533600,0.07094237,2.85000000,0
1506689817,22533599,0.07094237,0.27413333,0
1506689784,22533549,0.07094246,1.50024000,0
1506689776,22533546,0.07094249,1.49863431,0
1506689755,22533528,0.07094264,4.10742000,0
1506689658,22533447,0.07094296,1.23398460,0
1506689658,22533446,0.07094293,0.50297658,0
1506689641,22533431,0.07094296,1.00000000,0
1506689625,22533422,0.07094300,1.00000000,0
1506689529,22533342,0.07094354,1.09852082,0
1506689528,22533341,0.07094354,0.24336222,0
1506689528,22533339,0.07094354,4.63101936,0
1506689528,22533338,0.07094354,0.24336212,0
1506689525,22533331,0.07094356,3.10215800,0
1506689525,22533330,0.07094356,1.37265318,0
1506689483,22533239,0.07094367,1.43156960,1
1506689481,22533234,0.07094367,0.20000000,1
1506689478,22533232,0.07097983,1.00000000,1
1506689374,22533054,0.07088010,2.50146304,1
1506689372,22533046,0.07088000,0.21100000,0
1506689372,22533045,0.07087008,0.54213500,0
1506689372,22533043,0.07087008,0.25000000,0
1506689363,22533002,0.07088001,3.44309700,1
1506689338,22532922,0.07090055,3.85187080,0
1506689338,22532921,0.07090053,1.09324120,0
1506689235,22532757,0.07092703,0.24307692,1
1506689230,22532752,0.07100000,0.25000000,1
1506689163,22532711,0.07100030,5.09720787,1
1506689157,22532703,0.07100030,0.90000000,1
1506689142,22532691,0.07100030,0.25000000,1
1506689140,22532688,0.07100030,0.10000000,1
1506689134,22532686,0.07100031,2.85000000,1
1506689116,22532676,0.07107395,1.00000000,0
1506689115,22532675,0.07100030,3.00000000,1
1506689114,22532674,0.07100030,4.40000000,1
1506689113,22532673,0.07100030,0.95376057,1
1506689113,22532672,0.07100030,2.84999198,1
1506689112,22532671,0.07100030,2.68085000,1
1506689073,22532643,0.07107406,0.18000000,0
1506689070,22532642,0.07100020,1.03992482,1
1506689070,22532641,0.07100020,1.80703900,1
1506689027,22532627,0.07100020,1.04296100,1
1506688998,22532548,0.07107440,0.68990000,0
1506688965,22532521,0.07107466,0.94000000,0
1506688933,22532516,0.07107490,0.75002426,1
1506688932,22532514,0.07107490,0.24997574,0
1506688931,22532511,0.07107490,0.30000000,0
1506688880,22532466,0.07100001,0.13773667,1
1506688839,22532413,0.07102000,1.12931661,0
1506688827,22532408,0.07100000,1.00000000,0
1506688827,22532407,0.07100000,1.34151429,0
1506688815,22532396,0.07100000,0.65848571,0
1506688739,22532344,0.07090022,2.23461399,0
1506688703,22532330,0.07098000,3.00000000,1
1506688694,22532328,0.07095097,7.10674300,0
1506688683,22532321,0.07094300,5.00000000,0
1506688683,22532320,0.07090000,0.05020591,0
1506688538,22532200,0.07089928,0.50000000,0
1506688516,22532174,0.07074303,0.28426500,1
1506688501,22532160,0.07089983,1.00000000,0
1506688490,22532154,0.07080000,0.25000000,1
1506688478,22532152,0.07088000,0.54954615,1
1506688475,22532151,0.07088000,1.98959900,1
1506688371,22532101,0.07090000,0.77000000,0
1506688362,22532098,0.07087697,1.56935254,0
1506688361,22532097,0.07087700,2.83117664,0
1506688350,22532087,0.07083000,0.21110000,0
1506688338,22532078,0.07081443,1.00000000,0
1506688302,22532038,0.07070009,5.00000000,1
1506688302,22532037,0.07070012,2.29911285,1
1506688286,22532035,0.07078400,0.19991300,1
1506688211,22531951,0.07081594,1.00000000,0
1506688141,22531888,0.07078320,0.45263443,0
1506688131,22531880,0.07078321,1.09911285,0
1506688084,22531863,0.07078396,1.88365056,0
1506688072,22531850,0.07078400,0.20000180,0
1506688069,22531846,0.07078401,0.20000000,0
1506688043,22531825,0.07078000,3.60000000,1
1506687950,22531693,0.07062245,0.63433083,1
1506687849,22531606,0.07072200,1.14805874,0
1506687847,22531605,0.07062201,1.18595100,1
1506687836,22531584,0.07076800,0.32763002,0
1506687834,22531580,0.07075000,4.58890000,1
1506687834,22531579,0.07075000,2.12667000,1
1506687834,22531578,0.07076000,0.21110000,1
1506687834,22531576,0.07089696,0.20000000,1
1506687833,22531570,0.07090000,0.17979409,0
1506687833,22531567,0.07089696,0.20000000,0
1506687832,22531563,0.07075003,12.38438630,1
1506687830,22531553,0.07075000,1.50000000,0
1506687830,22531551,0.07074799,2.85000000,0
1506687829,22531545,0.07074800,1.50000000,1
1506687829,22531543,0.07075000,3.50000000,0
1506687828,22531542,0.07074800,1.50000000,0
1506687776,22531459,0.07062600,1.00000000,0
1506687771,22531456,0.07060000,0.10000000,0
1506687706,22531411,0.07050000,0.06000000,1
1506687706,22531409,0.07049205,0.19000000,0
1506687703,22531403,0.07049205,0.20000000,0
1506687701,22531398,0.07049205,1.00000000,0
1506687661,22531351,0.07049204,4.09037617,0
1506687653,22531335,0.07049204,2.75835383,0
1506687653,22531334,0.07049203,0.94710000,0
1506687652,22531333,0.07049203,0.76890000,0
1506687652,22531331,0.07049202,0.94710000,0
1506687651,22531328,0.07040020,1.15319566,1
1506687646,22531325,0.07049201,1.69154000,0
1506687645,22531324,0.07049200,0.13679426,0
1506687639,22531312,0.07049200,2.61744574,0
1506687603,22531277,0.07049200,0.56290000,0
1506687601,22531276,0.07049199,0.43710000,0
1506687596,22531266,0.07040001,7.11888100,1
1506687579,22531247,0.07036000,0.99999988,1
1506687579,22531246,0.07039000,5.00000000,1
1506687579,22531245,0.07042000,3.98293112,1
1506687577,22531243,0.07042003,2.41460647,1
1506687564,22531240,0.07049000,1.35511969,1
1506687564,22531236,0.07049000,29.47707400,0
1506687563,22531235,0.07048987,2.57300000,0
1506687559,22531230,0.07049000,1.83742374,0
1506687556,22531226,0.07049000,0.55506693,0
1506687546,22531213,0.07048103,0.00566000,0
1506687546,22531211,0.07048090,8.08843000,0
1506687541,22531193,0.07048104,0.50000000,0
1506687502,22531160,0.07048216,0.99068232,0
1506687481,22531152,0.07048272,15.94110000,0
1506687429,22531101,0.07042000,1.00000000,1
1506687391,22531052,0.07048510,3.60000000,0
1506687289,22530845,0.07048790,0.10000000,0
1506687269,22530839,0.07048845,1.00000000,0
1506687214,22530801,0.07043330,0.59924145,0
1506687214,22530800,0.07043330,0.40075855,0
1506687161,22530761,0.07043331,0.17000000,0
1506687133,22530734,0.07042099,1.31870700,0
1506687126,22530729,0.07035999,1.11302645,0
1506687114,22530709,0.07040000,0.31107500,0
1506687109,22530706,0.07039982,0.83730520,0
1506687108,22530705,0.07034631,0.16269480,0
1506687104,22530692,0.07015029,47.47837255,0
1506687103,22530691,0.07023900,5.00000000,1
1506687101,22530690,0.07030000,0.50000000,1
1506687101,22530689,0.07030000,0.25000000,1
1506687056,22530612,0.07040000,0.00076855,1
1506687026,22530594,0.07040000,0.19999500,1
1506687025,22530593,0.07040000,0.20719600,1
1506687024,22530592,0.07040000,0.09204045,1
1506687024,22530591,0.07040000,0.10795455,1
1506687010,22530575,0.07040000,0.14204545,1
1506687001,22530564,0.07040872,3.15534500,0
1506687001,22530563,0.07040871,0.25000000,0
1506687000,22530562,0.07040000,0.16269500,0
1506686974,22530541,0.07040000,0.05000500,1
1506686927,22530505,0.07040000,0.19999500,1
1506686921,22530497,0.07034719,0.85399400,1
1506686919,22530495,0.07045000,10.16031950,0
1506686854,22530451,0.07040000,0.19927200,1
1506686825,22530428,0.07044978,2.01562006,0
1506686824,22530427,0.07042000,7.80831800,0
1506686811,22530414,0.07042000,17.19168200,0
1506686769,22530392,0.07040997,3.31803937,0
1506686769,22530391,0.07040000,0.19886363,0
1506686765,22530387,0.07033255,0.17390800,1
1506686765,22530386,0.07033255,0.03469000,1
1506686764,22530385,0.07040000,0.25000000,1
1506686757,22530372,0.07041000,40.00000000,0
1506686755,22530370,0.07033249,0.11086600,1
1506686754,22530366,0.07033251,0.28449502,1
1506686702,22530347,0.07045897,0.08904600,1
1506686700,22530344,0.07042997,0.47095400,0
1506686689,22530335,0.07033172,0.21923000,1
1506686689,22530334,0.07040000,0.50000000,1
1506686689,22530333,0.07040000,0.25000000,1
1506686650,22530302,0.07033149,0.53726000,1
1506686647,22530298,0.07033151,0.25000000,1
1506686628,22530272,0.07042997,0.11904600,0
1506686626,22530271,0.07042000,0.00095400,0
1506686606,22530269,0.07042000,11.91852400,0
1506686605,22530268,0.07042000,28.08052200,0
1506686565,22530236,0.07033051,0.24534000,1
1506686536,22530210,0.07033004,0.14220705,1
1506686534,22530206,0.07032008,1.02352400,1
1506686534,22530205,0.07033000,0.21270000,1
1506686506,22530174,0.07030019,1.50000000,1
1506686502,22530171,0.07040000,0.56179598,0
1506686501,22530170,0.07035000,14.97767602,0
1506686473,22530146,0.07035000,0.15594000,0
1506686459,22530138,0.07035000,7.20900000,0
1506686458,22530137,0.07035000,0.15594000,0
1506686457,22530134,0.07035000,2.42316498,0
1506686451,22530129,0.07030006,5.00000000,1
1506686450,22530128,0.07035000,7.08500000,0
1506686448,22530122,0.07035000,7.48999900,0
1506686447,22530119,0.07035000,0.13273000,0
1506686440,22530115,0.07035000,0.20000000,0
1506686433,22530108,0.07035000,0.17055000,0
1506686418,22530092,0.07037000,0.90000000,1
1506686405,22530082,0.07037972,1.00122577,0
1506686372,22530050,0.07031000,0.21265295,0
1506686371,22530040,0.07031000,0.21256700,0
1506686371,22530027,0.07031000,0.09515900,0
1506686366,22530019,0.07031000,5.99781000,0
1506686344,22530008,0.07031000,6.93978000,0
1506686343,22530005,0.07031000,0.30000000,0
1506686342,22530004,0.07031000,0.20000000,0
1506686340,22530003,0.07031000,1.20659000,0
1506686331,22529997,0.07031000,0.28927500,0
1506686329,22529994,0.07031000,12.78860000,0
1506686326,22529988,0.07031000,14.09127300,0
1506686321,22529981,0.07031000,0.27760100,0
1506686304,22529956,0.07030000,0.50000000,1
1506686298,22529953,0.07037018,1.00000000,0
1506686296,22529951,0.07037019,0.25000000,0
1506686289,22529948,0.07027100,4.80000000,1
1506686289,22529947,0.07037000,0.20000000,1
1506686237,22529903,0.07037187,4.99996009,0
1506686236,22529902,0.07037187,3.03007864,0
1506686236,22529901,0.07037184,1.50000000,0
1506686235,22529896,0.07037187,1.49994013,0
1506686210,22529864,0.07019700,0.09402740,1
1506686210,22529863,0.07020129,1.59566360,1
1506686205,22529861,0.07020128,1.50000000,1
1506686101,22529762,0.07030900,1.50000000,0
1506686056,22529725,0.07023000,2.17586700,0
1506686004,22529691,0.07022991,7.77398391,0
1506685967,22529663,0.07023393,2.41763000,1
1506685966,22529661,0.07023392,1.53887690,0
1506685966,22529660,0.07023389,2.41763510,0
1506685944,22529643,0.07010000,5.00000000,0
1506685907,22529588,0.07009994,1.59250000,1
1506685906,22529586,0.07008000,0.21450000,0
1506685906,22529585,0.07003200,5.00000000,0
1506685904,22529578,0.06990212,1.50000000,1
1506685781,22529362,0.06984100,0.24835610,1
1506685780,22529360,0.06984100,0.44000000,1
1506685777,22529358,0.06984100,0.25000000,1
1506685775,22529355,0.06986901,0.01000000,1
1506685775,22529354,0.06986901,0.24000000,1
1506685774,22529353,0.06990000,0.25000000,1
1506685772,22529348,0.06986901,0.05906551,1
1506685772,22529347,0.06986901,0.44093449,1
1506685771,22529343,0.06986901,0.05906551,1
1506685771,22529342,0.06986901,0.18929092,1
1506685769,22529338,0.06986904,0.50000000,1
1506685766,22529336,0.06986901,0.50000000,1
1506685763,22529334,0.06986901,0.31070908,1
1506685763,22529333,0.06986901,0.10200499,1
1506685763,22529332,0.06986902,0.08728593,1
1506685761,22529329,0.06986901,0.24799501,1
1506685760,22529326,0.06986901,0.50000000,1
1506685758,22529325,0.06986901,0.50000000,1
1506685756,22529324,0.06986901,0.50000000,1
1506685754,22529322,0.06986904,0.50000000,1
1506685751,22529320,0.06986901,0.50000000,1
1506685748,22529315,0.06986901,0.50000000,1
1506685746,22529314,0.06986900,0.50000000,1
1506685742,22529310,0.06986900,0.50000000,1
1506685739,22529304,0.06988500,0.50000000,1
1506685735,22529293,0.06988500,0.50000000,1
1506685731,22529287,0.06988500,0.50000000,1
1506685729,22529285,0.06989899,0.50000000,1
1506685726,22529281,0.06989899,0.50000000,1
1506685723,22529277,0.06989902,0.14994066,1
1506685723,22529276,0.06989899,0.50000000,1
1506685721,22529275,0.06987300,0.00000020,0
1506685721,22529271,0.06987300,4.99999980,0
1506685721,22529269,0.06987098,3.40181520,0
1506685721,22529267,0.06985200,1.50000000,0
1506685720,22529266,0.06972360,0.50000000,1
1506685717,22529259,0.06972359,0.50000000,1
1506685713,22529256,0.06972358,0.50000000,1
1506685710,22529255,0.06972357,0.28550000,1
1506685710,22529254,0.06973000,0.21450000,1
1506685707,22529250,0.06972356,0.50000000,1
1506685682,22529225,0.06985199,3.39658794,1
1506685682,22529224,0.06985199,1.40341206,1
1506685682,22529223,0.06984000,0.20000000,0
1506685681,22529222,0.06982300,5.00000000,0
1506685672,22529187,0.06973400,5.00000000,0
1506685626,22529149,0.06968400,5.00000000,0
1506685617,22529131,0.06966999,1.34418466,0
1506685615,22529127,0.06966999,1.40268428,0
1506685588,22529095,0.06966999,0.10313106,0
1506685585,22529093,0.06966800,3.95701500,0
1506685412,22528745,0.06963000,3.60000000,1
1506685409,22528741,0.06963294,1.86966111,1
1506685311,22528610,0.06961445,4.27552943,1
1506685310,22528608,0.06961445,0.40906444,0
1506685308,22528606,0.06961450,0.75148137,1
1506685209,22528481,0.06954996,0.74918806,0
1506685202,22528469,0.06954998,0.25000000,0
1506685196,22528453,0.06953700,0.00000046,1
1506685194,22528450,0.06953700,4.21312800,1
1506685192,22528446,0.06953693,0.78687154,0
1506685081,22528272,0.06954685,3.00000000,0
1506685060,22528217,0.06950000,0.50000000,1
1506685060,22528216,0.06950000,0.25000000,1
1506684942,22528145,0.06955900,0.31743146,0
1506684936,22528138,0.06950000,0.24235820,1
1506684936,22528137,0.06950000,0.25000000,1
1506684936,22528136,0.06950000,0.43070600,1
1506684934,22528134,0.06959889,3.81667007,0
1506684933,22528131,0.06959886,1.15083731,0
1506684929,22528125,0.06950000,0.06929400,1
1506684929,22528124,0.06950000,0.32108300,1
1506684929,22528123,0.06950000,1.67891700,1
1506684920,22528119,0.06950000,0.43070642,1
1506684894,22528108,0.06959902,0.28655000,0
1506684824,22528048,0.06952049,0.31645347,1
1506684745,22527990,0.06952049,2.44634800,1
1506684739,22527985,0.06960066,1.00000000,0
1506684734,22527980,0.06952049,0.25550000,1
1506684696,22527953,0.06968935,6.36445564,0
1506684677,22527937,0.06968961,0.11510094,0
1506684673,22527933,0.06968961,0.13430832,0
1506684668,22527931,0.06968962,0.15663504,0
1506684663,22527929,0.06968966,0.18275668,0
1506684658,22527925,0.06968974,0.21316997,0
1506684653,22527922,0.06966000,0.10598792,0
1506684648,22527918,0.06967300,0.26621159,0
1506684643,22527914,0.06966997,0.10598792,0
1506684615,22527887,0.06967997,0.10598792,0
1506684562,22527850,0.06970000,0.50000000,1
1506684562,22527849,0.06970000,0.25000000,1
1506684543,22527833,0.06983950,0.38860500,1
1506684514,22527806,0.06985697,0.20000000,1
1506684510,22527803,0.06970415,2.80640271,1
1506684506,22527799,0.06970449,0.35617399,1
1506684478,22527780,0.06984997,2.55508589,0
1506684462,22527769,0.06983591,0.10000000,0
1506684437,22527761,0.06981500,0.11671300,0
1506684437,22527760,0.06979000,0.00328700,0
1506684347,22527649,0.06979000,0.14000000,0
1506684329,22527625,0.06979972,0.17000000,1
1506684315,22527605,0.06979973,0.15697000,0
1506684306,22527596,0.06979988,0.20000000,0
1506684285,22527579,0.06981288,0.20000000,0
1506684221,22527475,0.06976892,0.37626033,0
1506684216,22527450,0.06971700,0.50000000,0
1506684211,22527435,0.06971697,0.50000000,0
1506684200,22527418,0.06970000,0.16571000,0
1506684182,22527382,0.06974584,10.00000000,0
1506684176,22527357,0.06956037,0.27280635,1
1506684175,22527352,0.06974584,0.50000000,0
1506684174,22527344,0.06960000,0.25000000,1
1506684173,22527330,0.06974585,0.50000000,0
1506684171,22527316,0.06974583,0.50000000,0
1506684168,22527303,0.06974596,0.50000000,0
1506684166,22527293,0.06974586,0.50000000,0
1506684164,22527284,0.06974587,0.50000000,0
1506684161,22527278,0.06974588,0.50000000,0
1506684159,22527269,0.06974589,0.50000000,0
1506684157,22527267,0.06974591,0.50000000,0
1506684154,22527266,0.06974597,0.50000000,0
1506684153,22527264,0.06974596,0.50000000,0
1506684151,22527263,0.06974597,0.50000000,0
1506684149,22527259,0.06974591,0.50000000,0
1506684146,22527249,0.06974592,0.50000000,0
1506684144,22527248,0.06974593,0.50000000,0
1506684141,22527246,0.06974595,0.50000000,0
1506684139,22527243,0.06974596,0.50000000,0
1506684136,22527237,0.06974900,0.50000000,0
1506684134,22527228,0.06974598,0.50000000,0
1506684132,22527226,0.06974599,0.50000000,0
1506684130,22527222,0.06974600,0.50000000,0
1506684128,22527220,0.06974599,0.50000000,0
1506684126,22527216,0.06974373,0.50000000,0
1506684124,22527210,0.06974600,0.50000000,0
1506684122,22527206,0.06974390,0.50000000,0
1506684119,22527199,0.06974387,0.50000000,0
1506684117,22527193,0.06974394,0.50000000,0
1506684114,22527186,0.06974392,0.50000000,0
1506684112,22527173,0.06974393,0.50000000,0
1506684109,22527157,0.06974395,0.50000000,0
1506684107,22527150,0.06974395,0.50000000,0
1506684106,22527141,0.06974396,0.50000000,0
1506684103,22527137,0.06974397,0.50000000,0
1506684101,22527131,0.06974400,0.50000000,0
1506684099,22527121,0.06974994,0.50000000,0
1506684097,22527119,0.06974995,0.50000000,0
1506684096,22527116,0.06974994,0.21824400,0
1506684094,22527106,0.06974995,0.50000000,0
1506684092,22527103,0.06974995,0.50000000,0
1506684090,22527099,0.06974996,0.50000000,0
1506684088,22527090,0.06974997,0.26163900,0
1506684086,22527089,0.06975000,0.50000000,0
1506684084,22527086,0.06975000,0.50000000,0
1506684081,22527085,0.06976978,0.50000000,0
1506684079,22527084,0.06976979,0.50000000,0
1506684077,22527083,0.06975000,0.50000000,0
1506684074,22527080,0.06976982,0.50000000,0
1506684072,22527078,0.06976983,0.50000000,0
1506684069,22527072,0.06976985,0.50000000,0
1506684064,22527063,0.06976999,0.50000000,0
1506684064,22527061,0.06976999,0.25000000,0
1506684062,22527053,0.06976995,0.20000000,0
1506684061,22527050,0.06976998,0.20000000,0
1506684052,22527032,0.06963700,4.00000000,1
1506684051,22527030,0.06983686,0.20000000,0
1506684046,22527021,0.06960000,1.00000000,1
1506684045,22527019,0.06984997,0.20000000,0
1506684040,22526998,0.06970707,1.51372000,1
1506684025,22526988,0.06986660,0.20000000,0
1506684016,22526984,0.06986689,0.20000000,0
1506684005,22526976,0.06986744,0.20000000,0
1506683953,22526942,0.06976632,2.72110790,1
1506683952,22526941,0.06976633,0.12889210,1
1506683801,22526896,0.06990202,0.15686000,0
1506683780,22526890,0.06990313,0.15686000,0
1506683763,22526884,0.06990394,0.15686000,0
1506683720,22526872,0.06990627,0.27000000,0
1506683717,22526869,0.06990628,0.10000000,0
1506683716,22526867,0.06990625,0.50000000,0
1506683715,22526865,0.06990628,0.50000000,0
1506683712,22526862,0.06990628,0.50000000,0
1506683710,22526861,0.06990641,0.50000000,0
1506683709,22526860,0.06990642,0.50000000,0
1506683707,22526858,0.06974003,1.37047400,1
1506683706,22526857,0.06990642,0.50000000,0
1506683705,22526856,0.06990642,0.50000000,0
1506683702,22526852,0.06990655,0.50000000,0
1506683583,22526811,0.06980012,0.90967500,1
1506683556,22526764,0.06989897,0.00010748,0
1506683556,22526763,0.06987300,0.49989252,0
1506683548,22526743,0.06980003,1.05612161,0
1506683540,22526703,0.06979897,0.14326859,1
1506683537,22526699,0.06980000,0.25000000,1
1506683461,22526628,0.06980000,0.25000000,1
1506683396,22526596,0.06986900,0.15687000,0
1506683388,22526589,0.06986997,0.15687000,0
1506683337,22526562,0.06978000,0.27169792,1
1506683337,22526561,0.06980000,0.05930208,1
1506683327,22526557,0.06980000,0.44069792,1
1506683327,22526555,0.06980000,0.25000000,1
1506683312,22526540,0.06993377,0.69513355,0
1506683193,22526430,0.06992500,0.24903000,0
1506683191,22526429,0.06992497,0.24903000,0
1506683176,22526415,0.06989897,0.26933297,0
1506683091,22526382,0.06977061,2.30916453,1
1506682997,22526355,0.06977057,1.79210900,1
1506682969,22526340,0.06980000,0.25000000,1
1506682959,22526329,0.06987097,2.67227500,0
1506682952,22526328,0.06987098,2.67227528,0
1506682943,22526318,0.06987099,0.20000000,0
1506682925,22526315,0.06987099,0.09900000,0
1506682925,22526314,0.06977057,1.97652800,1
1506682918,22526308,0.06987099,0.05444943,0
1506682918,22526307,0.06987099,0.11779257,0
1506682896,22526298,0.06977057,0.24730400,1
1506682895,22526297,0.06977055,0.97136040,1
1506682895,22526295,0.06977056,6.25890203,1
1506682895,22526293,0.06980000,0.11779257,1
1506682866,22526275,0.06980000,0.38220743,1
1506682866,22526274,0.06980000,0.25000000,1
1506682864,22526271,0.06977055,3.59521900,1
1506682863,22526269,0.06977055,3.30477600,1
1506682862,22526267,0.06977055,0.81050700,1
1506682861,22526261,0.06977055,3.59521900,1
1506682859,22526257,0.06977055,1.75167451,1
1506682858,22526256,0.06977055,3.23700500,1
1506682856,22526251,0.06977055,2.61063982,1
1506682856,22526250,0.06977058,1.75167451,1
1506682800,22526168,0.06980001,0.75000000,1
1506682784,22526155,0.06989899,1.00000000,0
1506682735,22526109,0.06980127,2.85000000,1
1506682733,22526108,0.06980101,2.85000000,0
1506682732,22526105,0.06980101,2.85000000,0
1506682624,22525970,0.06981075,1.25676000,1
1506682619,22525962,0.06981075,5.97100600,1
1506682618,22525959,0.06981075,3.60000000,1
1506682616,22525950,0.06981075,0.14324442,1
1506682609,22525945,0.06989992,0.15686000,0
1506682592,22525907,0.06989996,0.38654029,0
1506682592,22525906,0.06989996,0.13013626,0
1506682588,22525897,0.06981075,0.85039000,1
1506682582,22525883,0.06990000,0.15686000,0
1506682577,22525881,0.06990000,0.15686000,0
1506682575,22525879,0.06990000,0.50000000,1
1506682575,22525878,0.06990000,0.00009585,1
1506682564,22525869,0.06990000,0.24990415,1
1506682447,22525830,0.06990000,0.24986896,1
1506682372,22525807,0.06991581,0.19842719,0
1506682329,22525793,0.06988941,0.30850400,1
1506682177,22525601,0.06983186,0.20000000,0
1506682172,22525593,0.06983183,0.20000000,0
1506682164,22525581,0.06983190,0.19960662,0
1506682092,22525497,0.06968428,0.24000000,0
1506682092,22525496,0.06970000,0.25000000,1
1506682046,22525442,0.06986489,0.00013236,1
1506682045,22525439,0.06986489,0.19986764,1
1506682034,22525412,0.06968428,0.19900000,1
1506682016,22525368,0.06983796,0.34716700,0
1506682014,22525365,0.06983796,0.50000000,0
1506682012,22525363,0.06983796,0.50000000,0
1506682009,22525359,0.06983796,0.50000000,0
1506682007,22525356,0.06983797,0.50000000,0
1506682004,22525347,0.06983800,0.13013600,0
1506681991,22525334,0.06978993,0.29323500,0
1506681988,22525326,0.06978996,0.20676472,0
1506681988,22525325,0.06973000,0.29323528,0
1506681987,22525324,0.06963016,1.01700000,1
1506681986,22525323,0.06973000,0.50000000,0
1506681983,22525311,0.06973000,0.50000000,0
1506681979,22525301,0.06973000,0.18196017,0
1506681979,22525299,0.06972999,0.31803983,0
1506681977,22525293,0.06972999,0.50000000,0
1506681974,22525282,0.06972999,0.50000000,0
1506681972,22525279,0.06973000,0.50000000,0
1506681971,22525275,0.06963010,0.28106967,1
1506681969,22525256,0.06973000,0.50000000,0
1506681966,22525253,0.06973000,0.50000000,0
1506681964,22525249,0.06972999,0.50000000,0
1506681961,22525234,0.06972999,0.50000000,0
1506681957,22525214,0.06972999,0.50000000,0
1506681957,22525209,0.06963104,1.34999061,1
1506681951,22525178,0.06973000,0.00011319,1
1506681948,22525147,0.06975516,0.48000000,0
1506681946,22525144,0.06975516,0.50000000,0
1506681942,22525137,0.06975517,0.50000000,0
1506681939,22525131,0.06975516,0.50000000,0
1506681938,22525127,0.06973000,0.21484412,1
1506681936,22525121,0.06973000,1.12511110,0
1506681933,22525118,0.06973000,0.21495865,0
1506681925,22525098,0.06973000,0.10101246,0
1506681920,22525082,0.06973000,0.15135918,0
1506681915,22525068,0.06984999,0.38341726,0
1506681914,22525067,0.06973300,0.22581045,1
1506681914,22525066,0.06984999,0.15672000,0
1506681912,22525056,0.06973300,3.23062067,1
1506681912,22525055,0.06976228,0.07511005,1
1506681911,22525043,0.06976228,2.77488995,1
1506681911,22525041,0.06980000,0.07500000,1
1506681909,22525033,0.06980000,0.42500000,1
1506681909,22525031,0.06980000,0.25000000,1
1506681903,22525010,0.06989867,0.92003800,0
1506681870,22524947,0.06989999,0.20000000,0
1506681854,22524928,0.06994997,0.20000000,0
1506681840,22524903,0.06980000,0.42500000,1
1506681840,22524902,0.06980000,0.25000000,1
1506681818,22524837,0.06993795,0.19105000,0
1506681814,22524834,0.06993798,0.19108000,0
1506681802,22524823,0.06993486,0.20000000,0
1506681733,22524724,0.06986397,0.30592432,0
1506681642,22524600,0.06980027,0.97799500,1
1506681636,22524582,0.06980025,0.14326599,1
1506681596,22524520,0.06980017,0.20000000,1
1506681570,22524454,0.06990000,0.17336948,0
1506681534,22524424,0.06990000,0.14973300,0
1506681533,22524423,0.06990000,0.05654900,1
1506681533,22524421,0.06990000,0.14306200,1
1506681532,22524420,0.06990000,0.30038900,1
1506681532,22524419,0.06990000,0.24895000,1
1506681483,22524403,0.06986500,0.00105000,0
1506681480,22524401,0.06992800,1.50000000,1
1506681379,22524361,0.07000000,0.25000000,1
1506681368,22524360,0.06987600,0.58478000,1
1506681368,22524359,0.06990000,5.00000000,1
1506681368,22524358,0.06990000,0.10000000,1
1506681366,22524357,0.06997600,0.31522000,1
1506681320,22524317,0.06997600,0.21320000,1
1506681305,22524311,0.06998999,0.25000000,0
1506681198,22524287,0.06997600,0.97158000,1
1506681198,22524286,0.07000000,0.50000000,1
1506681195,22524284,0.07000000,0.25000000,1
1506681194,22524283,0.07000000,14.28500000,1
1506681194,22524282,0.07000021,11.37260145,1
1506681156,22524271,0.07000021,39.99803900,1
1506681153,22524265,0.07000021,1.30905040,1
1506681152,22524264,0.07000021,1.45450000,1
1506681110,22524251,0.07000021,15.50304600,1
1506681085,22524243,0.07000023,0.69451000,0
1506681083,22524240,0.07000023,0.21320000,0
1506681079,22524237,0.07000021,0.33000000,1
1506681075,22524233,0.07000021,1.61405558,1
1506681074,22524230,0.07000021,2.41728643,1
1506681071,22524225,0.07000021,4.37448000,1
1506681069,22524222,0.07000021,0.49411000,1
1506681068,22524220,0.07000021,0.84079100,1
1506681068,22524218,0.07000021,3.26025767,1
1506681068,22524216,0.07000022,0.97046994,1
1506681057,22524205,0.07000021,2.35674906,1
1506681056,22524202,0.07000021,2.42716400,1
1506681054,22524190,0.07000021,20.11860000,1
1506681045,22524182,0.07000021,1.02941649,1
1506681045,22524181,0.07000022,0.09965185,1
1506681035,22524160,0.07000021,0.21513800,1
1506681035,22524159,0.07000021,2.45251951,1
1506681034,22524158,0.07000022,0.88234249,1
1506681033,22524155,0.07000022,0.19000000,1
1506681030,22524154,0.07000021,4.30701755,1
1506681029,22524151,0.07000021,4.88358500,1
1506681028,22524150,0.07000021,0.83312800,1
1506681028,22524148,0.07000021,0.32810300,1
1506681020,22524138,0.07000021,7.57495271,1
1506681020,22524137,0.07000022,0.00013543,1
1506681019,22524136,0.07000022,1.18477342,1
1506681008,22524128,0.07000021,5.76518400,1
1506681007,22524123,0.07000021,4.68372100,1
1506681003,22524106,0.07000021,1.47012844,1
1506681002,22524104,0.07000026,2.22000000,1
1506681002,22524103,0.07000026,0.62855156,1
1506680957,22524067,0.07000026,0.25144844,1
1506680956,22524066,0.07000026,1.96175156,1
1506680928,22524027,0.07000026,0.88824844,1
1506680874,22523967,0.07000021,1.44309000,1
1506680874,22523965,0.07004100,1.50000000,1
1506680874,22523964,0.07010000,0.50000000,1
1506680874,22523963,0.07010000,0.25000000,1
1506680872,22523959,0.07017520,1.56090000,0
1506680809,22523943,0.07004101,6.25719390,1
1506680809,22523942,0.07010500,0.31660494,1
1506680574,22523747,0.07021983,0.26626377,0
1506680404,22523667,0.07015840,0.78948600,0
1506680371,22523659,0.07015940,2.18845500,0
1506680160,22523591,0.07010000,1.67156000,1
1506680159,22523590,0.07010000,0.25000000,1
1506680046,22523506,0.07010000,0.25000000,1
1506680016,22523483,0.07010100,0.01000000,1
1506680013,22523477,0.07024778,0.20000000,0
1506680009,22523476,0.07010100,1.49000000,1
1506680009,22523475,0.07012000,0.01000000,1
1506679938,22523413,0.07012000,0.80000000,1
1506679884,22523329,0.07015900,4.67000000,1
1506679884,22523328,0.07017000,0.33000000,1
1506679883,22523327,0.07022000,0.15508000,1
1506679869,22523314,0.07030000,0.50000000,1
1506679869,22523313,0.07030000,0.25000000,1
1506679807,22523256,0.07030000,0.37049900,1
1506679802,22523247,0.07036940,3.00000000,0
1506679799,22523241,0.07030000,0.04457810,1
1506679799,22523240,0.07030000,0.08042190,1
1506679796,22523237,0.07030000,0.16957810,1
1506679796,22523235,0.07030001,0.02742190,1
1506679794,22523231,0.07030001,0.28000000,1
1506679791,22523225,0.07030001,0.02157810,1
1506679791,22523223,0.07030002,0.44642190,1
1506679789,22523219,0.07030001,0.50000000,1
1506679787,22523216,0.07030001,0.32100000,1
1506679784,22523214,0.07030001,0.50000000,1
1506679782,22523211,0.07030001,0.19700000,1
1506679780,22523209,0.07030001,0.50000000,1
1506679778,22523208,0.07030001,0.50000000,1
1506679773,22523205,0.07030001,0.20000000,1
1506679675,22523165,0.07030001,0.20000000,1
1506679598,22523123,0.07030032,0.20000000,1
1506679589,22523119,0.07030031,0.20000000,1
1506679584,22523114,0.07030029,0.11000000,1
1506679530,22523098,0.07041289,0.27700000,0
1506679440,22523058,0.07026110,0.17851909,0
1506679440,22523057,0.07026114,0.13148455,1
1506679439,22523056,0.07026121,4.65870636,1
1506679345,22522996,0.07039000,0.21280000,0
1506679224,22522947,0.07033784,1.85266906,0
1506679149,22522870,0.07022035,0.18170700,0
1506679062,22522809,0.07020004,3.13610300,0
1506678992,22522769,0.07022036,0.79609000,1
1506678951,22522755,0.07022035,5.39685300,1
1506678836,22522702,0.07026001,0.35720000,1
1506678836,22522701,0.07027000,0.21280000,1
1506678783,22522687,0.07028003,0.26171274,1
1506678783,22522686,0.07030000,0.25000000,1
1506678783,22522684,0.07043000,0.77790719,0
1506678781,22522682,0.07042997,3.22209281,0
1506678738,22522659,0.07042197,4.84000000,0
1506678692,22522610,0.07032087,0.28055200,1
1506678691,22522605,0.07032087,2.39817000,1
1506678690,22522602,0.07032087,4.36922923,1
1506678689,22522595,0.07031000,2.00160550,0
1506678688,22522593,0.07032046,1.59839450,1
1506678688,22522591,0.07032046,0.79796025,1
1506678688,22522590,0.07032074,0.00013707,1
1506678687,22522585,0.07032074,4.22585073,1
1506678685,22522577,0.07032074,5.01564591,1
1506678685,22522574,0.07032074,3.97552929,1
1506678684,22522571,0.07032074,6.76708400,1
1506678684,22522569,0.07032064,5.01575300,0
1506678682,22522561,0.07032061,8.94404000,1
1506678682,22522559,0.07032064,3.60000000,1
1506678631,22522512,0.07043000,2.72420844,0
1506678630,22522509,0.07043000,0.27579156,0
1506678613,22522493,0.07041991,1.39540453,0
1506678476,22522370,0.07043997,1.81751162,0
1506678463,22522361,0.07041697,0.28429200,1
1506678460,22522358,0.07041697,0.10000000,1
1506678458,22522356,0.07041697,0.10000000,1
1506678456,22522355,0.07041697,0.09040667,1
1506678425,22522335,0.07031000,2.56233332,1
1506678421,22522332,0.07031595,5.00000000,0
1506678347,22522269,0.07031596,0.71296297,0
1506678229,22522090,0.07030200,3.31129982,0
1506678078,22521968,0.07025781,1.38379694,0
1506678078,22521967,0.07025781,5.62498706,1
1506678067,22521960,0.07025781,2.85000000,0
1506678032,22521937,0.07025900,0.22665835,0
1506677999,22521904,0.07026290,0.25038000,0
1506677806,22521746,0.07022200,0.91145700,0
1506677539,22521644,0.07010003,1.77450802,0
1506677537,22521642,0.07011665,0.22549198,1
1506677523,22521633,0.07025900,0.04434800,0
1506677523,22521632,0.07023414,0.95565200,1
1506677461,22521618,0.07023457,5.00000000,0
1506677390,22521507,0.07023400,1.73732000,0
1506677322,22521476,0.07011664,0.27691002,0
1506677322,22521475,0.07011000,0.08759800,0
1506677279,22521442,0.07027397,1.09827869,0
1506677246,22521428,0.07018600,4.90959339,1
1506677246,22521427,0.07020000,0.50000000,1
1506677246,22521426,0.07020000,0.25000000,1
1506677246,22521425,0.07020356,0.09040667,1
1506677246,22521424,0.07020359,4.02905794,1
1506677205,22521393,0.07037197,1.74182774,0
1506677081,22521260,0.07032800,0.20000000,0
1506677000,22521205,0.07020014,1.58949400,1
1506677000,22521203,0.07020014,2.08723020,1
1506677000,22521201,0.07020014,0.20000000,1
1506676999,22521199,0.07020013,2.14299300,1
1506676994,22521196,0.07031100,2.35804200,0
1506676994,22521195,0.07031000,0.20000000,0
1506676983,22521188,0.07031099,0.09036448,0
1506676952,22521162,0.07031597,3.35688400,0
1506676930,22521146,0.07024000,0.08759800,1
1506676928,22521141,0.07045171,6.89411456,1
1506676928,22521140,0.07045169,2.56366000,1
1506676926,22521137,0.07022800,5.00000000,0
1506676882,22521112,0.07013300,3.03000500,0
1506676882,22521111,0.07013300,1.96999500,0
1506676881,22521109,0.07012000,0.81000000,0
1506676881,22521108,0.07011000,0.08000000,0
1506676821,22521067,0.07010000,0.50000000,1
1506676816,22521063,0.07020000,0.25000000,0
1506676805,22521055,0.07006200,4.99999952,1
1506676804,22521054,0.07016200,0.00000048,1
1506676762,22521030,0.07020000,0.50000000,1
1506676761,22521029,0.07020000,0.25000000,1
1506676736,22521013,0.07016200,1.49999952,1
1506676736,22521012,0.07016201,0.09036448,1
1506676617,22520930,0.07016201,1.09723352,1
1506676617,22520929,0.07016201,0.47447293,1
1506676502,22520656,0.07034969,0.42282200,0
1506676158,22520367,0.07035850,0.53000000,0
1506676126,22520349,0.07035869,0.12051720,0
1506675990,22520258,0.07025700,4.80000000,1
1506675990,22520257,0.07030000,0.50000000,1
1506675989,22520256,0.07030000,0.05000000,1
1506675987,22520255,0.07030000,0.20000000,1
1506675955,22520235,0.07032000,3.27434200,1
1506675948,22520229,0.07032000,0.46855871,1
1506675948,22520228,0.07032014,0.78854029,1
1506675944,22520223,0.07032000,0.33000000,1
1506675944,22520222,0.07032014,2.86000000,1
1506675944,22520221,0.07032032,2.02054567,1
1506675929,22520209,0.07049950,1.11753053,1
1506675927,22520206,0.07049950,5.00000000,1
1506675926,22520204,0.07044010,0.19906333,0
1506675926,22520201,0.07041999,1.00000000,0
1506675926,22520200,0.07041999,0.85945614,0
1506675924,22520197,0.07041999,0.14054386,0
1506675924,22520196,0.07041999,0.85945614,0
1506675917,22520187,0.07041999,1.00010351,0
1506675907,22520115,0.07041999,1.00044035,0
1506675865,22520090,0.07043600,1.81761133,0
1506675865,22520088,0.07041000,0.21280000,0
1506675854,22520077,0.07040997,0.27521267,0
1506675819,22520002,0.07040697,1.74533300,0
1506675797,22519984,0.07036500,4.38784907,0
1506675787,22519975,0.07021082,0.11555000,0
1506675786,22519974,0.07022000,0.21280000,1
1506675776,22519971,0.07034700,0.10990000,0
1506675747,22519909,0.07020031,21.39502590,1
1506675747,22519908,0.07020034,8.60497410,1
1506675718,22519882,0.07020011,1.00000000,1
1506675710,22519877,0.07020000,6.62033174,0
1506675708,22519873,0.07020000,3.37293447,0
1506675705,22519868,0.07020000,1.02523700,0
1506675705,22519867,0.07020000,3.37149679,0
1506675703,22519865,0.07020000,0.50000000,1
1506675703,22519864,0.07020000,0.25000000,1
1506675703,22519863,0.07020000,2.00000000,1
1506675703,22519862,0.07020044,2.86000000,1
1506675574,22519783,0.07030000,1.08493694,0
1506675573,22519782,0.07029995,6.68700000,0
1506675573,22519781,0.07022027,2.22806306,0
1506675566,22519779,0.07022027,0.27600000,0
1506675551,22519762,0.07022027,0.19147737,0
1506675551,22519760,0.07021000,0.22022705,0
1506675549,22519758,0.07022025,0.10977295,1
1506675549,22519757,0.07022028,0.58867609,0
1506675381,22519695,0.07030000,0.50000000,1
1506675381,22519694,0.07030000,0.25000000,1
1506675362,22519679,0.07025200,5.00000000,1
1506675257,22519605,0.07044639,1.00000000,0
1506675062,22519519,0.07040000,0.18015700,0
1506675060,22519515,0.07040000,0.50000000,1
1506675060,22519514,0.07040000,0.25000000,1
1506675039,22519501,0.07040003,0.10000000,0
1506675003,22519471,0.07047323,0.21438100,0
1506674944,22519432,0.07040000,0.19996208,1
1506674928,22519415,0.07033437,0.20982630,1
1506674927,22519412,0.07033437,1.74999816,1
1506674922,22519396,0.07033434,4.98900000,1
1506674825,22519283,0.07047393,0.20609216,0
1506674824,22519279,0.07040000,0.18275647,1
1506674709,22519166,0.07036262,0.07378200,1
1506674709,22519165,0.07040000,0.25000000,1
1506674654,22519133,0.07049999,1.85000100,0
1506674654,22519132,0.07049999,0.75000000,0
1506674623,22519119,0.07049844,1.90278269,0
1506674623,22519118,0.07049841,2.86000000,0
1506674623,22519115,0.07049838,8.88621410,0
1506674595,22519104,0.07049861,0.91437800,0
1506674568,22519088,0.07049871,2.65278300,0
1506674565,22519084,0.07036073,0.39715200,1
1506674564,22519082,0.07036072,0.35312700,0
1506674559,22519072,0.07040000,0.50000000,1
1506674559,22519070,0.07040000,0.25000000,1
1506674521,22519053,0.07049911,1.00000000,0
1506674518,22519052,0.07036058,4.04866353,1
1506674518,22519050,0.07036100,0.07240847,1
1506674436,22519007,0.07040000,0.09372160,1
1506674436,22519006,0.07040000,0.25000000,1
1506674264,22518909,0.07036008,0.85636190,1
1506674264,22518908,0.07036011,3.97030810,1
1506674207,22518870,0.07034700,1.55927410,1
1506674206,22518862,0.07034700,1.16103900,1
1506674205,22518858,0.07034159,1.63190088,1
1506674205,22518856,0.07034159,0.93175800,1
1506674204,22518853,0.07034146,1.24999500,1
1506674204,22518851,0.07034146,3.83908000,1
1506674202,22518842,0.07034132,5.77396100,1
1506674162,22518798,0.07055000,0.86697122,1
1506674162,22518797,0.07055000,0.40341878,1
1506674162,22518796,0.07055000,0.21180000,1
1506674161,22518795,0.07045992,1.48219000,0
1506674109,22518754,0.07037600,0.25000000,0
1506674106,22518747,0.07037600,4.66414000,1
1506674104,22518744,0.07037600,0.33586000,1
1506674091,22518693,0.07040003,0.20037700,1
1506674070,22518648,0.07042807,3.94680200,1
1506674063,22518641,0.07054299,0.63829993,1
1506674062,22518640,0.07054298,1.54360361,0
1506673982,22518552,0.07040003,1.04411700,1
1506673891,22518390,0.07042000,0.81000000,1
1506673891,22518389,0.07047000,0.21180000,1
1506673739,22518306,0.07052100,5.00000000,0
1506673731,22518297,0.07050000,0.81000000,0
1506673731,22518296,0.07050000,4.47070124,0
1506673731,22518295,0.07049997,9.45337510,0
1506673711,22518281,0.07050597,4.00000000,0
1506673649,22518227,0.07043560,0.27471904,1
1506673648,22518224,0.07043561,0.86211959,0
1506673643,22518213,0.07044100,1.70491000,0
1506673642,22518209,0.07044100,1.54154344,0
1506673631,22518192,0.07040000,0.25000000,1
1506673614,22518176,0.07036100,1.20406100,1
1506673604,22518167,0.07035701,1.65144500,1
1506673603,22518162,0.07035701,4.83238100,1
1506673603,22518161,0.07039000,0.33000000,1
1506673538,22518094,0.07045100,5.00000000,0
1506673531,22518092,0.07040799,0.22727000,0
1506673531,22518091,0.07040799,5.00000000,0
1506673531,22518089,0.07040799,0.96596300,0
1506673525,22518082,0.07033860,0.11852582,0
1506673515,22518074,0.07033860,1.99142600,0
1506673514,22518073,0.07033860,0.14149300,0
1506673508,22518071,0.07033860,0.35708900,0
1506673507,22518069,0.07033860,0.05697900,0
1506673507,22518068,0.07033860,0.07099000,0
1506673499,22518065,0.07033860,0.13566700,0
1506673479,22518053,0.07033860,0.47585300,0
1506673459,22518046,0.07033860,0.24946332,0
1506673459,22518045,0.07033860,0.70914519,0
1506673451,22518032,0.07033860,0.15358049,0
1506673451,22518031,0.07033860,1.13976151,0
1506673451,22518030,0.07033860,0.10000000,0
1506673448,22518020,0.07033860,0.10000000,0
1506673441,22518017,0.07033860,0.10008600,0
1506673441,22518016,0.07033860,1.46991400,0
1506673437,22518010,0.07030000,0.50000000,0
1506673437,22518009,0.07028500,0.97176300,0
1506673373,22517886,0.07033855,1.46991400,0
1506673358,22517861,0.07033847,0.02930049,0
1506673358,22517860,0.07033000,0.33100000,0
1506673356,22517852,0.07033862,1.43984751,1
1506673330,22517770,0.07036012,1.89403700,1
1506673326,22517752,0.07037003,2.90953031,0
1506673326,22517750,0.07037008,0.10537769,1
1506673325,22517747,0.07040000,0.25000000,1
1506673306,22517715,0.07052193,4.16208589,0
1506673306,22517712,0.07052196,0.19988097,0
1506673212,22517657,0.07041600,1.00506100,1
1506673210,22517656,0.07041600,3.99493882,1
1506673210,22517655,0.07044000,0.33100000,1
1506673210,22517654,0.07050000,0.50000000,1
1506673210,22517653,0.07050000,0.25000000,1
1506673210,22517652,0.07051299,0.00000018,1
1506673160,22517634,0.07051299,2.06293900,1
1506673135,22517625,0.07048985,0.18729193,1
1506673135,22517624,0.07048000,0.33009712,0
1506673086,22517591,0.07034601,0.47832988,0
1506673085,22517589,0.07034601,2.38167012,1
1506673085,22517587,0.07034601,0.47832988,1
1506673085,22517586,0.07040000,0.00000012,1
1506673045,22517522,0.07040000,0.49999988,1
1506673044,22517521,0.07040000,0.25000000,1
1506673044,22517520,0.07040001,0.54229712,1
1506673024,22517508,0.07040047,2.11998671,1
1506672911,22517414,0.07049997,1.36998639,0
1506672904,22517381,0.07046000,0.21220000,0
1506672903,22517372,0.07045600,4.45770288,0
1506672903,22517370,0.07045600,0.54229712,0
1506672888,22517353,0.07033805,6.46098196,1
1506672888,22517351,0.07036000,0.07358930,1
1506672824,22517321,0.07040000,0.09641287,1
1506672824,22517319,0.07040003,0.05380020,1
1506672807,22517295,0.07040003,0.44620000,1
1506672666,22517219,0.07046000,12.70337478,0
1506672666,22517218,0.07046000,5.00000000,1
1506672666,22517217,0.07048000,0.21220000,1
1506672665,22517216,0.07050000,0.50000000,1
1506672665,22517215,0.07053201,0.79158922,1
1506672665,22517214,0.07060000,0.25000000,1
1506672664,22517210,0.07063196,1.00000000,0
1506672638,22517203,0.07053201,1.19770000,1
1506672611,22517175,0.07069949,4.03945312,0
1506672611,22517174,0.07069938,3.39501688,0
1506672599,22517160,0.07055894,0.25000000,1
1506672599,22517159,0.07060000,0.25000000,1
1506672586,22517151,0.07069953,0.14991100,0
1506672472,22517111,0.07055011,1.23271500,1
1506672431,22517090,0.07069011,6.23519212,0
1506672283,22517004,0.07060000,0.50000000,1
1506672283,22517003,0.07060000,0.25000000,1
1506672283,22517002,0.07060000,2.82832622,1
1506672283,22517001,0.07060001,0.82239555,1
1506672271,22516986,0.07060002,1.63905434,1
1506672270,22516985,0.07060004,0.21180000,1
1506672246,22516973,0.07069482,2.70233339,0
1506672246,22516969,0.07068000,0.21180000,1
1506672245,22516966,0.07069482,0.58377685,0
1506672245,22516964,0.07069482,0.39636242,0
1506672244,22516962,0.07068000,0.21180000,0
1506672239,22516950,0.07060000,1.91777400,1
1506672232,22516949,0.07060000,0.40000000,1
1506672231,22516948,0.07060000,2.24142485,1
1506672231,22516947,0.07060001,0.21190000,1
1506672231,22516946,0.07060002,0.40667515,1
1506672230,22516945,0.07060002,2.86000000,1
1506672191,22516931,0.07060041,0.28381100,1
1506672126,22516905,0.07070196,0.24966000,0
1506672021,22516857,0.07060000,0.03786000,1
1506672020,22516856,0.07061000,0.21180000,1
1506671926,22516760,0.07065800,0.25000000,0
1506671919,22516758,0.07065800,0.92431953,1
1506671918,22516755,0.07064000,0.21190000,0
1506671710,22516616,0.07051079,1.08012550,1
1506671651,22516579,0.07064497,0.21084050,0
1506671630,22516556,0.07051000,0.21190000,0
1506671629,22516555,0.07050009,0.66776000,1
1506671627,22516550,0.07050008,6.36519200,1
1506671627,22516549,0.07051000,0.21190000,1
1506671560,22516463,0.07060003,5.94013900,1
1506671555,22516461,0.07074992,0.68929600,0
1506671547,22516447,0.07074912,1.41006093,0
1506671531,22516434,0.07062000,0.99997167,0
1506671528,22516429,0.07061800,1.04800000,1
1506671520,22516420,0.07061800,0.20000000,0
1506671472,22516369,0.07046900,0.27575360,0
1506671468,22516362,0.07057700,0.99481418,0
1506671467,22516359,0.07057700,2.50930189,0
1506671446,22516331,0.07054600,2.35432200,0
1506671446,22516330,0.07054600,0.28121700,0
1506671374,22516285,0.07041011,1.66597000,1
1506671360,22516254,0.07059300,1.61945208,0
1506671359,22516244,0.07059296,4.77504624,1
1506671358,22516241,0.07059296,3.06847766,1
1506671356,22516232,0.07059296,0.74533100,0
1506671356,22516231,0.07059293,12.14360510,0
1506671222,22515977,0.07056992,1.38989555,0
1506671221,22515976,0.07056989,1.30976983,0
1506671182,22515933,0.07051000,0.07599100,0
1506671177,22515931,0.07051000,0.87875595,0
1506671177,22515930,0.07050000,0.14164917,0
1506671135,22515862,0.07040400,5.00000000,1
1506671122,22515813,0.07049501,0.10049137,1
1506671122,22515812,0.07050000,0.50000000,1
1506671122,22515810,0.07050000,0.25000000,1
1506671122,22515809,0.07050000,0.10903150,1
1506671122,22515808,0.07050001,0.00000030,1
1506671110,22515757,0.07050001,1.22159500,1
1506671099,22515738,0.07064060,1.63491209,0
1506671098,22515737,0.07050001,2.86000000,1
1506671026,22515595,0.07050000,1.87303750,1
1506671026,22515594,0.07050001,0.80105050,1
1506671018,22515582,0.07050000,0.85903100,1
1506671014,22515568,0.07050325,1.59605222,1
1506671014,22515567,0.07050442,1.17101878,1
1506671012,22515562,0.07050602,0.00000300,1
1506671011,22515559,0.07050602,1.76903700,0
1506670983,22515527,0.07054800,4.13491334,1
1506670983,22515526,0.07067500,0.86508666,1
1506670978,22515522,0.07056000,2.59484400,1
1506670978,22515521,0.07056000,0.12980000,1
1506670978,22515519,0.07058000,0.29300000,1
1506670977,22515518,0.07056003,12.17524100,1
1506670977,22515517,0.07060000,0.25000000,1
1506670942,22515474,0.07064597,7.81616600,1
1506670857,22515423,0.07058000,0.19995083,0
1506670853,22515417,0.07058993,1.00018515,0
1506670828,22515403,0.07060944,0.77503757,0
1506670827,22515402,0.07060944,0.68884518,0
1506670823,22515396,0.07060945,2.97403534,0
1506670786,22515376,0.07044000,0.03709712,1
1506670786,22515375,0.07045001,0.13123588,1
1506670728,22515329,0.07050400,3.17754779,1
1506670718,22515320,0.07036001,0.84149865,0
1506670715,22515317,0.07036000,1.84366369,1
1506670715,22515316,0.07036000,1.01633631,1
1506670713,22515307,0.07036001,0.75000000,0
1506670712,22515306,0.07036001,3.33458435,1
1506670712,22515305,0.07064600,2.03206700,1
1506670712,22515304,0.07072316,0.50000000,0
1506670712,22515302,0.07072316,0.25000000,0
1506670711,22515300,0.07064600,0.50000000,1
1506670710,22515295,0.07064600,2.46793300,1
1506670697,22515249,0.07085804,1.22288185,1
1506670697,22515247,0.07085804,0.23854169,1
1506670697,22515246,0.07085804,1.34858831,1
1506670697,22515245,0.07085804,0.55734322,1
1506670696,22515244,0.07085804,3.00000000,1
1506670696,22515243,0.07085804,0.08373971,1
1506670696,22515242,0.07085804,2.77626029,1
1506670694,22515237,0.07085804,12.47911000,0
1506670694,22515235,0.07079385,0.20000000,0
1506670694,22515233,0.07077560,1.17312703,0
1506670694,22515232,0.07077560,1.59258297,0
1506670693,22515230,0.07077560,1.04803324,0
1506670693,22515229,0.07077560,1.16619462,0
1506670693,22515227,0.07077560,7.50111214,0
1506670693,22515226,0.07077559,3.88707236,0
1506670693,22515225,0.07077559,3.82081880,0
1506670693,22515223,0.07077559,2.61438875,0
1506670692,22515222,0.07077559,11.25624768,0
1506670692,22515221,0.07063152,2.86000000,0
1506670688,22515213,0.07085804,0.86741129,1
1506670688,22515212,0.07085804,5.00000000,1
1506670688,22515211,0.07085804,1.61170100,1
1506670687,22515210,0.07085804,5.00000000,1
1506670686,22515209,0.07085804,6.15768918,1
1506670686,22515208,0.07085804,5.57148097,1
1506670686,22515207,0.07085804,4.13706200,1
1506670685,22515206,0.07085804,3.63588616,0
1506670685,22515204,0.07085804,4.37694179,0
1506670685,22515203,0.07080997,0.52949956,0
1506670685,22515202,0.07080997,2.64749780,0
1506670684,22515201,0.07067351,2.86000000,0
1506670684,22515200,0.07063170,0.26179583,0
1506670684,22515199,0.07063155,2.59634000,0
1506670684,22515198,0.07063152,0.23817616,0
1506670676,22515162,0.07043200,5.00000000,1
1506670675,22515159,0.07044012,3.93597517,1
1506670675,22515157,0.07044013,0.26179583,1
1506670667,22515123,0.07047400,5.00000000,1
1506670667,22515122,0.07050000,0.50000000,1
1506670667,22515121,0.07050000,0.25000000,1
1506670639,22515087,0.07052200,5.00000000,1
1506670623,22515081,0.07056100,3.26812400,1
1506670622,22515079,0.07056100,1.73187600,1
1506670608,22515068,0.07059000,0.66600300,1
1506670608,22515067,0.07060000,0.50000000,1
1506670608,22515066,0.07060000,0.25000000,1
1506670607,22515065,0.07060033,2.41000000,1
1506670606,22515064,0.07061000,0.21180000,1
1506670603,22515056,0.07060023,2.41187819,1
1506670603,22515054,0.07060030,0.44812181,1
1506670603,22515053,0.07060033,5.75000000,1
1506670365,22514855,0.07072358,3.92020000,0
1506670363,22514851,0.07072359,0.43327816,0
1506670361,22514844,0.07072360,1.49993860,0
1506670359,22514834,0.07072363,4.99995907,0
1506670318,22514768,0.07070431,2.86000000,0
1506670100,22514624,0.07064897,0.44810278,0
1506669833,22514262,0.07055300,0.92798546,0
1506669815,22514205,0.07040028,0.66763000,1
1506669781,22514125,0.07053117,3.00000000,0
1506669760,22514096,0.07053130,1.23849738,0
1506669637,22513940,0.07040001,0.84015000,1
1506669625,22513933,0.07053975,0.13584665,0
1506669623,22513927,0.07053976,0.25038465,0
1506669621,22513920,0.07053977,0.25038447,0
1506669612,22513911,0.07040001,1.34870635,1
1506669596,22513879,0.07037115,3.58223800,0
1506669563,22513850,0.07044103,0.55600791,1
1506669547,22513834,0.07044100,2.44989048,0
1506669547,22513833,0.07044100,2.55010952,0
1506669514,22513780,0.07022025,1.81218479,0
1506669512,22513776,0.07030100,5.00000000,1
1506669512,22513775,0.07030101,0.32349521,1
1506669353,22513630,0.07042548,1.19263300,1
1506669353,22513629,0.07042548,1.78788000,1
1506669326,22513598,0.07042543,1.02945900,1
1506669325,22513593,0.07042543,0.79196409,1
1506669324,22513586,0.07042543,0.49194500,1
1506669323,22513578,0.07042546,0.83267900,1
1506669321,22513573,0.07042543,0.28298000,1
1506669287,22513542,0.07049000,0.21230000,0
1506669273,22513514,0.07042546,0.68111590,1
1506669262,22513506,0.07050000,0.00009673,1
1506669260,22513500,0.07050000,0.24990327,1
1506669187,22513437,0.07045500,0.21012600,1
1506669187,22513435,0.07050000,0.50000000,1
1506669187,22513434,0.07050000,0.25000000,1
1506669186,22513433,0.07050000,0.91536900,1
1506669185,22513431,0.07050000,0.28281100,1
1506669154,22513384,0.07050000,3.80182000,1
1506669060,22513277,0.07054900,2.14768701,0
1506669060,22513276,0.07044879,0.25245000,0
1506669059,22513275,0.07042749,0.25245000,1
1506668987,22513226,0.07059854,0.13013895,0
1506668986,22513225,0.07049999,0.87425992,0
1506668776,22513085,0.07046004,0.74907700,1
1506668776,22513084,0.07047000,0.21230000,1
1506668775,22513080,0.07050000,0.03862300,1
1506668726,22513057,0.07050000,0.21137700,1
1506668703,22513050,0.07069003,1.70753298,1
1506668701,22513045,0.07060000,0.10000000,0
1506668701,22513044,0.07059999,0.19246702,0
1506668696,22513041,0.07052000,5.00000000,0
1506668680,22513029,0.07042019,0.21230000,1
1506668674,22513024,0.07042020,2.86000000,0
1506668670,22513022,0.07042020,2.86000000,1
1506668662,22513004,0.07049000,0.00536885,1
1506668661,22513003,0.07049000,0.19257800,1
1506668539,22512847,0.07050000,0.25000000,1
1506668525,22512833,0.07045200,5.00000000,1
1506668525,22512832,0.07045201,2.86209264,1
1506668525,22512831,0.07046000,0.21230000,1
1506668524,22512830,0.07046003,3.05540000,1
1506668524,22512829,0.07050000,0.25000000,1
1506668522,22512827,0.07059979,3.30540000,1
1506668426,22512764,0.07056569,4.02000000,0
1506668324,22512688,0.07042003,5.38609900,1
1506668308,22512672,0.07056744,0.22354922,0
1506668308,22512671,0.07056744,3.27788978,0
1506668103,22512501,0.07057099,0.90000000,0
1506668101,22512500,0.07053399,0.10000000,0
1506668076,22512490,0.07044920,0.77235000,0
1506668072,22512485,0.07059996,3.28322719,0
1506668072,22512484,0.07059996,4.52876080,1
1506668070,22512482,0.07053286,2.04519483,0
1506668070,22512481,0.07053283,3.22742861,0
1506668063,22512474,0.07050000,0.32108300,0
1506668057,22512471,0.07049963,1.27284500,1
1506668031,22512461,0.07049963,1.00170000,0
1506668013,22512449,0.07034062,0.25422964,1
1506667973,22512419,0.07049994,0.80030100,0
1506667791,22512266,0.07049981,6.83168743,0
1506667781,22512262,0.07049971,0.34071000,0
1506667768,22512256,0.07050000,1.67891700,0
1506667768,22512255,0.07045100,5.00000000,0
1506667739,22512235,0.07041300,5.00000000,0
1506667728,22512231,0.07039697,0.56997298,1
1506667726,22512229,0.07036699,0.08628802,0
1506667708,22512217,0.07037697,0.71845946,0
1506667692,22512205,0.07020404,0.08628802,1
1506667565,22512107,0.07033800,4.78739482,0
1506667558,22512099,0.07038493,0.30382562,0
1506667558,22512098,0.07030795,0.08659338,0
1506667540,22512077,0.07022650,0.32376290,1
1506667539,22512076,0.07022637,0.39354600,1
1506667527,22512017,0.07030800,1.34837200,1
1506667527,22512014,0.07030800,1.12628125,1
1506667524,22511993,0.07030800,1.67807662,1
1506667524,22511992,0.07030801,0.08659338,1
1506667515,22511959,0.07040000,0.50000000,1
1506667515,22511958,0.07040000,0.25000000,1
1506667470,22511900,0.07033900,1.40161748,1
1506667470,22511899,0.07040989,0.20121852,1
1506667439,22511888,0.07040989,0.79296000,1
1506667383,22511844,0.07038696,0.30000000,0
1506667348,22511769,0.07031500,0.79134618,0
1506667347,22511767,0.07030995,0.27177349,0
1506667347,22511766,0.07030995,0.53977233,0
1506667306,22511674,0.07017700,1.73094500,0
1506667299,22511659,0.07017700,0.55152300,1
1506667298,22511655,0.07017700,0.80502600,1
1506667296,22511652,0.07017700,1.91250600,1
1506667282,22511632,0.07027000,0.99999500,1
1506667281,22511630,0.07027000,3.19238706,1
1506667279,22511624,0.07026984,0.84748500,0
1506667274,22511611,0.07020000,0.32562341,0
1506667274,22511609,0.07010224,0.32562341,1
1506667273,22511607,0.07010224,42.95065526,1
1506667273,22511606,0.07010227,6.66225474,1
1506667273,22511602,0.07010224,4.90238459,1
1506667272,22511601,0.07020000,0.32562341,1
1506667270,22511594,0.07020000,0.17437659,1
1506667269,22511593,0.07020000,0.25000000,1
1506667183,22511538,0.07025100,0.21260000,1
1506667180,22511536,0.07030000,0.25000000,1
1506667141,22511511,0.07039285,1.00000000,0
1506667021,22511444,0.07030032,5.66209372,1
1506666996,22511427,0.07036032,0.53236806,0
1506666987,22511424,0.07031901,2.86000000,1
1506666883,22511372,0.07031900,0.04954400,1
1506666883,22511371,0.07033000,0.21260000,1
1506666882,22511368,0.07040000,0.25000000,1
1506666881,22511367,0.07033003,1.08424800,1
1506666878,22511364,0.07033509,0.40923934,0
1506666878,22511363,0.07033500,0.02076066,0
1506666877,22511362,0.07036031,0.39000000,1
1506666877,22511361,0.07036032,2.04120934,1
1506666876,22511356,0.07036032,0.42343066,1
1506666874,22511346,0.07036032,0.39536000,1
1506666830,22511289,0.07040002,15.06235965,1
1506666830,22511287,0.07040003,0.53215897,1
1506666686,22511240,0.07040006,0.20000000,1
1506666684,22511237,0.07040005,0.99991317,1
1506666673,22511230,0.07040002,0.95000000,1
1506666636,22511217,0.07036031,0.25358409,1
1506666615,22511213,0.07047997,0.58876040,0
1506666603,22511207,0.07036003,0.19999500,0
1506666559,22511168,0.07047997,0.20000500,0
1506666543,22511152,0.07049995,0.78720000,0
1506666543,22511151,0.07048000,0.21280000,0
1506666481,22511110,0.07046997,8.00000000,0
1506666420,22511081,0.07043900,1.00000000,0
1506666251,22511028,0.07024359,1.26201255,1
1506666250,22511027,0.07025400,0.29861545,1
