date,tid,price,amount,type
1506729319,22556446,246.10,1.88420443,1
1506729319,22556445,246.11,1.94858700,1
1506729313,22556443,246.85,1.94858700,0
1506729211,22556400,246.40,0.38209700,0
1506728261,22556223,246.79,1.03189439,0
1506728261,22556222,246.78,0.20000000,0
1506728260,22556220,246.09,4.03000000,1
1506728229,22556214,246.20,0.20000000,1
1506727873,22556161,246.71,0.70968181,0
1506727824,22556136,246.63,1.52758846,0
1506727824,22556135,246.09,0.00919255,0
1506727819,22556128,246.09,4.21488843,0
1506727818,22556127,246.09,1.69396197,0
1506727818,22556126,246.09,1.84777073,0
1506727688,22556034,246.09,3.15555700,0
1506727603,22556009,246.05,0.17875017,0
1506727579,22556007,246.05,0.22842864,0
1506727579,22556006,246.04,0.32440000,0
1506727539,22556002,245.88,4.03000000,0
1506727539,22556001,245.87,0.20000000,0
1506727328,22555951,245.45,1.60989705,0
1506727327,22555948,245.45,1.78431042,1
1506727324,22555942,245.47,0.51992028,0
1506727324,22555941,245.47,3.50560000,0
1506727320,22555940,245.48,0.32440000,1
1506727320,22555939,245.48,0.20000000,1
1506727214,22555925,246.61,0.62339132,1
1506727214,22555924,246.61,0.16926759,0
1506727130,22555871,246.56,0.00000320,0
1506727130,22555870,245.71,0.08139680,0
1506727130,22555869,245.70,0.20000000,0
1506727121,22555859,245.69,0.32391751,0
1506727086,22555852,245.71,0.32897000,1
1506727086,22555851,245.71,0.20000000,1
1506727071,22555844,246.76,0.03073241,0
1506727066,22555843,246.77,2.30028000,0
1506727066,22555842,246.56,0.32450000,0
1506727066,22555841,246.43,0.20000000,0
1506727066,22555840,246.41,7.06373000,0
1506727058,22555829,245.23,4.41217611,1
1506727058,22555828,245.52,0.08064520,1
1506727058,22555827,245.70,1.01535769,1
1506727058,22555826,245.70,3.52102814,1
1506727057,22555825,245.71,0.65930286,1
1506727057,22555824,245.72,0.20000000,1
1506727049,22555810,245.71,2.75069714,1
1506727049,22555809,245.71,3.31803983,1
1506727048,22555808,245.72,0.32450000,1
1506727048,22555807,246.09,0.32400000,1
1506727048,22555806,246.10,2.28176303,1
1506727048,22555805,246.10,0.20000000,1
1506726915,22555768,246.73,0.40862481,0
1506726914,22555767,246.70,0.20000000,1
1506726914,22555766,246.70,0.20000000,0
1506726781,22555683,246.45,1.11984559,1
1506726781,22555682,246.46,0.20000000,1
1506726716,22555654,246.48,9.23469600,1
1506726716,22555653,246.49,0.20000000,1
1506726469,22555558,246.93,4.03000000,0
1506726435,22555548,246.94,4.03000000,0
1506726424,22555545,247.00,0.27000000,0
1506726423,22555544,247.00,3.67845851,0
1506726423,22555543,246.94,0.08099130,0
1506726423,22555542,246.69,0.27055019,0
1506726392,22555536,246.69,0.02562000,0
1506726307,22555499,246.69,1.79748800,0
1506726262,22555491,246.69,4.03000000,0
1506726192,22555485,246.69,3.95713477,0
1506726088,22555476,246.32,0.10564309,1
1506726071,22555473,246.60,0.32392000,0
1506726068,22555472,246.60,3.78239100,0
1506726068,22555470,246.59,0.32400000,0
1506726039,22555460,246.78,0.02430823,0
1506725801,22555350,246.66,1.21247861,0
1506725799,22555346,246.70,1.01344300,0
1506725799,22555345,246.68,0.20000000,0
1506725765,22555322,246.18,0.81044853,1
1506725765,22555321,246.19,1.75000000,1
1506725765,22555320,246.26,0.32400000,1
1506725753,22555315,246.18,0.50999500,0
1506725753,22555314,246.18,0.38729112,0
1506725752,22555313,246.18,0.83637988,0
1506725749,22555309,246.18,2.29632900,0
1506725746,22555308,246.18,0.51196017,0
1506725746,22555307,246.18,3.31803983,1
1506725746,22555305,246.19,0.20000000,1
1506725688,22555289,246.74,0.03637027,0
1506725652,22555278,246.84,1.96434195,0
1506725485,22555252,246.94,1.92703296,0
1506725472,22555249,246.77,3.14972100,0
1506725363,22555220,246.63,0.79112115,0
1506725361,22555219,246.62,1.53959330,0
1506725314,22555205,246.61,0.09643500,1
1506725314,22555204,246.61,0.94460000,1
1506725314,22555203,246.61,0.94460000,1
1506725314,22555202,246.61,0.94460000,1
1506725314,22555201,246.61,0.94460000,1
1506725314,22555200,246.61,0.74460000,1
1506725312,22555198,246.61,0.20000000,0
1506725312,22555197,246.60,0.94460000,0
1506725234,22555168,246.91,5.13788600,0
1506725234,22555167,246.92,1.53239235,0
1506725226,22555165,246.37,0.32400000,1
1506725226,22555164,246.37,3.15336500,0
1506725226,22555163,246.27,0.32390000,0
1506725225,22555162,246.26,3.67000000,0
1506725225,22555161,246.20,0.20000000,0
1506725143,22555140,245.59,0.20000000,1
1506725143,22555139,245.62,12.60915100,1
1506725104,22555114,246.31,1.05268000,0
1506725104,22555113,246.30,0.20000000,0
1506725061,22555101,246.49,0.53651116,0
1506725039,22555089,245.54,12.09612200,1
1506725039,22555088,245.55,0.54000000,1
1506725039,22555086,245.55,2.71000000,1
1506725028,22555081,245.55,4.03000000,1
1506725027,22555080,246.48,0.32400000,0
1506725024,22555079,245.54,0.10000000,1
1506725017,22555069,245.55,4.21195400,1
1506725011,22555063,246.53,4.21195409,0
1506724976,22555054,245.55,0.08145310,1
1506724970,22555039,245.54,4.17142522,1
1506724970,22555038,245.55,0.32390000,1
1506724970,22555037,245.56,0.08063220,1
1506724970,22555036,245.71,0.33583576,1
1506724969,22555035,245.80,3.31803983,1
1506724969,22555034,245.83,0.08054450,1
1506724969,22555033,245.90,1.00000000,1
1506724969,22555032,246.10,0.08307599,1
1506724969,22555031,246.49,0.65254650,1
1506724969,22555030,246.50,0.10000000,1
1506724951,22555024,246.49,10.65400000,1
1506724951,22555023,246.50,0.20000000,1
1506724916,22554997,246.52,5.71924970,1
1506724866,22554969,246.50,1.23811487,1
1506724866,22554968,246.51,2.83000000,1
1506724866,22554967,246.54,0.40788513,1
1506724866,22554966,246.76,0.32400000,1
1506724866,22554965,246.83,0.20000000,1
1506724845,22554943,247.03,0.08760057,0
1506724845,22554942,247.02,0.18570497,0
1506724845,22554941,247.00,0.06523634,0
1506724826,22554925,247.05,0.20000000,0
1506724822,22554918,246.85,0.06889187,1
1506724769,22554868,246.93,0.13679503,0
1506724769,22554866,246.92,0.20000000,0
1506724756,22554813,246.49,2.69345350,1
1506724756,22554809,246.50,0.15000000,1
1506724755,22554807,246.50,0.15000000,1
1506724755,22554805,246.50,0.05944539,1
1506724755,22554802,246.50,0.09055461,1
1506724755,22554801,246.50,0.15000000,1
1506724755,22554799,246.60,0.15000000,1
1506724753,22554790,247.03,0.94710111,1
1506724751,22554783,247.03,2.38289889,1
1506724751,22554781,247.04,0.20000000,1
1506724749,22554764,247.03,0.20000000,1
1506724748,22554762,246.62,0.58573585,1
1506724747,22554754,247.04,0.20000000,1
1506724740,22554690,247.03,1.62750000,1
1506724740,22554689,247.38,0.32250000,1
1506724738,22554667,247.37,0.19634447,1
1506724626,22554613,247.74,0.00000018,1
1506724613,22554602,247.74,0.06971000,1
1506724308,22554487,247.77,0.02502638,0
1506723915,22554415,247.77,0.02502638,1
1506723888,22554413,248.37,0.02009099,0
1506723804,22554411,248.03,0.00001235,0
1506723744,22554404,247.76,1.34648792,0
1506723708,22554395,247.76,1.51974701,0
1506723702,22554394,247.76,0.15270827,0
1506723701,22554393,247.76,1.16856571,0
1506723667,22554385,247.75,0.20000000,0
1506723647,22554384,247.75,0.20000000,0
1506723494,22554348,247.65,0.20000000,0
1506723477,22554337,248.02,1.44799547,0
1506723477,22554336,248.02,1.53333871,0
1506723463,22554326,248.02,1.53358600,0
1506723463,22554325,248.02,0.15322353,0
1506723458,22554324,248.01,1.68684985,0
1506723457,22554323,248.02,1.53358600,0
1506723453,22554319,248.03,0.15320500,0
1506723421,22554312,248.01,1.87506744,0
1506723421,22554311,247.57,0.76413166,0
1506723416,22554310,247.57,1.30858035,0
1506723416,22554309,247.57,0.65428799,0
1506723345,22554294,248.06,0.17527561,0
1506723345,22554293,248.05,0.15104230,0
1506723344,22554292,248.06,1.67525289,0
1506723344,22554291,248.06,0.06965014,0
1506723338,22554289,248.02,0.75576767,0
1506723326,22554285,248.03,3.07027098,0
1506723326,22554284,248.00,1.10278073,0
1506723325,22554283,248.00,0.64012734,0
1506723313,22554280,247.98,0.70722162,0
1506723301,22554274,248.00,0.70719311,0
1506723295,22554272,248.00,0.70406854,0
1506723282,22554269,247.99,0.70722144,0
1506723263,22554260,248.00,0.70719311,0
1506723254,22554255,248.00,0.67544355,0
1506723251,22554254,247.99,0.54582846,0
1506723216,22554235,248.01,0.70710757,0
1506723186,22554227,248.00,0.45732763,0
1506723186,22554226,248.00,0.25000000,0
1506723174,22554217,247.99,0.36730155,0
1506723173,22554216,247.76,0.34039041,0
1506723155,22554206,247.76,0.70790582,0
1506723155,22554205,247.76,0.10000000,0
1506723144,22554195,247.76,0.70850584,0
1506723132,22554186,247.75,0.70853444,0
1506723123,22554184,247.75,0.78236399,0
1506723111,22554175,247.76,0.70850566,0
1506723104,22554168,247.76,0.78271014,0
1506723103,22554163,247.76,0.74369147,0
1506723094,22554160,247.76,1.49174890,0
1506723034,22554094,247.76,4.56411975,0
1506723034,22554093,247.76,3.76413625,0
1506723015,22554075,247.76,0.81368500,0
1506722991,22554050,247.76,0.15338432,0
1506722990,22554049,247.76,1.53519535,0
1506722989,22554048,247.76,4.19244430,0
1506722984,22554043,247.76,1.53519535,0
1506722984,22554041,247.76,1.68862004,0
1506722984,22554039,247.76,0.15338432,0
1506722978,22554036,247.76,0.15338432,0
1506722971,22554032,247.76,1.53519535,0
1506722965,22554029,247.76,12.07947207,0
1506722959,22554027,247.75,1.53519535,0
1506722954,22554026,247.76,1.53519535,0
1506722954,22554025,247.76,0.15338432,0
1506722947,22554021,247.76,0.15338432,0
1506722947,22554019,247.76,1.68862004,0
1506722947,22554018,247.76,1.53519535,0
1506722941,22554012,247.76,0.15338432,0
1506722935,22554009,247.76,0.15339349,0
1506722934,22554007,247.76,1.53528065,0
1506722934,22554006,247.76,1.33528705,0
1506722934,22554005,247.75,0.20000000,0
1506722931,22554002,247.76,1.48868054,0
1506722931,22554001,247.75,0.04660651,0
1506722929,22553999,247.75,0.15339349,0
1506722879,22553947,247.76,0.20000000,0
1506722878,22553946,247.76,0.07000000,0
1506722877,22553945,247.76,3.70460316,1
1506722549,22553826,247.76,0.77023000,1
1506722549,22553824,247.76,0.77019500,1
1506722547,22553822,247.76,2.29249500,1
1506722545,22553815,247.76,0.77062138,1
1506722505,22553803,247.76,1.13856553,1
1506722425,22553773,247.78,0.25000000,0
1506722405,22553763,247.78,1.75463102,1
1506722399,22553758,247.78,1.13906500,1
1506722388,22553751,247.76,0.32170000,1
1506722384,22553748,247.76,0.32200000,1
1506722351,22553736,247.81,0.06965014,1
1506722289,22553723,247.82,0.20000000,1
1506722271,22553720,247.87,0.32200000,1
1506722271,22553719,247.88,0.20000000,1
1506722231,22553710,247.83,11.20330000,1
1506722231,22553709,247.89,0.32170000,1
1506722129,22553694,248.52,1.34363431,1
1506722128,22553693,248.31,0.08054450,0
1506722128,22553692,248.26,0.06951333,0
1506722126,22553691,248.25,0.51575914,0
1506721554,22553542,248.25,0.40298086,0
1506721552,22553541,248.24,0.19972982,0
1506721475,22553516,248.25,0.30126000,0
1506721474,22553515,248.22,0.20000000,0
1506721276,22553440,247.72,1.30500000,1
1506720888,22553334,248.01,0.06951333,1
1506720805,22553311,248.02,0.19986292,1
1506720802,22553309,248.06,3.37986778,0
1506720799,22553306,248.04,0.19986690,0
1506720798,22553305,248.04,0.38552256,1
1506720797,22553304,248.04,0.20000000,0
1506720797,22553303,248.04,0.08063220,0
1506720233,22553132,248.04,0.52700000,1
1506720233,22553131,248.04,0.20000000,1
1506720071,22553083,248.30,3.90590018,0
1506719990,22553065,248.30,0.00012081,1
1506719846,22553031,248.31,5.86988041,1
1506719840,22553026,248.30,2.77998390,1
1506719773,22553016,248.40,0.93755408,0
1506719772,22553015,248.07,0.06948592,0
1506719603,22552967,248.00,0.08064520,0
1506719341,22552913,248.00,0.20000000,1
1506719337,22552912,248.00,0.15209678,1
1506719245,22552887,248.05,4.04000000,0
1506719243,22552886,248.06,3.84000018,0
1506719243,22552884,248.06,0.19999982,0
1506719170,22552862,247.62,3.99447810,1
1506719170,22552861,247.65,0.20000000,1
1506719127,22552845,247.81,0.19999982,0
1506719127,22552843,247.81,1.95011626,1
1506719126,22552841,247.82,0.06948592,1
1506719093,22552820,248.79,0.13654085,1
1506719093,22552819,248.73,0.44000000,0
1506719092,22552818,248.73,9.20515200,1
1506719092,22552817,248.61,0.04902790,0
1506719092,22552816,248.36,3.13624000,0
1506719091,22552814,248.26,0.17061771,1
1506719090,22552813,248.26,0.02026154,0
1506719090,22552812,248.24,6.92219541,0
1506719088,22552807,247.81,2.31175403,0
1506718996,22552756,247.80,1.00628580,0
1506718996,22552755,247.80,0.20000000,0
1506718959,22552731,247.28,2.66619230,0
1506718959,22552730,247.27,0.32200000,0
1506718904,22552691,247.21,3.22445695,1
1506718892,22552661,247.09,0.65774626,0
1506718892,22552660,247.10,5.88000000,1
1506718890,22552659,247.18,0.06225374,1
1506718833,22552651,247.18,0.94090185,1
1506718833,22552650,247.20,7.68677184,1
1506718833,22552649,247.22,3.05428648,1
1506718832,22552648,247.24,3.31803983,0
1506718827,22552647,247.22,3.44571352,1
1506718826,22552646,247.40,0.15000000,1
1506718826,22552645,247.50,0.15000000,1
1506718825,22552644,247.60,0.15000000,1
1506718819,22552638,247.82,0.03230105,0
1506718815,22552636,247.83,0.33880985,0
1506718813,22552634,247.67,0.05652682,0
1506718810,22552632,247.67,0.02422578,0
1506718679,22552615,247.67,3.15348030,0
1506718679,22552614,247.67,1.00000000,1
1506718679,22552613,247.67,0.03517990,1
1506718589,22552576,247.67,12.54524700,1
1506718588,22552575,247.68,4.18866020,0
1506718346,22552489,247.85,0.38381500,0
1506718342,22552487,247.84,3.86495320,0
1506718330,22552484,247.86,1.17733272,0
1506718216,22552468,247.68,3.69773846,0
1506718216,22552465,247.71,0.32200000,1
1506718216,22552463,247.76,0.02026154,1
1506718050,22552415,247.67,2.41957310,1
1506718050,22552413,247.70,0.15000000,1
1506718050,22552412,247.80,10.00000000,1
1506718050,22552411,247.80,0.15000000,1
1506718049,22552410,247.90,0.15000000,1
1506718049,22552409,247.90,1.00000000,1
1506718049,22552408,248.07,3.13139900,1
1506718048,22552407,248.43,0.04902790,1
1506718048,22552406,248.50,0.75000000,1
1506718046,22552405,248.51,0.20000000,1
1506718034,22552402,248.51,0.20000000,0
1506718022,22552395,248.50,0.25000000,1
1506718020,22552393,248.51,0.20000000,1
1506717956,22552336,248.51,2.10000000,0
1506717955,22552335,248.51,0.20000000,1
1506717676,22552277,248.81,0.50000000,0
1506717675,22552276,248.81,0.50000000,0
1506717674,22552275,248.81,0.50000000,0
1506717672,22552274,248.80,0.50000000,1
1506717659,22552266,248.80,0.60000000,1
1506717654,22552265,248.80,0.71000000,0
1506717554,22552248,248.77,0.32146159,0
1506717552,22552243,248.76,0.28000000,0
1506717515,22552237,248.75,3.52884422,0
1506717447,22552225,248.75,4.04000000,0
1506717329,22552151,248.73,10.45000000,0
1506717253,22552113,248.90,0.78107768,1
1506717253,22552112,248.89,0.02018232,0
1506717252,22552110,248.88,0.20000000,0
1506717237,22552096,248.89,0.04893728,0
1506717237,22552092,248.43,0.11423691,0
1506717236,22552091,248.30,0.03751000,0
1506717155,22552065,248.00,2.08679465,0
1506717155,22552064,248.00,0.15000000,1
1506717154,22552063,248.10,0.15000000,1
1506717154,22552062,248.20,0.15000000,1
1506717154,22552061,248.40,0.15000000,1
1506717154,22552060,248.41,0.06911960,1
1506717154,22552059,248.50,0.15000000,1
1506717133,22552054,248.51,0.09931057,0
1506717132,22552053,248.51,0.20000000,1
1506717117,22552042,248.53,3.13020000,1
1506717117,22552041,248.60,0.15000000,1
1506717116,22552040,248.70,0.15000000,1
1506717073,22552031,248.90,0.97507513,0
1506717072,22552030,248.81,0.20000000,0
1506717002,22551988,248.96,4.08936770,1
1506717002,22551987,248.96,1.30455100,1
1506716954,22551958,248.97,8.01305378,0
1506716948,22551950,248.60,3.22445695,1
1506716948,22551949,248.61,0.20000000,1
1506716918,22551932,249.05,4.02521582,0
1506716871,22551894,248.42,10.55100746,1
1506716871,22551893,248.94,5.48453454,1
1506716846,22551884,248.94,1.34592742,0
1506716846,22551883,248.94,0.06899172,0
1506716799,22551871,248.89,0.10000000,0
1506716776,22551862,248.86,1.25264322,0
1506716776,22551861,248.80,0.15000000,0
1506716775,22551860,248.77,0.62098649,0
1506716775,22551859,248.75,0.32160000,0
1506716775,22551858,248.70,0.15000000,0
1506716774,22551857,248.60,0.15000000,0
1506716774,22551856,248.50,0.14970743,0
1506716774,22551855,248.48,0.50000000,0
1506716773,22551854,248.40,0.15000000,0
1506716773,22551853,248.30,0.15000000,0
1506716771,22551852,248.20,0.31584207,0
1506716669,22551794,248.17,0.17840000,0
1506716665,22551793,248.17,0.32160000,0
1506716648,22551781,248.13,4.65000000,1
1506716648,22551780,248.10,0.19874000,0
1506716547,22551663,248.15,0.76669111,0
1506716519,22551621,248.01,12.53778200,1
1506716499,22551593,248.11,12.53819000,1
1506716490,22551568,248.16,4.01000000,0
1506716490,22551566,248.15,0.99000000,0
1506716459,22551509,248.00,1.16594612,0
1506716459,22551508,248.00,4.41932621,0
1506716416,22551457,248.00,1.12292742,0
1506716416,22551455,247.99,0.32300000,0
1506716399,22551430,248.00,1.30126000,0
1506716399,22551429,247.97,0.50000000,0
1506716397,22551422,247.94,0.20000000,0
1506716322,22551387,247.34,5.05521024,0
1506716321,22551386,247.34,7.32960000,0
1506716321,22551385,247.34,7.32960000,0
1506716321,22551384,247.34,7.32960000,0
1506716321,22551383,247.34,7.32960000,0
1506716320,22551382,247.34,7.32930000,0
1506716282,22551367,247.34,13.98951758,0
1506716270,22551361,247.37,0.32300000,1
1506716270,22551360,247.38,0.20000000,1
1506716238,22551353,247.96,0.40554402,0
1506716213,22551343,247.88,0.20118606,0
1506716105,22551320,247.88,0.04022107,0
1506715971,22551286,247.31,4.65249524,0
1506715971,22551285,247.34,3.42739563,0
1506715662,22551163,248.00,3.61870241,0
1506715661,22551162,247.98,0.32250000,0
1506715661,22551161,247.97,0.20000000,0
1506715659,22551160,246.96,1.66874675,1
1506715659,22551159,247.01,0.32250000,1
1506715658,22551158,247.20,1.00000000,1
1506715658,22551157,247.24,0.03720100,1
1506715658,22551156,247.24,0.20000000,1
1506715653,22551152,247.96,1.00000000,0
1506715638,22551151,247.93,0.20000000,0
1506715638,22551150,247.84,0.20000000,0
1506715629,22551149,247.54,0.12000000,1
1506715627,22551148,247.55,0.20000000,1
1506715627,22551147,247.55,0.20000000,1
1506715627,22551146,247.55,0.20000000,1
1506715627,22551145,247.55,0.20000000,1
1506715626,22551144,247.80,3.03956100,1
1506715625,22551143,247.81,0.10192900,1
1506715620,22551138,247.80,1.50000000,0
1506715619,22551137,247.80,0.10000000,0
1506715619,22551136,247.55,3.14050600,0
1506715617,22551134,247.53,9.47000000,1
1506715616,22551132,247.31,0.20000000,0
1506715615,22551125,247.20,9.47315003,0
1506715615,22551123,247.30,0.32684997,1
1506715613,22551120,247.31,0.20000000,1
1506715612,22551117,247.75,3.13867500,0
1506715612,22551116,247.75,34.79583209,0
1506715606,22551089,247.75,10.33833409,0
1506715606,22551086,247.74,2.01000000,0
1506715606,22551084,247.73,5.89512591,0
1506715606,22551082,247.72,11.17000000,0
1506715489,22551025,247.75,0.48819374,0
1506715489,22551024,247.73,1.52505095,1
1506715488,22551023,247.73,0.04000000,1
1506715412,22551015,247.75,0.23067100,0
1506715294,22550981,247.71,0.02442372,0
1506715210,22550948,247.64,0.87889678,0
1506715210,22550947,247.45,0.61300000,0
1506715210,22550946,247.44,0.32300000,1
1506715208,22550943,247.44,0.20000000,0
1506715064,22550889,247.05,0.61300000,1
1506715064,22550887,247.25,0.32300000,1
1506715063,22550885,247.33,0.03497351,1
1506715062,22550884,247.34,0.20000000,1
1506714734,22550815,247.71,0.00073960,1
1506714562,22550768,247.72,2.35000000,0
1506714536,22550766,247.72,8.51356400,0
1506714529,22550742,247.73,2.35643644,1
1506714474,22550716,247.72,0.30000000,0
1506714430,22550706,247.71,0.08000000,1
1506714333,22550685,247.71,0.10126000,0
1506714118,22550638,247.82,0.19711124,0
1506713984,22550603,247.86,1.61690000,0
1506713984,22550602,247.77,0.32220000,0
1506713952,22550590,246.95,1.17075191,1
1506713952,22550589,247.33,0.08086360,1
1506713952,22550588,247.38,0.20000000,1
1506713868,22550564,247.77,0.79842596,1
1506713867,22550563,247.77,0.20000000,0
1506713789,22550501,247.35,1.43332861,0
1506713789,22550500,247.35,0.32220000,1
1506713789,22550499,247.35,0.20000000,1
1506713752,22550494,247.33,1.00012000,1
1506713728,22550486,247.94,2.19170577,0
1506713721,22550482,247.47,2.45543202,0
1506713721,22550481,247.44,3.22856798,0
1506713709,22550473,247.45,3.38900000,0
1506713706,22550467,248.25,4.70664064,0
1506713706,22550466,248.25,3.60000000,1
1506713705,22550465,248.25,4.70971384,1
1506713705,22550464,248.21,0.47000000,0
1506713705,22550463,248.20,0.15000000,0
1506713704,22550462,248.18,0.11000000,1
1506713704,22550461,248.13,0.50000000,0
1506713704,22550460,248.10,0.15000000,0
1506713704,22550458,248.00,0.15000000,0
1506713703,22550457,247.99,4.40209194,0
1506713703,22550456,247.67,2.00000000,0
1506713703,22550455,247.67,0.46789000,1
1506713702,22550454,247.66,0.55000000,1
1506713702,22550453,247.50,6.93538272,0
1506713701,22550452,247.49,4.76275000,1
1506713701,22550451,247.47,9.07300000,1
1506713700,22550450,247.35,0.12407800,1
1506713699,22550449,247.35,11.19000000,1
1506713699,22550448,247.35,5.91733139,0
1506713699,22550447,247.02,0.44377800,0
1506713698,22550446,247.35,2.83294961,0
1506713698,22550445,247.35,3.44000000,0
1506713685,22550444,247.26,0.20000000,0
1506713657,22550424,246.98,0.40031000,1
1506713656,22550422,246.98,1.00126000,1
1506713654,22550419,246.98,0.81207687,0
1506713645,22550413,247.03,0.19997000,0
1506713644,22550410,247.02,1.22923400,0
1506713588,22550394,247.23,0.19992200,0
1506713465,22550372,246.64,2.90002973,1
1506713465,22550371,246.65,0.20000000,1
1506713425,22550339,246.68,0.48291742,0
1506713424,22550338,246.68,0.32400000,0
1506713424,22550337,246.70,0.15000000,1
1506713424,22550336,246.70,4.18029995,1
1506713424,22550335,246.80,0.15000000,1
1506713423,22550334,246.90,0.15000000,1
1506713423,22550333,247.00,0.15000000,1
1506713422,22550332,247.10,0.15000000,1
1506713420,22550328,247.20,0.14970743,1
1506713378,22550309,247.20,0.00029257,1
1506713378,22550308,247.30,0.15000000,1
1506713378,22550307,247.30,0.26809543,1
1506713360,22550299,247.39,2.23000000,0
1506713359,22550298,247.40,0.10000000,1
1506713359,22550297,247.40,0.15000000,1
1506713333,22550283,247.42,0.99781748,1
1506713292,22550268,247.49,0.10000000,1
1506713258,22550261,247.50,0.20000000,1
1506713179,22550222,247.77,0.08071350,0
1506712971,22550144,247.79,0.01922780,0
1506712971,22550143,247.61,0.08077220,0
1506712810,22550121,247.49,0.15000000,0
1506712724,22550088,247.60,0.61688207,0
1506712645,22550073,247.34,4.16943656,1
1506712634,22550070,247.59,2.00126000,0
1506712289,22549903,247.61,0.50000000,0
1506712204,22549860,247.56,3.84000000,1
1506712203,22549856,247.56,0.20000000,0
1506712193,22549855,247.60,1.37059791,0
1506712193,22549854,247.60,0.08101760,0
1506712158,22549830,247.29,0.79000000,0
1506712158,22549829,247.29,0.20000000,1
1506711977,22549661,246.86,0.08101760,1
1506711907,22549623,246.86,2.10738365,1
1506711888,22549621,247.43,2.01572162,1
1506711791,22549596,247.21,0.55000000,0
1506711791,22549595,247.20,0.45000000,0
1506711778,22549592,247.19,3.22844775,0
1506711718,22549580,247.21,19.31006027,0
1506711718,22549579,247.20,0.53000000,0
1506711716,22549574,246.78,0.33581618,0
1506711712,22549571,246.78,1.78456500,0
1506711712,22549570,246.77,0.20000000,0
1506711702,22549567,246.78,0.13581617,0
1506711702,22549566,246.77,0.20000000,0
1506711490,22549494,246.57,7.98548344,0
1506711489,22549493,246.57,5.60997700,1
1506711489,22549492,246.60,0.08110300,1
1506711489,22549490,246.70,4.16943656,1
1506711415,22549468,246.78,0.64380802,0
1506711388,22549459,246.67,3.15417127,0
1506711388,22549456,246.67,0.08108000,1
1506711365,22549431,246.67,2.02314000,1
1506711313,22549424,246.78,2.00000000,0
1506711309,22549423,246.73,10.72820708,1
1506711257,22549408,246.78,0.09999463,0
1506711203,22549391,246.78,1.00000000,1
1506710998,22549346,246.92,3.01512466,1
1506710989,22549341,246.93,0.08099460,1
1506710988,22549340,246.93,1.06945033,1
1506710914,22549306,246.95,0.58165621,0
1506710815,22549273,246.93,1.00000000,1
1506710770,22549262,246.93,0.90779018,1
1506710770,22549261,246.99,0.20000000,1
1506710758,22549252,247.09,0.08094220,1
1506710758,22549251,247.10,0.20000000,1
1506710744,22549247,247.36,0.10000000,0
1506710732,22549243,247.40,0.10000000,1
1506710713,22549240,247.60,2.00126000,0
1506710634,22549221,247.62,4.16556959,0
1506710440,22549187,247.52,0.28684550,1
1506710438,22549186,247.50,0.51917805,0
1506710310,22549166,247.50,0.96739393,0
1506710308,22549165,247.49,0.03004677,0
1506710256,22549121,247.49,0.05126000,0
1506710016,22549065,247.09,0.20000000,1
1506710015,22549064,247.09,1.00000000,0
1506709979,22549059,247.07,0.30000000,1
1506709979,22549058,247.08,0.20000000,1
1506709941,22549049,247.00,0.08130677,1
1506709742,22548969,246.92,0.80547223,0
1506709591,22548887,247.22,0.20000000,1
1506709591,22548886,247.22,1.74000000,1
1506709590,22548885,247.20,0.50000000,0
1506709590,22548884,247.17,0.20000000,0
1506709460,22548805,246.60,0.89758427,0
1506709460,22548804,246.60,0.20000000,1
1506709432,22548791,246.70,0.48257223,0
1506709432,22548790,246.69,0.32290000,0
1506709421,22548786,246.70,2.38670049,0
1506709420,22548785,246.74,0.20000000,1
1506709403,22548780,246.99,0.01429420,0
1506709403,22548779,246.98,0.08092580,0
1506709177,22548703,247.61,1.48731529,1
1506709175,22548700,247.47,0.15820969,0
1506709175,22548699,247.46,0.20000000,0
1506709174,22548698,247.47,0.15825770,0
1506709110,22548671,247.00,0.32290000,0
1506709109,22548668,247.00,22.16417421,1
1506709108,22548666,247.01,0.24591700,1
1506709105,22548661,247.00,2.98951000,1
1506709104,22548659,247.14,3.23525127,1
1506709104,22548658,247.15,0.20000000,1
1506708985,22548606,247.30,3.24973716,1
1506708974,22548596,247.36,1.16232984,1
1506708973,22548595,247.36,0.86081016,0
1506708972,22548594,247.15,0.08092580,1
1506708834,22548488,247.14,1.93742600,0
1506708833,22548484,247.10,4.04000000,0
1506708833,22548483,246.96,0.08098480,0
1506708829,22548479,246.69,0.08107340,0
1506708631,22548398,246.51,0.32420000,0
1506708627,22548392,246.51,0.25927049,1
1506708592,22548369,246.40,0.18246155,0
1506708591,22548368,246.41,0.06472951,1
1506708590,22548367,246.40,0.08000000,1
1506708589,22548366,246.40,0.20000000,0
1506708478,22548329,246.13,4.05226768,1
1506708477,22548328,246.14,0.32420000,1
1506708454,22548325,246.15,7.47600000,0
1506708453,22548324,246.18,0.20000000,1
1506708453,22548323,246.21,0.32400000,1
1506708445,22548321,246.38,0.18246155,0
1506708443,22548320,246.66,0.16209194,1
1506708435,22548318,246.66,4.04000000,0
1506708435,22548317,246.66,0.20000000,0
1506708364,22548285,246.69,2.52391101,0
1506708363,22548283,246.64,1.45724018,0
1506708363,22548282,246.63,0.20000000,0
1506708354,22548276,246.13,0.67756481,1
1506708347,22548269,246.13,0.07589562,1
1506708346,22548268,246.14,0.20000000,1
1506708306,22548225,246.17,0.20000000,1
1506708209,22548198,246.77,3.66308708,0
1506708209,22548197,246.63,0.05539778,0
1506708207,22548195,246.62,0.32400000,0
1506708179,22548177,246.58,0.14460222,1
1506708179,22548176,246.58,0.19995127,0
1506708157,22548174,246.00,2.45543649,1
1506708157,22548173,246.13,0.32400000,1
1506708157,22548172,246.20,0.32457351,1
1506708155,22548171,246.20,1.67542649,1
1506708155,22548169,246.21,0.20000000,1
1506708148,22548162,246.61,1.45724018,0
1506708057,22548115,246.23,0.07993000,1
1506708040,22548105,246.71,0.02225285,0
1506708001,22548089,246.73,0.02432695,0
1506707960,22548078,246.78,1.17092146,0
1506707960,22548077,246.77,3.21000000,1
1506707959,22548076,246.62,6.32452999,0
1506707959,22548075,246.62,1.30000032,1
1506707959,22548074,246.61,3.14463600,0
1506707957,22548070,246.37,0.63964096,0
1506707912,22548050,246.35,0.20000000,1
1506707912,22548049,246.35,0.32400000,1
1506707866,22548036,246.19,2.07513500,1
1506707866,22548035,246.20,0.20000000,1
1506707833,22548017,246.51,1.65520100,0
1506707833,22548016,246.50,1.14479900,0
1506707833,22548014,246.50,0.20000000,0
1506707815,22547993,246.20,3.80000000,1
1506707815,22547992,246.21,0.20000000,1
1506707777,22547963,246.09,1.55458700,1
1506707777,22547962,246.10,0.32400000,1
1506707777,22547961,246.20,0.20000000,1
1506707773,22547960,246.20,1.10000000,1
1506707773,22547959,246.21,0.20000000,1
1506707772,22547958,246.60,5.00000000,0
1506707726,22547937,246.96,9.03458049,1
1506707726,22547936,246.10,3.15087500,0
1506707725,22547935,245.90,1.00000000,0
1506707725,22547933,245.78,0.20000000,1
1506707723,22547930,245.78,1.53373727,0
1506707721,22547928,245.78,1.19620197,0
1506707715,22547927,245.78,1.15962255,0
1506707635,22547880,245.51,1.16000000,1
1506707635,22547878,245.51,0.20000000,1
1506707621,22547867,245.80,0.20000000,0
1506707621,22547866,245.79,6.21000000,0
1506707577,22547845,245.89,0.70597422,0
1506707577,22547844,245.89,0.20000000,0
1506707534,22547826,245.87,0.79491625,0
1506707533,22547825,245.40,2.92361539,0
1506707531,22547824,245.40,0.59566130,0
1506707531,22547823,245.40,3.58589411,0
1506707527,22547820,245.40,0.80888346,0
1506707508,22547780,245.40,1.08433616,0
1506707508,22547779,245.40,5.08322556,0
1506707437,22547737,245.40,0.92269764,0
1506707419,22547731,245.29,0.70976242,1
1506707408,22547730,245.49,0.67380896,1
1506707408,22547729,245.50,4.45382571,1
1506707408,22547728,245.50,0.54617429,1
1506707321,22547668,245.50,0.32420000,1
1506707271,22547643,245.50,3.83000000,1
1506707270,22547642,245.51,0.20000000,1
1506707260,22547640,245.50,0.20000000,1
1506707259,22547639,245.50,0.32400000,1
1506707248,22547633,245.50,3.14047448,1
1506707247,22547632,245.50,0.68000000,1
1506707246,22547630,245.51,3.22000000,1
1506707197,22547602,245.50,0.20000000,1
1506707175,22547594,246.00,0.13280487,0
1506707175,22547593,245.99,0.20000000,0
1506707170,22547591,245.49,0.08146970,1
1506707163,22547571,245.49,0.24472134,1
1506707163,22547569,245.49,0.24500000,1
1506707163,22547568,245.64,1.49093280,1
1506707163,22547567,245.74,2.21792367,1
1506707148,22547558,245.74,3.25371092,1
1506707129,22547545,245.74,0.50143009,1
1506707118,22547529,245.74,0.35146531,1
1506707117,22547528,245.75,0.32420000,1
1506707117,22547524,245.80,1.05655887,1
1506707117,22547521,246.05,0.00005168,1
1506707106,22547496,246.05,3.30445032,1
1506707101,22547481,246.06,3.81477700,1
1506707078,22547447,246.05,1.69549800,1
1506707078,22547445,246.20,2.90765100,1
1506707078,22547444,246.27,0.20000000,1
1506707076,22547443,246.20,2.09234900,1
1506707076,22547442,246.26,8.38614900,1
1506707054,22547418,246.25,0.20000000,1
1506707053,22547416,246.24,1.00000000,1
1506707052,22547415,246.45,0.95196716,1
1506707052,22547414,246.63,0.32400000,1
1506707052,22547412,246.88,0.71260284,1
1506707052,22547411,246.88,0.40636183,1
1506706988,22547366,246.96,3.02416585,0
1506706988,22547365,246.96,0.20000000,0
1506706986,22547364,246.95,1.77267244,0
1506706958,22547354,247.00,3.27327935,1
1506706957,22547353,247.01,0.20000000,1
1506706938,22547343,247.52,1.84813348,1
1506706936,22547342,246.73,3.14440500,0
1506706847,22547319,246.47,3.14612000,0
1506706837,22547314,246.31,3.25643140,1
1506706836,22547312,246.35,4.04000000,1
1506706824,22547295,246.78,0.15000000,0
1506706786,22547242,246.86,1.42280275,0
1506706753,22547206,246.90,3.38738735,1
1506706742,22547197,246.90,0.17463100,1
1506706716,22547187,246.84,9.14833100,0
1506706715,22547186,246.82,0.95977288,0
1506706715,22547185,246.81,12.98189597,0
1506706689,22547173,246.10,2.25515228,1
1506706689,22547172,246.10,4.19857781,1
1506706658,22547138,246.50,3.31803983,0
1506706646,22547118,246.40,3.96692723,0
1506706646,22547117,246.40,0.16098700,0
1506706639,22547103,245.85,0.20000000,0
1506706638,22547100,245.80,3.48196017,1
1506706638,22547099,245.82,3.31803983,1
1506706636,22547098,245.85,0.20000000,1
1506706635,22547096,246.39,0.41712472,0
1506706634,22547094,246.38,1.54028498,0
1506706628,22547091,246.38,0.31556613,0
1506706628,22547090,246.19,0.04899900,0
1506706623,22547088,246.20,0.08121754,0
1506706623,22547087,246.19,0.20000000,0
1506706593,22547046,245.80,5.46148096,1
1506706587,22547033,246.00,0.62360308,1
1506706587,22547032,246.00,0.05085369,1
1506706587,22547029,246.00,0.92304874,1
1506706570,22547010,246.20,0.00001726,1
1506706570,22547008,246.20,1.39159217,1
1506706568,22547002,246.20,1.55255886,1
1506706564,22546997,246.20,1.93376762,1
1506706555,22546987,246.20,1.01719000,1
1506706553,22546986,246.24,1.00000000,1
1506706538,22546966,246.38,0.42074500,0
1506706536,22546963,246.50,0.87473310,0
1506706535,22546960,246.50,0.31132640,0
1506706535,22546959,246.49,0.20000000,0
1506706532,22546956,246.50,5.01622718,1
1506706532,22546955,246.50,10.35640782,1
1506706530,22546951,246.50,1.95980266,1
1506706528,22546947,246.50,0.34555992,1
1506706510,22546900,246.60,0.95977978,1
1506706506,22546892,246.60,1.15170722,1
1506706504,22546883,246.60,1.60000000,1
1506706489,22546869,246.60,1.28851300,1
1506706487,22546866,246.61,0.20000000,1
1506706477,22546842,246.88,1.02864069,1
1506706473,22546828,246.88,0.45480000,1
1506706468,22546795,247.03,0.98157103,0
1506706468,22546794,247.00,0.04000000,0
1506706467,22546791,247.00,4.00000000,1
1506706458,22546787,247.06,0.21875000,0
1506706448,22546774,247.10,0.24121826,1
1506706446,22546772,247.11,2.41963196,0
1506706436,22546765,247.10,0.21604600,1
1506706409,22546677,247.14,0.44975300,0
1506706404,22546662,247.22,0.28380100,0
1506706398,22546654,247.22,1.51508900,0
1506706395,22546650,247.22,7.44000000,0
1506706395,22546649,247.44,0.20000000,1
1506706375,22546617,247.53,0.03446046,1
1506706375,22546615,247.54,0.33269333,1
1506706355,22546597,247.65,0.50000000,1
1506706345,22546586,247.70,0.18000000,1
1506706321,22546551,248.16,0.38185042,0
1506706314,22546528,247.79,0.04899900,1
1506706283,22546464,247.79,0.27118484,1
1506706279,22546458,248.00,4.99870967,1
1506706279,22546457,248.02,4.04000000,1
1506706238,22546358,248.00,2.71320000,0
1506706236,22546353,248.00,2.71042238,0
1506706234,22546349,248.00,2.71591300,0
1506706232,22546344,248.01,0.20000000,1
1506706195,22546313,248.70,3.74785468,0
1506706195,22546312,248.70,1.04833132,0
1506706193,22546311,248.69,0.15492959,0
1506706138,22546286,248.31,0.15492459,1
1506706132,22546283,248.70,0.20381400,0
1506706114,22546277,248.69,0.60613100,0
1506706067,22546208,248.70,4.00000000,0
1506705952,22546174,248.90,0.20148668,0
1506705951,22546172,248.78,0.39000000,0
1506705945,22546171,248.80,0.19999500,0
1506705945,22546170,248.79,1.80076600,0
1506705918,22546147,248.94,0.03988912,1
1506705916,22546146,247.92,0.00016682,0
1506705786,22546047,247.92,0.34241864,0
1506705786,22546046,247.91,0.00007765,0
1506705785,22546043,247.91,0.32052235,0
1506705783,22546038,247.92,0.10423463,0
1506705782,22546035,247.92,1.91694762,0
1506705782,22546034,247.92,0.12808104,0
1506705781,22546031,247.92,0.40024455,0
1506705656,22545977,247.78,0.20000000,0
1506705655,22545971,247.80,0.19712642,1
1506705654,22545970,247.80,2.03273458,0
1506705654,22545969,247.80,3.50000000,0
1506705654,22545968,247.80,1.91509281,0
1506705654,22545966,247.80,11.26243000,0
1506705654,22545964,247.80,1.41870700,0
1506705652,22545961,248.05,0.43000000,1
1506705651,22545960,248.18,4.12583500,1
1506705651,22545959,248.39,0.24000000,1
1506705497,22545916,247.87,0.19958000,1
1506705497,22545915,248.30,0.60000000,1
1506705496,22545914,248.31,0.20000000,1
1506705413,22545872,248.11,0.32060000,1
1506705411,22545864,248.08,0.09161000,1
1506705411,22545863,248.11,0.20000000,1
1506705409,22545862,248.07,6.70133809,0
1506705408,22545861,248.08,1.37355361,1
1506705407,22545859,248.08,7.05513343,0
1506705407,22545858,248.06,0.32100000,0
1506705406,22545856,248.08,1.91293131,0
1506705406,22545855,248.08,1.21045000,0
1506705406,22545851,248.08,0.20006874,0
1506705405,22545850,248.08,0.87218400,0
1506705404,22545844,248.08,0.20601504,0
1506705404,22545841,248.08,0.46343000,0
1506705404,22545839,248.07,0.20000000,0
1506705403,22545837,248.08,1.06531800,0
1506705403,22545836,248.08,1.91067147,0
1506705403,22545834,248.08,6.54185650,0
1506705401,22545832,248.30,0.13753523,1
1506705401,22545831,248.37,0.50000000,1
1506705401,22545830,248.40,0.61671481,1
1506705401,22545828,248.40,0.15000000,1
1506705401,22545827,248.44,0.10000000,1
1506705401,22545826,248.50,0.15000000,1
1506705401,22545825,248.51,0.45000000,1
1506705400,22545824,248.64,0.32100000,1
1506705400,22545823,248.80,3.13130500,1
1506705400,22545822,248.80,1.69000000,1
1506705400,22545821,248.81,0.20000000,1
1506705119,22545616,249.00,1.00148594,0
1506705017,22545555,249.15,0.70000000,0
1506705015,22545553,249.14,0.30000000,0
1506705004,22545547,248.67,0.20000000,0
1506705003,22545545,248.60,1.58945405,1
1506705003,22545543,248.66,0.24594031,1
1506705002,22545542,248.67,0.16460564,1
1506704995,22545539,248.67,0.03539436,1
1506704901,22545515,249.13,0.95472425,0
1506704901,22545514,249.13,0.20000802,0
1506704862,22545495,249.15,0.11610000,0
1506704862,22545493,249.14,0.08390000,0
1506704859,22545492,249.14,0.22610000,0
1506704719,22545447,249.20,0.20000000,1
1506704719,22545446,249.19,0.32100000,0
1506704716,22545444,249.19,3.50198676,1
1506704634,22545388,248.80,12.23594580,0
1506704634,22545387,248.80,1.29210000,0
1506704633,22545386,248.80,2.22591000,0
1506704610,22545383,248.51,0.11457684,1
1506704609,22545382,248.60,0.15000000,1
1506704609,22545381,248.64,0.32100000,1
1506704608,22545380,248.70,0.15000000,1
1506704608,22545379,248.80,0.15000000,1
1506704608,22545378,248.83,3.13025900,1
1506704606,22545377,248.90,0.15000000,1
1506704603,22545376,249.00,0.87857540,0
1506704580,22545366,249.00,0.67900000,0
1506704580,22545365,248.99,0.32100000,0
1506704574,22545364,249.00,0.41010800,0
1506704572,22545363,249.00,1.00000000,1
1506704571,22545362,249.00,0.15000000,1
1506704571,22545361,249.04,2.22119371,1
1506704571,22545360,249.07,3.12885000,1
1506704571,22545359,249.10,0.32100000,1
1506704571,22545358,249.10,0.15000000,1
1506704571,22545357,249.20,0.13306581,1
1506704571,22545356,249.20,0.20000000,1
1506704556,22545353,249.61,0.01995112,0
1506704344,22545278,249.63,0.33792661,0
1506704019,22545093,249.76,1.94572983,1
1506704009,22545085,249.47,2.00000000,0
1506704009,22545084,249.46,0.20000000,0
1506703998,22545073,249.20,0.13324511,0
1506703982,22545048,249.20,0.11262050,0
1506703982,22545047,249.19,0.01880004,0
1506703976,22545039,249.19,0.15000000,0
1506703973,22545037,249.20,0.15000000,1
1506703973,22545036,249.30,0.15000000,1
1506703826,22544976,249.81,0.07893811,0
1506703724,22544940,249.56,8.87833017,0
1506703723,22544939,249.56,3.31803983,1
1506703723,22544938,249.64,3.01000000,1
1506703723,22544937,249.64,1.02363000,1
1506703723,22544936,249.65,0.20000000,1
1506703705,22544927,249.84,0.81809158,1
1506703704,22544926,249.84,0.20000000,0
1506703696,22544919,249.64,3.01637000,1
1506703696,22544918,249.65,0.20000000,1
1506703672,22544905,249.90,0.04989996,1
1506703634,22544892,249.99,0.12633118,0
1506703632,22544889,249.88,0.04972882,0
1506703563,22544860,249.44,1.49841466,0
1506703563,22544859,249.53,0.09858534,1
1506703563,22544858,249.61,4.04000000,1
1506703489,22544816,249.99,0.10000000,0
1506703489,22544815,249.99,0.70000000,0
1506703489,22544814,249.98,0.20000000,0
1506703410,22544765,250.00,4.75768774,0
1506703409,22544764,250.03,6.43068900,1
1506703409,22544763,250.03,0.06899172,1
1506703409,22544762,250.11,0.20000000,1
1506703070,22544585,250.05,0.20000000,0
1506703033,22544568,250.05,4.98176152,1
1506703000,22544546,250.04,0.15000000,1
1506702951,22544527,250.05,2.08991113,1
1506702882,22544470,250.65,0.58750000,0
1506702882,22544469,250.65,0.58750000,0
1506702881,22544468,250.78,0.58750000,1
1506702881,22544467,250.78,0.58750000,1
1506702881,22544466,250.78,0.58750000,1
1506702880,22544465,250.81,3.56410000,1
1506702880,22544464,250.81,0.46759182,1
1506702879,22544460,250.74,0.06878518,0
1506702879,22544459,250.73,3.02772300,0
1506702878,22544458,250.73,3.36410000,0
1506702878,22544457,250.73,0.20000000,0
1506702824,22544420,250.75,0.10027118,0
1506702817,22544419,250.48,1.51309554,1
1506702817,22544418,250.49,0.06878518,1
1506702817,22544417,250.49,0.20000000,1
1506702817,22544416,250.49,0.03868700,1
1506702791,22544407,250.48,0.06876424,1
1506702789,22544406,250.24,0.20000000,0
1506702788,22544405,249.53,0.72417676,0
1506702788,22544404,249.53,0.03867700,0
1506702788,22544403,250.02,10.64968200,1
1506702787,22544402,250.13,0.06876424,1
1506702787,22544399,250.15,0.31870000,0
1506702785,22544398,250.24,0.20000000,1
1506702747,22544357,250.95,0.06853824,0
1506702747,22544356,250.95,0.13146176,0
1506702742,22544354,250.95,0.06853824,0
1506702736,22544352,250.27,2.82284700,1
1506702736,22544351,250.58,0.39330000,1
1506702736,22544350,250.59,0.39330000,1
1506702736,22544349,250.59,0.39330000,1
1506702736,22544348,250.60,0.39330000,1
1506702736,22544347,250.61,1.19424604,1
1506702735,22544346,250.61,0.20000000,1
1506702722,22544336,249.94,0.54392495,0
1506702722,22544335,250.17,0.14607505,1
1506702721,22544333,250.18,0.20000000,1
1506702690,22544316,250.97,28.88973800,0
1506702690,22544315,250.95,3.12153400,0
1506702690,22544314,250.95,4.77711626,0
1506702690,22544313,250.92,7.32935374,0
1506702678,22544308,250.95,1.65871004,0
1506702678,22544307,250.94,3.12158300,0
1506702678,22544306,250.93,1.01000000,0
1506702669,22544303,250.17,0.09962038,1
1506702641,22544292,251.54,0.12137191,0
1506702640,22544291,251.43,0.21000000,0
1506702640,22544290,250.62,3.12365900,0
1506702640,22544289,250.61,0.20000000,0
1506702640,22544288,250.60,2.98563009,0
1506702630,22544280,250.61,0.13241000,0
1506702629,22544279,250.64,0.20000000,1
1506702626,22544269,250.62,4.28313255,0
1506702625,22544268,251.59,0.79772645,1
1506702625,22544267,251.57,1.48344069,0
1506702625,22544266,251.57,2.00065305,0
1506702624,22544265,251.56,3.59957922,0
1506702624,22544264,251.47,0.91000000,0
1506702624,22544263,251.45,0.26000000,0
1506702624,22544262,251.01,0.33066492,0
1506702624,22544261,250.85,1.29000000,0
1506702624,22544260,250.81,0.70535137,0
1506702624,22544259,250.74,2.38030364,0
1506702622,22544257,250.62,0.19800000,0
1506702619,22544256,250.61,10.25124091,1
1506702618,22544255,250.61,3.31804009,0
1506702618,22544254,250.59,0.20000000,0
1506702609,22544234,250.62,0.14091546,0
1506702609,22544232,250.61,0.18833100,0
1506702606,22544228,250.37,2.13410000,1
1506702606,22544226,250.37,2.33410000,1
1506702606,22544225,250.38,2.33410000,1
1506702606,22544224,250.39,0.20000000,1
1506702602,22544214,250.56,0.32932530,0
1506702601,22544209,248.75,0.20000000,1
1506702601,22544207,250.56,0.38727834,0
1506702600,22544205,250.10,2.33407106,0
1506702600,22544198,246.51,77.45593746,1
1506702599,22544196,246.52,0.19645200,0
1506702599,22544195,246.52,3.24000000,0
1506702599,22544194,246.82,0.04051536,1
1506702599,22544193,246.88,1.48344069,1
1506702598,22544192,246.88,12.29746210,0
1506702598,22544189,247.96,0.61756930,1
1506702598,22544188,248.72,0.43000000,1
1506702597,22544187,248.72,5.69834399,0
1506702597,22544186,248.72,3.31803983,0
1506702597,22544185,248.73,75.36900000,1
1506702596,22544184,249.00,0.15000000,1
1506702596,22544183,249.10,0.15000000,1
1506702596,22544182,249.20,0.15000000,1
1506702595,22544181,249.30,0.15000000,1
1506702595,22544180,249.40,0.15000000,1
1506702594,22544179,249.50,0.15000000,1
1506702594,22544178,249.55,0.33066492,1
1506702594,22544177,249.55,12.25581000,0
1506702594,22544176,249.56,0.70000000,1
1506702593,22544175,249.60,0.15000000,1
1506702593,22544174,249.70,0.15000000,1
1506702592,22544171,249.80,0.15000000,1
1506702592,22544170,249.86,12.46888000,1
1506702592,22544169,249.87,0.14032300,0
1506702592,22544168,249.90,0.15000000,1
1506702591,22544167,250.00,0.15000000,1
1506702591,22544166,250.10,0.15000000,1
1506702590,22544165,250.20,0.15000000,1
1506702590,22544164,250.30,0.15000000,1
1506702589,22544163,250.32,3.48000000,1
1506702589,22544162,250.40,0.15000000,1
1506702589,22544160,250.43,0.14032200,0
1506702588,22544159,250.50,0.15000000,1
1506702588,22544158,250.60,0.03172386,1
1506702586,22544157,250.80,0.03172386,1
1506702569,22544148,250.81,0.19900000,1
1506702489,22544099,250.88,0.19900000,1
1506702487,22544096,250.87,0.02681668,1
1506702485,22544093,251.31,0.32765443,0
1506702485,22544091,251.50,0.32819295,1
1506702483,22544081,251.84,1.01091963,1
1506702483,22544077,251.80,0.15000000,0
1506702482,22544074,251.75,0.15000000,0
1506702482,22544073,251.75,0.38324248,1
1506702482,22544070,251.70,0.15000000,0
1506702481,22544066,251.65,0.15000000,0
1506702481,22544065,251.65,0.32818748,1
1506702481,22544064,251.65,1.27052000,1
1506702481,22544063,251.65,1.21466555,1
1506702480,22544061,251.63,0.32985868,0
1506702480,22544060,251.60,0.15000000,0
1506702480,22544059,251.60,0.12386115,1
1506702479,22544058,251.57,1.48344069,0
1506702479,22544055,251.55,0.15000000,0
1506702479,22544054,251.55,0.21274054,1
1506702479,22544052,251.55,1.17213900,1
1506702478,22544049,251.51,0.03000000,0
1506702478,22544047,251.50,62.98043614,0
1506702478,22544046,251.50,0.15000000,0
1506702477,22544045,251.50,3.91655611,1
1506702477,22544042,251.50,0.23145081,1
1506702477,22544040,251.49,2.92000000,0
1506702477,22544038,251.49,0.13348435,1
1506702477,22544037,251.49,9.80669000,1
1506702477,22544035,251.49,0.38326196,1
1506702476,22544032,251.48,0.90000000,0
1506702476,22544030,251.48,3.90760243,1
1506702475,22544029,251.46,0.13765519,0
1506702475,22544028,251.46,0.05000000,0
1506702475,22544027,251.46,0.14241447,0
1506702475,22544026,251.45,0.15000000,0
1506702475,22544025,251.45,0.15000000,0
1506702474,22544023,251.41,0.33014218,0
1506702474,22544021,251.40,0.14992503,0
1506702474,22544019,251.35,0.15000000,0
1506702474,22544018,251.35,3.90641200,1
1506702473,22544017,251.30,0.14999996,0
1506702473,22544015,251.25,1.75392218,0
1506702473,22544014,251.25,8.98321100,1
1506702472,22544012,251.22,0.33039338,0
1506702472,22544011,251.00,1.00000000,0
1506702472,22544010,251.00,3.90506992,1
1506702470,22544009,250.75,1.21342242,0
1506702367,22543928,250.76,3.07198098,1
1506702365,22543926,250.76,0.88294361,0
1506702365,22543925,250.75,0.20000000,0
1506702294,22543888,250.15,1.00000000,1
1506702282,22543884,250.28,2.92013300,0
1506702281,22543883,250.28,0.20000000,0
1506702237,22543851,250.25,0.32985868,0
1506702231,22543849,250.25,1.00000000,0
1506702231,22543848,251.22,0.73688400,1
1506702230,22543847,251.20,0.15000000,0
1506702230,22543846,251.10,9.90533941,0
1506702230,22543845,251.10,0.50000000,0
1506702230,22543844,250.95,0.15000000,0
1506702229,22543843,250.90,1.15000000,0
1506702229,22543842,250.80,0.50000000,0
1506702229,22543841,250.80,0.15000000,0
1506702229,22543840,250.54,3.97887000,0
1506702228,22543839,250.43,1.19513066,0
1506702228,22543838,250.40,0.61684066,0
1506702227,22543837,250.39,0.33148784,0
1506702227,22543836,250.25,4.00000000,0
1506702226,22543835,250.19,12.48414800,0
1506702213,22543828,250.17,1.00704000,0
1506702192,22543815,250.25,0.09962038,0
1506702186,22543809,250.31,5.00000000,0
1506702181,22543806,250.31,2.65358954,0
1506702180,22543805,250.30,1.49093280,0
1506702114,22543762,250.29,1.43582630,0
1506702109,22543761,250.29,3.93076032,0
1506702068,22543719,250.30,0.21643638,1
1506702067,22543718,250.10,2.60550572,0
1506702067,22543717,250.04,0.33195264,0
1506702067,22543716,250.04,0.07577235,1
1506702067,22543714,250.00,0.12812000,0
1506702066,22543713,250.00,0.02188000,0
1506702066,22543712,250.00,0.64483083,0
1506702066,22543711,250.00,0.75423750,0
1506702066,22543710,249.99,4.03053188,0
1506702064,22543702,249.90,0.15000000,0
1506702064,22543701,249.90,3.04073270,0
1506702061,22543699,249.41,2.97558704,1
1506702061,22543697,249.79,1.20000000,1
1506702040,22543668,249.81,2.58308315,1
1506702022,22543645,249.82,1.20000000,1
1506702018,22543641,249.82,1.69000000,1
1506702008,22543632,249.90,2.00989325,0
1506701987,22543571,249.90,0.33014218,0
1506701986,22543569,249.80,0.15000000,0
1506701976,22543556,249.79,4.65698065,1
1506701976,22543555,249.79,0.00001116,0
1506701976,22543554,249.79,0.33178349,0
1506701957,22543495,249.75,7.32000000,1
1506701956,22543492,249.70,0.00332132,0
1506701945,22543481,249.70,3.99667868,0
1506701945,22543480,249.70,0.15000000,0
1506701944,22543478,249.69,0.79585846,1
1506701920,22543440,249.68,0.80995675,1
1506701905,22543408,249.60,0.00075000,0
1506701905,22543407,249.60,0.14925000,0
1506701871,22543328,249.59,0.33039338,0
1506701865,22543318,249.59,0.45197314,0
1506701859,22543301,249.56,0.33259112,0
1506701859,22543300,249.56,0.86721640,0
1506701853,22543286,249.56,0.62276461,0
1506701853,22543284,249.56,0.31062504,0
1506701848,22543268,249.56,4.02678454,0
1506701848,22543267,249.50,0.00075000,0
1506701847,22543265,249.50,0.14925000,0
1506701847,22543264,249.40,0.02949515,0
1506701847,22543263,249.40,0.02664461,0
1506701847,22543262,249.40,0.09386024,0
1506701836,22543236,249.30,0.27286356,0
1506701834,22543231,248.95,0.35021863,0
1506701806,22543145,248.70,7.64607877,0
1506701805,22543144,248.69,8.68000000,1
1506701803,22543139,248.70,0.79585846,0
1506701802,22543138,248.70,0.13098345,0
1506701800,22543133,248.70,0.33000000,0
1506701789,22543108,248.70,0.34500684,0
1506701738,22543013,248.70,0.04052517,0
1506701722,22543003,248.70,0.11599960,0
1506701704,22542980,248.70,4.50000000,0
1506701678,22542945,248.70,1.43582630,0
1506701644,22542905,248.70,1.00000000,0
1506701555,22542827,248.70,0.39170229,0
1506701490,22542717,248.68,0.04009168,0
1506701446,22542695,248.70,1.76801912,0
1506701446,22542694,248.65,3.13133900,0
1506701445,22542693,248.64,0.10064188,0
1506701427,22542665,248.63,4.20456099,0
1506701412,22542662,248.62,3.90452709,0
1506701396,22542645,247.84,0.10064188,1
1506701268,22542528,248.42,0.03932855,0
1506701266,22542526,248.00,0.96612412,0
1506701229,22542502,247.70,0.68731006,0
1506701150,22542439,247.70,7.33347424,0
1506701150,22542437,247.68,0.68730976,0
1506701150,22542435,247.68,0.11179593,1
1506701138,22542421,247.69,1.00000000,1
1506701110,22542401,247.68,0.90693792,1
1506701109,22542395,247.68,1.00000000,0
1506700987,22542336,247.70,2.01719000,0
1506700986,22542334,247.50,0.44404041,1
1506700887,22542265,247.87,0.64591200,0
1506700887,22542264,247.87,0.31810700,0
1506700717,22542191,247.65,0.80126000,0
1506700715,22542190,247.64,0.20000000,0
1506700702,22542184,247.30,1.79000000,1
1506700702,22542183,247.30,1.03000000,1
1506700701,22542182,247.30,0.10000000,1
1506700701,22542181,247.40,1.69000000,1
1506700700,22542180,247.30,0.83389253,1
1506700700,22542179,247.31,0.20000000,1
1506700700,22542178,247.32,1.78610747,1
1506700699,22542177,247.66,0.60249374,0
1506700699,22542176,247.66,2.21689575,0
1506700566,22542086,247.66,1.82310425,0
1506700564,22542085,247.65,0.19477665,0
1506700528,22542076,247.16,0.05910115,1
1506700477,22542059,247.26,0.04032193,0
1506700457,22542046,247.33,0.10000335,0
1506700358,22542030,247.40,0.02822000,0
1506700159,22541982,247.71,0.10064188,0
1506700151,22541981,247.17,1.95355364,1
1506700138,22541976,247.18,0.10057692,1
1506700093,22541966,247.60,1.31043829,0
1506700055,22541953,247.87,0.10057692,0
1506700046,22541948,247.09,0.37832680,1
1506700031,22541944,246.99,0.38274400,1
1506700031,22541942,247.00,0.32300000,1
1506700031,22541941,247.01,0.20000000,1
1506700025,22541938,246.99,0.10127453,1
1506700021,22541935,248.01,3.46363600,0
1506700021,22541934,248.00,14.00000000,0
1506700021,22541932,247.63,0.20000000,0
1506700019,22541931,247.64,9.28011607,0
1506700019,22541928,247.64,3.26399193,0
1506700016,22541921,249.30,0.85933463,1
1506700015,22541920,248.37,1.41916517,0
1506700015,22541918,245.42,0.90574393,1
1506700015,22541917,245.64,0.02702125,1
1506700015,22541915,245.90,1.00000000,1
1506700015,22541913,246.00,0.79910569,1
1506700015,22541910,246.30,1.00000000,1
1506700015,22541908,246.39,0.20000000,1
1506700014,22541906,246.40,0.54000000,1
1506700014,22541904,247.20,0.50489056,1
1506700014,22541902,247.69,2.68000000,1
1506700013,22541899,249.39,2.62083483,1
1506700013,22541896,249.37,1.60000000,1
1506700013,22541895,249.30,0.15000000,0
1506700012,22541894,249.30,1.89990000,0
1506700012,22541893,249.23,1.83614248,0
1506700012,22541892,249.20,0.15000000,0
1506700012,22541891,249.20,0.10454073,0
1506700011,22541888,249.10,0.15000000,0
1506700011,22541886,249.10,2.00000000,0
1506700011,22541885,249.09,18.30600000,0
1506700011,22541884,249.09,0.07187517,1
1506700010,22541883,249.09,4.04000000,1
1506700010,22541880,249.00,1.00000000,0
1506700010,22541877,249.00,0.15000000,0
1506700009,22541874,248.99,0.44000000,1
1506700009,22541873,248.95,0.15000000,0
1506700009,22541872,248.95,4.41569370,1
1506700009,22541871,248.90,0.33347892,0
1506700008,22541870,248.85,0.15000000,0
1506700008,22541869,248.42,0.07181678,0
1506700008,22541867,248.40,0.40000000,0
1506700007,22541866,248.38,6.63035800,1
1506700007,22541865,248.37,9.18466643,1
1506700007,22541864,247.66,12.55378300,1
1506700006,22541862,247.57,1.98000000,0
1506700006,22541858,247.53,0.14802513,0
1506700005,22541857,247.39,5.00000000,0
1506700005,22541856,247.20,1.69000000,0
1506700003,22541854,247.19,0.20000000,0
1506699991,22541851,247.15,0.10127453,0
1506699954,22541837,246.75,2.04546000,0
1506699922,22541827,246.62,0.32400000,0
1506699922,22541826,246.61,0.20000000,0
1506699919,22541825,246.60,1.96606114,0
1506699897,22541815,245.81,2.11096326,1
1506699897,22541814,245.81,0.20000000,1
1506699882,22541798,246.74,1.72464311,0
1506699882,22541797,246.74,0.80189413,0
1506699882,22541796,246.73,0.20000000,0
1506699870,22541753,245.91,8.63305700,1
1506699868,22541752,245.91,3.36291919,1
1506699868,22541751,245.92,6.48523881,1
1506699860,22541741,245.92,0.61060000,0
1506699859,22541740,245.92,9.39000000,1
1506699859,22541739,245.93,0.20000000,1
1506699859,22541738,245.94,3.31803983,1
1506699850,22541735,245.42,31.99985428,1
1506699850,22541734,245.67,0.14765983,1
1506699850,22541733,245.71,0.14776788,1
1506699849,22541732,245.71,8.51042580,0
1506699849,22541731,245.76,0.46000000,1
1506699849,22541730,246.30,1.69000000,1
1506699849,22541729,246.50,0.10770791,1
1506699848,22541728,246.99,3.13550500,1
1506699848,22541727,247.00,4.17558704,1
1506699847,22541726,247.01,0.20000000,1
1506699775,22541712,247.22,1.32449621,1
1506699774,22541710,247.22,1.81066579,1
1506699767,22541707,247.25,0.73902933,0
1506699767,22541706,247.25,0.49142568,0
1506699765,22541705,247.25,1.00857432,0
1506699760,22541703,247.25,0.20000000,1
1506699747,22541702,247.32,0.85000000,1
1506699688,22541688,247.71,0.13388747,0
1506699567,22541653,247.55,0.62308496,0
1506699567,22541651,247.53,4.35691004,0
1506699567,22541650,247.53,0.26685591,0
1506699567,22541648,247.53,3.31804009,0
1506699566,22541647,247.52,0.20000000,0
1506699566,22541644,247.50,7.05204212,0
1506699565,22541640,247.51,6.24541488,0
1506699534,22541628,247.00,3.07719512,1
1506699534,22541627,247.01,0.20000000,1
1506699527,22541624,247.00,0.32250000,1
1506699522,22541623,246.84,7.92512100,1
1506699509,22541618,246.00,3.27719512,1
1506699509,22541617,246.00,0.94789500,1
1506699508,22541616,246.00,0.10000000,1
1506699508,22541615,246.32,4.08000000,1
1506699508,22541614,246.74,0.32400000,1
1506699508,22541613,246.76,8.64610900,1
1506699494,22541609,246.63,4.15031090,1
1506699494,22541608,246.65,0.32250000,1
1506699494,22541607,246.67,12.03602310,1
1506699490,22541606,246.64,0.10000000,1
1506699482,22541596,248.05,0.33259112,0
1506699478,22541588,248.28,6.69400872,0
1506699478,22541587,248.27,11.04000000,0
1506699478,22541586,248.00,1.00000100,0
1506699477,22541585,246.00,0.94790028,0
1506699477,22541584,245.99,0.32210000,0
1506699477,22541583,245.99,0.20000000,0
1506699477,22541581,245.98,0.32400000,0
1506699475,22541575,246.00,2.80785728,0
1506699475,22541573,246.00,1.02715157,0
1506699474,22541565,246.00,0.10000000,0
1506699474,22541563,246.00,0.40775415,0
1506699473,22541562,246.00,0.33236164,0
1506699473,22541561,246.00,1.72640374,0
1506699473,22541559,246.00,2.19464494,0
1506699473,22541558,246.00,1.56607399,0
1506699473,22541557,246.00,1.85430522,0
1506699473,22541555,246.00,1.87161405,0
1506699471,22541548,246.00,0.87000000,0
1506699471,22541546,246.00,4.33000000,0
1506699470,22541545,246.00,3.13172800,0
1506699470,22541544,246.00,3.17000000,0
1506699469,22541543,246.00,14.00000000,1
1506699469,22541542,246.15,4.08000000,1
1506699469,22541541,246.21,0.87000000,1
1506699469,22541540,246.21,4.34000000,1
1506699469,22541539,246.56,4.62376621,1
1506699469,22541538,246.64,0.32400000,1
1506699468,22541537,246.87,0.32210000,1
1506699468,22541536,246.89,3.31803983,1
1506699468,22541535,246.95,1.26135715,1
1506699462,22541530,246.95,1.26143900,0
1506699456,22541525,248.39,3.15777273,0
1506699454,22541523,246.81,0.32200000,1
1506699453,22541515,245.94,1.03977731,1
1506699453,22541514,245.94,59.07300000,0
1506699453,22541512,245.94,1.52452000,0
1506699453,22541506,246.14,10.30328300,0
1506699452,22541504,246.64,0.10000000,0
1506699452,22541503,246.64,0.20000000,0
1506699452,22541502,246.64,15.11727500,0
1506699452,22541501,246.64,2.23281400,0
1506699452,22541498,246.64,8.91000000,0
1506699451,22541497,246.81,1.57473100,0
1506699451,22541496,246.81,1.80652800,0
1506699451,22541495,246.81,7.78957000,0
1506699451,22541494,246.81,4.43057073,0
1506699451,22541493,246.80,10.28340327,0
1506699450,22541491,246.81,0.06388552,0
1506699450,22541490,246.64,0.20000000,0
1506699449,22541489,246.96,12.52157300,1
1506699449,22541488,247.37,1.08000000,1
1506699447,22541486,245.93,68.19007343,1
1506699447,22541485,246.00,0.14762415,1
1506699447,22541484,246.01,0.47000000,1
1506699447,22541483,246.11,0.10000000,1
1506699446,22541482,246.12,1.50000000,1
1506699446,22541481,246.13,68.94800000,1
1506699446,22541480,247.36,4.10783800,1
1506699446,22541479,247.44,0.33347892,1
1506699446,22541478,247.45,0.15000000,1
1506699446,22541477,247.47,0.03951300,1
1506699446,22541476,247.48,0.13053703,1
1506699445,22541475,247.50,1.00000000,1
1506699445,22541474,247.50,0.40501010,1
1506699445,22541473,247.55,0.15000000,1
1506699445,22541472,247.57,0.03951900,1
1506699445,22541471,247.65,0.15000000,1
1506699445,22541470,247.75,0.15000000,1
1506699445,22541468,247.80,1.82893462,1
1506699444,22541467,247.81,5.37000000,1
1506699444,22541466,247.85,0.15000000,1
1506699444,22541465,248.12,0.32200000,1
1506699444,22541464,248.40,6.94790000,1
1506699444,22541463,248.40,0.00002133,1
1506699443,22541460,248.40,3.01790967,1
1506699442,22541459,248.40,3.92996900,1
1506699442,22541458,248.41,1.77155100,1
1506699441,22541456,248.41,0.72506700,1
1506699441,22541453,248.41,1.25053824,1
1506699440,22541451,248.41,3.20044376,1
1506699440,22541450,248.41,1.25053824,1
1506699438,22541446,248.41,5.69706176,1
1506699436,22541439,248.42,1.19789431,0
1506699435,22541438,248.42,4.49433647,1
1506699435,22541437,248.60,9.54219629,0
1506699435,22541436,248.44,0.07176163,0
1506699434,22541432,248.42,1.42566353,1
1506699433,22541431,248.42,4.26085507,1
1506699433,22541430,248.42,0.75647054,1
1506699433,22541427,248.42,0.20617439,1
1506699432,22541426,248.42,5.22350000,1
1506699432,22541425,248.42,0.25081261,1
1506699432,22541424,248.42,0.75646195,1
1506699431,22541418,248.42,0.04725520,1
1506699431,22541417,248.43,0.59858280,1
1506699430,22541413,248.43,5.02851520,1
1506699430,22541412,248.43,0.15794710,1
1506699429,22541408,248.43,1.16195490,1
1506699429,22541407,248.43,3.19837682,1
1506699428,22541403,248.43,2.02512318,1
1506699428,22541401,248.43,3.64922982,1
1506699428,22541398,248.43,1.57202240,1
1506699427,22541397,248.43,0.00224778,1
1506699427,22541395,248.43,1.56968478,1
1506699427,22541392,248.43,0.75649500,1
1506699427,22541391,248.43,2.89732022,1
1506699426,22541388,248.43,2.77189778,1
1506699425,22541382,248.43,4.17510222,1
1506699424,22541380,248.43,0.61783306,1
1506699424,22541379,248.44,0.87628272,1
1506699423,22541373,248.44,5.66371728,1
1506699422,22541371,248.44,0.35993348,1
1506699422,22541369,248.44,0.07145452,1
1506699421,22541364,248.44,5.65861200,1
1506699421,22541363,248.44,0.20000000,1
1506699418,22541359,248.44,0.03951300,1
1506699418,22541358,248.44,0.05668955,1
1506699418,22541357,248.44,0.07167637,1
1506699415,22541352,248.44,0.07163408,1
1506699415,22541351,248.43,2.91772009,1
1506699414,22541350,248.43,0.95569392,1
1506699413,22541349,248.70,0.09883608,1
1506699412,22541348,248.70,0.68782200,0
1506699412,22541346,248.43,2.30576305,1
1506699412,22541343,248.43,0.14998988,1
1506699410,22541341,248.30,0.07131782,0
1506699410,22541340,248.20,3.12505200,0
1506699409,22541339,248.19,0.15001004,0
1506699409,22541338,248.18,2.54639038,0
1506699409,22541337,247.90,6.09830576,1
1506699407,22541335,247.91,4.73425161,1
1506699407,22541334,247.91,2.30574839,1
1506699407,22541333,247.95,0.15000000,1
1506699407,22541332,247.99,0.12125096,1
1506699406,22541331,248.00,0.02949517,1
1506699402,22541323,248.00,4.97659353,1
1506699402,22541322,248.00,2.00693548,1
1506699402,22541321,248.05,0.02949515,1
1506699402,22541320,248.05,0.12050485,1
1506699402,22541318,248.15,0.00075000,1
1506699389,22541309,248.15,0.14925000,1
1506699377,22541297,248.25,0.00075000,1
1506699372,22541294,248.25,0.14925000,1
1506699370,22541293,248.26,1.34075000,1
1506699370,22541291,248.26,0.14925000,1
1506699363,22541288,248.30,0.15002842,0
1506699363,22541286,248.30,4.98453483,1
1506699363,22541285,248.30,0.17413587,1
1506699363,22541284,248.30,0.15001004,1
1506699349,22541274,248.35,2.03355625,0
1506699349,22541273,248.35,0.15000000,1
1506699325,22541256,248.45,0.15000000,1
1506699313,22541251,248.50,1.96468039,1
1506699176,22541207,248.50,0.61260500,1
1506699120,22541146,248.50,2.42271461,1
1506699120,22541145,248.51,0.00000006,1
1506699063,22541114,248.51,2.33407100,1
1506698865,22541016,248.70,0.31217800,0
1506698715,22540958,248.55,2.54639038,1
1506698715,22540957,248.55,0.15000000,1
1506698715,22540956,248.56,0.41897980,1
1506698715,22540955,248.65,0.12812000,1
1506698614,22540918,248.75,0.80126000,0
1506698578,22540908,248.93,1.00000000,0
1506698458,22540885,249.00,0.20025700,0
1506698450,22540845,249.01,0.20027308,0
1506698316,22540766,248.79,1.18696165,0
1506698311,22540765,248.65,0.02188000,1
1506698304,22540761,248.66,0.54521305,1
1506698285,22540749,248.80,1.94952222,0
1506698284,22540746,248.80,0.20000000,0
1506698175,22540657,248.75,0.20000000,0
1506698174,22540656,248.75,1.83143718,1
1506698116,22540603,248.70,1.05039000,1
1506698115,22540602,248.70,0.36166300,1
1506698092,22540551,248.75,0.40080651,0
1506698053,22540529,249.20,0.22795878,1
1506698053,22540528,249.11,0.07129472,0
1506698051,22540525,248.70,1.70200650,0
1506698049,22540523,248.70,0.12030559,0
1506697999,22540494,248.70,8.02175312,0
1506697987,22540485,248.70,1.00000000,0
1506697944,22540464,248.70,2.04894570,0
1506697944,22540463,248.69,0.20000000,0
1506697893,22540453,248.30,0.01795409,1
1506697893,22540452,248.31,0.20000000,1
1506697887,22540446,248.69,1.43295878,1
1506697880,22540442,248.70,2.00126000,0
1506697878,22540440,248.69,0.19999066,1
1506697877,22540439,248.69,0.16705056,1
1506697876,22540436,248.69,0.20000000,0
1506697872,22540432,248.29,0.20000000,1
1506697728,22540334,248.51,0.60206833,0
1506697636,22540315,248.71,0.63905335,1
1506697635,22540314,248.71,0.14013595,0
1506697634,22540313,248.71,0.05986405,0
1506697632,22540311,247.93,9.80000000,1
1506697631,22540310,247.99,0.20000000,0
1506697609,22540298,248.79,4.01169614,0
1506697499,22540245,248.21,0.15494944,0
1506697353,22540168,247.72,2.11243283,1
1506697352,22540167,247.72,1.97912627,1
1506697352,22540166,247.87,0.04034373,1
1506697351,22540165,247.88,1.86000000,1
1506697105,22540071,247.95,0.50377526,0
1506697105,22540070,247.96,0.32200000,1
1506697062,22539996,248.61,1.20305719,1
1506697061,22539995,248.61,0.32120000,0
1506697061,22539994,248.61,0.20000000,0
1506697061,22539992,248.60,0.32200000,0
1506697014,22539936,248.01,5.74323431,1
1506697014,22539935,248.02,2.90994897,1
1506697007,22539929,248.00,2.46909267,1
1506697007,22539928,248.00,7.29403177,1
1506697007,22539927,248.00,1.00000000,1
1506697007,22539926,248.02,0.20000000,1
1506697002,22539923,248.85,1.60377737,0
1506697002,22539922,248.85,0.20000000,1
1506697000,22539921,248.07,0.32200000,1
1506697000,22539920,248.10,3.66944780,1
1506697000,22539919,248.11,7.88246539,1
1506696977,22539909,248.10,0.47878884,1
1506696976,22539908,248.21,0.32120000,0
1506696976,22539906,248.38,0.00001116,1
1506696974,22539905,248.39,0.20000000,1
1506696946,22539878,248.91,0.80106245,0
1506696934,22539848,248.90,0.20000000,0
1506696794,22539765,248.97,0.20432181,0
1506696772,22539744,248.80,1.49943730,0
1506696655,22539716,248.39,0.19999066,1
1506696652,22539713,248.38,0.33178349,1
1506696652,22539712,248.52,0.00000647,1
1506696652,22539709,248.52,4.07999353,1
1506696651,22539705,248.53,0.00100000,1
1506696649,22539702,248.53,0.19900000,1
1506696608,22539641,249.18,0.85689060,1
1506696607,22539639,249.10,0.20000000,0
1506696598,22539628,249.02,2.33998290,1
1506696596,22539627,249.07,1.74000000,0
1506696595,22539622,249.01,1.18104352,0
1506696595,22539621,249.01,1.15895648,0
1506696594,22539619,249.01,0.98000000,1
1506696594,22539618,249.01,0.20000000,1
1506696594,22539617,249.01,0.42539881,1
1506696594,22539613,249.01,2.33900783,1
1506696592,22539610,249.01,0.98559336,0
1506696592,22539609,249.00,0.20000000,0
1506696591,22539608,248.51,3.94086065,1
1506696591,22539607,248.52,0.20000000,1
1506696572,22539596,248.52,0.20000000,1
1506696506,22539562,248.83,0.39082673,0
1506696429,22539520,248.83,0.40204155,0
1506696428,22539516,248.69,0.20000000,1
1506696427,22539515,248.69,0.20000000,0
1506696387,22539502,248.49,0.20000000,1
1506696284,22539407,248.69,0.79047734,1
1506696283,22539405,248.69,1.31968700,1
1506696262,22539397,248.69,0.74623829,1
1506696262,22539396,248.69,0.20000000,1
1506696225,22539365,248.42,0.06989775,1
1506696225,22539364,248.42,0.20000000,1
1506696143,22539325,249.02,0.80059666,1
1506696142,22539324,249.02,0.32100000,0
1506696053,22539294,248.48,0.56668742,1
1506696040,22539277,248.41,0.32100000,1
1506696040,22539276,249.00,0.00004016,1
1506696033,22539267,249.00,0.89995984,1
1506696008,22539251,249.00,0.10000000,1
1506696007,22539250,249.20,0.04000803,0
1506695903,22539195,249.23,0.14460538,0
1506695901,22539194,249.20,0.05549934,0
1506695872,22539179,248.54,4.24277789,1
1506695872,22539178,249.00,0.00003718,1
1506695868,22539176,249.00,4.23493976,1
1506695855,22539160,249.00,1.23490458,1
1506695855,22539158,249.00,1.29318850,1
1506695855,22539157,249.00,22.01110000,1
1506695854,22539155,249.00,7.16793600,1
1506695854,22539152,249.00,8.71881099,1
1506695853,22539151,249.00,1.00440000,1
1506695852,22539147,249.00,7.16793600,1
1506695851,22539144,249.00,7.16674699,1
1506695834,22539137,249.23,0.00001716,0
1506695834,22539135,249.23,0.30124284,1
1506695832,22539133,249.22,0.20000000,0
1506695785,22539106,248.53,0.82673800,1
1506695780,22539093,248.51,1.32177000,1
1506695780,22539092,248.70,0.20000000,1
1506695761,22539070,249.20,0.00003146,1
1506695760,22539066,249.20,1.49996854,1
1506695736,22539062,249.22,0.14445069,0
1506695716,22539060,249.00,0.19918587,1
1506695705,22539058,249.01,0.19995003,1
1506695705,22539057,249.20,0.00002620,1
1506695704,22539053,249.20,4.99997380,1
1506695683,22539045,249.23,0.02000000,0
1506695683,22539044,249.20,0.20000000,0
1506695671,22539038,249.68,1.12872476,0
1506695671,22539037,249.59,0.47000000,0
1506695670,22539036,249.58,0.20000000,1
1506695670,22539035,249.23,0.20000000,1
1506695667,22539031,249.00,0.95896000,1
1506695667,22539030,249.01,0.20000000,1
1506695663,22539027,249.25,0.33340020,1
1506695663,22539024,249.25,0.20000000,0
1506695654,22539015,249.00,0.55958500,1
1506695654,22539014,249.00,5.70194400,1
1506695654,22539013,249.00,0.65947500,1
1506695652,22539010,249.00,18.17040000,1
1506695652,22539009,249.01,0.20000000,1
1506695636,22538973,249.00,1.50764000,1
1506695629,22538970,248.51,0.20000000,1
1506695613,22538960,248.55,0.19727400,1
1506695603,22538956,248.56,0.42639500,1
1506695603,22538954,248.56,0.42639500,1
1506695603,22538953,248.56,0.42631100,1
1506695587,22538944,248.50,0.52897000,1
1506695569,22538924,249.58,28.48876188,1
1506695569,22538923,249.58,2.02458053,1
1506695568,22538922,249.51,0.03000000,0
1506695568,22538921,249.37,0.33284469,0
1506695568,22538920,249.12,0.90000000,1
1506695566,22538919,249.12,0.20000000,0
1506695480,22538873,249.35,2.23597353,0
1506695480,22538872,248.75,0.11437524,0
1506695478,22538865,248.74,0.09874000,0
1506695477,22538862,248.07,0.26946623,1
1506695474,22538860,248.74,0.10126000,0
1506695465,22538848,248.75,0.08613971,1
1506695463,22538846,248.75,0.02829274,1
1506695463,22538845,248.76,0.08613971,1
1506695463,22538841,248.76,0.11386029,1
1506695459,22538834,248.75,0.87361000,1
1506695459,22538833,248.76,0.20000000,1
1506695457,22538828,248.75,0.44604800,1
1506695456,22538825,249.05,0.33148784,1
1506695455,22538823,249.17,0.01970542,1
1506695455,22538819,249.05,1.49842494,0
1506695455,22538816,248.92,0.22277114,0
1506695455,22538815,248.92,2.80303331,1
1506695454,22538811,248.90,0.11059300,0
1506695454,22538810,248.90,0.11064830,0
1506695452,22538805,248.88,0.20000000,0
1506695377,22538670,248.50,0.68600100,1
1506695376,22538668,248.50,1.84051000,1
1506695376,22538667,248.51,0.20000000,1
1506695365,22538663,248.66,1.96831206,0
1506695365,22538662,248.66,0.46971576,0
1506695344,22538644,248.66,0.68109064,0
1506695342,22538642,248.65,0.32190000,0
1506695293,22538606,248.59,3.25371092,1
1506695280,22538601,248.66,0.00321724,0
1506695279,22538599,248.60,1.00000000,0
1506695199,22538546,248.66,0.30636105,1
1506695199,22538545,248.66,2.40062841,1
1506695199,22538544,248.60,1.00000000,0
1506695197,22538543,248.45,0.25000000,0
1506695146,22538499,248.49,4.01022174,0
1506695076,22538454,247.87,4.08000000,1
1506694977,22538409,248.70,1.15440289,1
1506694976,22538407,248.66,0.45000000,0
1506694943,22538375,248.22,0.20186125,1
1506694942,22538374,248.22,0.20000000,0
1506694940,22538372,247.50,7.61851340,1
1506694939,22538371,247.60,0.32190000,1
1506694939,22538370,247.61,0.26969100,0
1506694939,22538369,247.61,1.26426803,0
1506694938,22538368,247.78,0.32562757,1
1506694938,22538366,247.83,0.20000000,0
1506694935,22538364,248.48,0.00000266,1
1506694935,22538363,248.48,0.39361000,1
1506694933,22538359,248.48,0.00000006,0
1506694932,22538358,248.48,38.60680300,0
1506694932,22538357,248.47,3.45000000,0
1506694931,22538356,248.29,0.47000000,0
1506694931,22538355,248.00,3.12479000,0
1506694921,22538344,248.00,0.33284469,0
1506694919,22538337,248.92,0.11063795,0
1506694919,22538336,248.90,4.60632523,0
1506694919,22538335,248.90,2.76133100,1
1506694918,22538334,248.79,75.29100000,0
1506694918,22538333,248.65,0.15000000,0
1506694917,22538332,248.60,3.91286625,0
1506694917,22538331,248.51,0.03000000,0
1506694917,22538330,248.48,0.44000000,0
1506694916,22538329,248.45,0.15000000,0
1506694916,22538328,248.25,2.00000000,0
1506694916,22538327,248.25,0.00005061,0
1506694916,22538326,248.25,0.14994939,0
1506694915,22538325,248.15,0.00010958,0
1506694915,22538323,248.15,0.33437323,0
1506694915,22538322,248.07,0.33458548,0
1506694914,22538321,248.05,0.15000000,0
1506694914,22538320,248.00,3.55871886,0
1506694914,22538319,247.94,0.08036043,0
1506694913,22538318,247.93,4.08000000,1
1506694912,22538317,247.93,4.95962400,0
1506694907,22538316,247.93,2.44330000,1
1506694906,22538315,247.94,2.44320000,1
1506694906,22538314,247.94,2.44320000,1
1506694906,22538313,247.94,2.44320000,1
1506694906,22538312,247.94,2.44320000,1
1506694905,22538311,247.94,2.44320000,1
1506694905,22538310,247.94,0.81902264,1
1506694904,22538309,247.94,0.33480989,1
1506694902,22538308,247.94,1.28936747,1
1506694902,22538307,247.94,2.44320000,1
1506694902,22538306,247.94,2.44320000,1
1506694902,22538305,247.94,1.41044300,1
1506694901,22538304,247.95,0.00000953,1
1506694897,22538301,247.95,2.35821735,1
1506694894,22538294,247.95,0.08487312,1
1506694893,22538292,247.95,1.05979472,1
1506694892,22538290,247.95,0.02187048,1
1506694892,22538289,247.95,1.36143480,1
1506694892,22538286,247.95,2.05493883,1
1506694891,22538283,247.95,0.38816117,1
1506694891,22538281,247.95,0.24930000,1
1506694865,22538258,247.95,2.19380000,1
1506694865,22538257,247.95,0.80620000,1
1506694853,22538248,247.95,1.63690000,1
1506694853,22538247,247.95,2.44310000,1
1506694850,22538245,247.92,0.34996000,0
1506694850,22538244,247.78,0.68279700,0
1506694849,22538243,247.91,2.44350000,1
1506694849,22538242,247.92,2.44330000,0
1506694848,22538241,247.92,1.28674000,0
1506694848,22538239,247.92,1.00656000,0
1506694848,22538238,247.85,0.15000000,0
1506694838,22538233,247.78,1.40770525,1
1506694836,22538229,247.78,8.59229475,0
1506694835,22538226,247.78,3.91286625,0
1506694827,22538220,247.77,3.60000000,1
1506694818,22538216,247.78,4.10000000,0
1506694810,22538211,247.78,5.94000000,0
1506694785,22538202,247.72,11.50707900,0
1506694785,22538201,247.71,0.65051655,0
1506694782,22538200,247.72,1.00000000,0
1506694780,22538199,247.50,0.43709494,1
1506694780,22538198,247.70,1.00000000,1
1506694754,22538168,247.83,2.01947000,0
1506694753,22538166,247.67,2.43030400,0
1506694753,22538165,247.67,0.26969600,0
1506694649,22538078,247.59,0.02104285,0
1506694624,22538064,247.65,4.10010094,1
1506694623,22538063,247.65,0.20000000,1
1506694623,22538062,247.01,0.32400000,1
1506694621,22538060,246.78,3.73643000,0
1506694614,22538056,246.78,5.28000000,0
1506694613,22538055,246.81,0.32400000,1
1506694613,22538054,246.82,0.20000000,1
1506694608,22538047,247.67,5.75822668,1
1506694608,22538044,247.79,9.52504136,1
1506694607,22538043,247.67,0.62302687,0
1506694607,22538042,247.65,0.15000000,0
1506694607,22538041,247.20,3.92203321,0
1506694606,22538040,247.13,0.32300000,0
1506694606,22538039,247.12,0.20000000,1
1506694605,22538037,247.11,0.20000000,0
1506694604,22538036,247.10,0.07000000,0
1506694578,22538010,246.84,0.85340090,1
1506694578,22538009,246.85,0.82375689,1
1506694577,22538008,246.87,0.32300000,1
1506694577,22538006,246.90,3.92203321,1
1506694577,22538005,246.91,3.12803700,1
1506694577,22538004,246.91,0.20000000,1
1506694558,22537988,247.05,0.15026835,1
1506694558,22537987,247.06,0.20000000,1
1506694555,22537980,247.45,0.15000000,1
1506694553,22537975,247.49,4.82248578,0
1506694553,22537973,247.45,0.15000000,0
1506694553,22537971,247.25,0.15000000,0
1506694553,22537970,247.15,0.33583576,0
1506694552,22537966,247.05,0.15000000,0
1506694530,22537949,246.85,2.17624311,0
1506694528,22537947,246.84,2.03384301,1
1506694477,22537866,246.83,0.64489729,0
1506694474,22537864,246.82,2.02913440,0
1506694471,22537858,246.83,6.23971964,0
1506694385,22537798,246.85,0.00010177,1
1506694385,22537797,246.85,2.41794614,1
1506694383,22537791,246.52,0.83851209,0
1506694299,22537731,246.86,1.32569067,0
1506694299,22537730,246.81,1.46517065,0
1506694298,22537727,246.80,0.32344948,0
1506694298,22537726,246.20,3.04317616,0
1506694298,22537724,246.20,0.89000000,0
1506694296,22537721,246.19,2.87186378,0
1506694143,22537636,246.19,0.44617631,0
1506694143,22537635,246.19,0.55382369,0
1506694137,22537632,246.02,1.00166743,0
1506694124,22537624,246.02,1.00000000,1
1506694085,22537598,246.01,0.95682384,1
1506694083,22537596,246.02,3.04317616,1
1506694075,22537593,246.02,0.89000000,1
1506694026,22537563,246.22,4.67650000,0
1506694026,22537562,246.21,0.32350000,0
1506693867,22537487,246.52,0.10996762,1
1506693866,22537485,246.52,0.21357294,1
1506693864,22537474,246.52,1.67645944,1
1506693863,22537471,246.53,0.32350000,1
1506693739,22537384,246.80,1.04422859,1
1506693737,22537383,247.00,1.80000000,0
1506693737,22537382,247.00,0.29418936,0
1506693737,22537381,247.00,0.00126000,0
1506693735,22537379,246.99,1.00000000,0
1506693720,22537372,246.80,1.69000000,1
1506693719,22537371,246.81,1.69513200,0
1506693716,22537370,246.80,3.09316200,1
1506693711,22537366,247.00,3.62214574,0
1506693709,22537364,246.99,0.39329763,0
1506693656,22537342,246.76,12.02361230,0
1506693651,22537338,246.76,7.98212838,0
1506693650,22537337,246.73,0.10269438,0
1506693629,22537327,246.73,0.19041057,0
1506693627,22537325,246.72,0.09257458,0
1506693601,22537313,246.72,1.90742542,0
1506693599,22537312,246.50,6.29860345,0
1506693599,22537311,246.15,0.70164759,0
1506693599,22537310,246.15,0.29632407,1
1506693592,22537303,246.50,0.98085192,0
1506693588,22537301,246.50,1.42993914,0
1506693574,22537295,246.50,0.99797160,0
1506693549,22537286,246.50,1.42993914,0
1506693545,22537281,246.50,2.02710154,0
1506693544,22537278,246.50,1.42908722,0
1506693543,22537276,246.50,0.80904800,0
1506693542,22537271,246.50,11.95095334,0
1506693538,22537265,246.50,0.14600405,0
1506693536,22537261,246.50,0.10181294,0
1506693535,22537259,246.50,0.10183236,0
1506693533,22537253,246.50,0.37483315,0
1506693493,22537196,246.72,0.54975166,0
1506693491,22537195,246.72,0.54949000,0
1506693441,22537160,246.72,0.60000000,0
1506693431,22537155,246.73,0.34555992,0
1506693405,22537131,246.72,0.15908769,0
1506693385,22537110,246.73,1.23178913,0
1506693385,22537109,246.72,0.20000000,0
1506693382,22537092,246.72,3.12956500,1
1506693381,22537089,246.73,3.12954600,1
1506693359,22537080,246.76,0.20000000,1
1506693342,22537071,246.99,0.79047734,0
1506693340,22537069,246.99,0.11563221,0
1506693338,22537068,246.82,0.08229532,0
1506693327,22537057,246.75,0.71476532,1
1506693273,22537013,246.82,0.00010958,1
1506693272,22537012,246.83,3.91759510,1
1506693203,22536954,246.88,0.18402603,0
1506693203,22536953,246.88,0.03818719,0
1506693196,22536945,246.88,1.43709494,0
1506693191,22536936,246.83,2.23841874,0
1506693191,22536935,246.83,1.25508790,0
1506693190,22536934,246.83,1.06906679,0
1506693183,22536927,246.82,0.33437323,1
1506693179,22536923,246.15,0.29618769,0
1506693154,22536905,246.15,0.04088317,0
1506693146,22536894,246.14,0.40315699,0
1506693145,22536893,246.13,0.40914495,0
1506693145,22536891,246.00,2.31322834,0
1506693143,22536888,246.00,0.84447154,0
1506693141,22536882,246.00,2.25041617,0
1506693140,22536881,245.71,4.90023383,0
1506693139,22536879,245.71,0.32513939,0
1506693138,22536875,245.71,0.19954488,0
1506693135,22536870,245.71,0.07508190,0
1506693135,22536868,245.70,0.32493144,0
1506693116,22536847,246.00,1.50609756,0
1506693108,22536835,245.98,6.64217838,0
1506693099,22536831,246.00,6.16674019,0
1506693099,22536830,246.00,1.99808755,0
1506693097,22536828,245.75,0.43538212,0
1506693097,22536827,245.75,2.02493277,0
1506693096,22536824,245.75,0.03968511,0
1506693094,22536822,245.71,0.00339570,0
1506693093,22536821,245.71,0.67574447,0
1506693089,22536815,245.71,1.32085983,0
1506693087,22536812,245.67,1.31804009,0
1506693087,22536809,245.70,2.00000000,1
1506693087,22536808,245.70,4.17289378,0
1506693087,22536807,245.70,2.00000000,0
1506693086,22536804,245.69,0.14760213,1
1506693085,22536796,245.70,3.82710622,0
1506693085,22536793,245.67,0.20000000,0
1506693083,22536785,245.69,2.18900734,0
1506693081,22536779,245.69,0.80099266,1
1506693079,22536777,245.69,0.54900000,1
1506693076,22536772,245.69,4.37000000,0
1506693076,22536771,245.29,0.32470000,0
1506693076,22536770,245.27,0.20000000,0
1506693075,22536769,245.28,3.93329671,0
1506693075,22536768,245.28,5.41670329,0
1506693070,22536763,245.29,0.37384154,0
1506693068,22536757,244.67,0.84024490,1
1506693067,22536749,245.00,0.15975510,1
1506693063,22536743,244.67,0.97217220,1
1506693032,22536728,245.51,1.77923408,0
1506693021,22536717,244.50,1.78665669,0
1506693020,22536716,244.50,7.77434031,1
1506693020,22536715,244.60,5.00000000,1
1506693008,22536704,245.72,0.13595971,0
1506693003,22536703,244.50,18.31679790,1
1506693003,22536702,244.51,11.12000000,0
1506693002,22536701,244.52,4.08000000,1
1506693002,22536700,244.52,0.32470000,1
1506693002,22536699,244.55,4.78246394,1
1506693002,22536698,244.55,2.03089365,0
1506693001,22536697,244.55,2.02686228,0
1506693001,22536695,245.73,0.11828223,1
1506693000,22536694,245.73,3.00000000,1
1506692999,22536693,245.74,0.20000000,1
1506692996,22536690,245.71,4.78246394,0
1506692995,22536689,245.72,0.20000000,0
1506692990,22536684,244.41,2.38000000,1
1506692990,22536683,244.50,4.08000000,1
1506692988,22536680,244.52,0.04000000,1
1506692986,22536678,244.50,4.08000000,1
1506692985,22536671,244.40,0.54054522,0
1506692984,22536667,243.41,31.15431377,1
1506692984,22536661,243.58,0.45000000,1
1506692984,22536660,243.58,5.20819000,0
1506692983,22536659,244.01,0.20000000,1
1506692983,22536658,244.01,0.40907129,0
1506692983,22536656,244.01,4.08000000,0
1506692981,22536653,244.41,1.49842494,1
1506692979,22536652,244.50,7.18259137,1
1506692979,22536651,244.50,6.38825152,1
1506692979,22536650,244.50,29.42915711,1
1506692977,22536649,244.49,28.53784289,0
1506692977,22536648,244.49,12.53677800,0
1506692976,22536647,244.49,0.20000000,0
1506692976,22536646,244.49,1.72537911,1
1506692974,22536645,244.46,26.20444090,0
1506692974,22536644,244.47,11.13000000,0
1506692974,22536643,244.64,0.55833708,1
1506692973,22536642,244.65,0.40874719,1
1506692973,22536641,245.31,3.31803983,0
1506692972,22536639,245.86,1.18043500,1
1506692972,22536638,245.86,1.95000000,1
1506692970,22536636,245.87,0.20000000,1
1506692891,22536608,246.00,0.72972972,1
1506692871,22536589,245.82,1.36063962,0
1506692871,22536588,245.82,0.44968133,0
1506692871,22536587,245.81,0.69331167,0
1506692871,22536586,245.65,0.67450700,0
1506692870,22536585,245.64,1.36780000,0
1506692866,22536579,246.13,1.57596704,1
1506692865,22536575,246.13,0.40746338,1
1506692865,22536574,246.14,0.90950836,0
1506692865,22536573,246.14,0.55672129,0
1506692864,22536572,246.14,0.10065034,0
1506692863,22536567,246.13,0.62746300,1
1506692863,22536566,246.13,0.55523240,1
1506692862,22536565,246.14,0.09827740,1
1506692862,22536564,246.14,0.10104005,1
1506692862,22536563,246.13,1.87375249,1
1506692861,22536562,246.13,0.85633069,1
1506692861,22536561,246.13,0.96241235,1
1506692859,22536560,246.13,0.20000000,0
1506692859,22536559,245.81,0.19227826,0
1506692851,22536544,244.64,5.34140778,1
1506692851,22536540,244.62,0.20000000,0
1506692850,22536535,244.63,0.62316868,0
1506692849,22536526,243.40,1.41799077,1
1506692849,22536524,243.40,2.00559000,0
1506692848,22536523,243.42,0.67500000,1
1506692848,22536519,243.51,0.03000000,1
1506692847,22536517,244.01,5.00000000,1
1506692847,22536516,244.01,0.41682999,0
1506692847,22536515,244.12,2.50000000,1
1506692847,22536511,244.51,0.03000000,1
1506692846,22536510,244.51,0.33707086,0
1506692846,22536509,244.65,0.50000000,1
1506692845,22536507,244.82,0.45000000,1
1506692845,22536506,244.82,3.12954700,0
1506692845,22536505,244.92,0.08606892,1
1506692845,22536504,244.92,5.00000000,1
1506692845,22536503,244.93,0.03950200,1
1506692844,22536501,245.00,25.00000000,1
1506692844,22536500,245.00,5.00000000,1
1506692844,22536497,245.05,4.60632523,1
1506692843,22536493,245.07,10.00000000,1
1506692843,22536492,245.16,0.62385819,1
1506692843,22536491,245.19,1.00000000,1
1506692842,22536490,245.55,5.00000000,1
1506692842,22536489,245.56,0.51311472,1
1506692842,22536488,245.64,1.49093280,1
1506692841,22536487,245.71,0.33583576,1
1506692841,22536486,245.75,0.15000000,1
1506692840,22536485,245.80,10.00000000,1
1506692840,22536484,245.81,5.00000000,1
1506692840,22536483,245.85,9.83018100,1
1506692839,22536482,245.95,0.15000000,1
1506692839,22536481,246.00,4.10500000,1
1506692839,22536480,246.00,5.17562956,1
1506692838,22536479,246.06,9.50306900,1
1506692837,22536478,246.07,0.02867500,0
1506692836,22536476,246.15,0.20000000,1
1506692832,22536471,246.14,0.07185700,1
1506692831,22536470,246.15,0.02814300,1
1506692831,22536469,246.15,0.15000000,1
1506692829,22536468,246.35,0.15000000,1
1506692811,22536409,246.50,1.01631900,1
1506692803,22536375,246.50,3.19218800,1
1506692800,22536369,246.50,0.79149300,1
1506692800,22536368,246.51,0.02850700,1
1506692799,22536366,246.51,0.03000000,1
1506692799,22536365,246.55,0.15000000,1
1506692798,22536360,246.63,0.33458548,1
1506692797,22536358,246.66,0.09084082,1
1506692794,22536354,246.66,2.61227281,1
1506692792,22536350,246.66,7.29688637,1
1506692789,22536343,246.75,0.15000000,1
1506692773,22536336,246.80,3.74491206,1
1506692772,22536335,246.80,1.25508794,1
1506692772,22536332,246.88,0.00741720,1
1506692771,22536329,246.88,1.47602349,1
1506692769,22536327,246.95,0.00005061,1
1506692767,22536323,246.95,0.14994939,1
1506692757,22536305,247.10,11.08000000,0
1506692756,22536299,247.10,2.86883921,1
1506692752,22536288,247.10,1.63344100,1
1506692746,22536283,247.10,10.75625200,1
1506692746,22536282,247.10,3.14329700,1
1506692745,22536281,247.10,11.08000000,0
1506692742,22536278,247.00,0.04000000,0
1506692741,22536276,247.00,4.46227977,1
1506692737,22536272,247.00,0.54784168,1
1506692737,22536271,247.00,0.06641130,1
1506692736,22536270,247.00,0.24919354,1
1506692736,22536269,247.00,0.38439516,1
1506692736,22536268,247.00,0.10000000,1
1506692736,22536267,247.00,0.15215832,1
1506692726,22536259,247.00,0.04784168,1
1506692715,22536250,247.15,0.15000000,1
1506692711,22536244,247.17,2.00000000,0
1506692710,22536241,247.16,0.04032813,1
1506692696,22536222,247.20,0.00000032,1
1506692678,22536214,247.20,4.99999968,1
1506692678,22536213,247.21,0.07395732,1
1506692643,22536193,247.34,0.74000000,0
1506692643,22536192,247.35,0.15000000,1
1506692604,22536152,247.50,5.00000000,1
1506692604,22536150,247.50,5.30026958,1
1506692601,22536144,247.50,2.50898300,1
1506692593,22536125,247.50,12.48008400,1
1506692586,22536119,247.50,10.30027000,1
1506692583,22536118,247.50,12.48011200,1
1506692414,22535999,247.50,1.11364449,1
1506692414,22535998,247.51,1.56015735,1
1506692413,22535997,247.99,0.30573816,1
1506692409,22535996,247.56,0.81435682,0
1506692409,22535995,247.51,0.69517985,0
1506692409,22535993,247.50,2.74379794,1
1506692409,22535992,247.50,0.95204051,1
1506692406,22535987,247.50,1.73436519,1
1506692404,22535978,247.50,0.38643329,1
1506692404,22535976,247.51,0.69552745,1
1506692401,22535967,247.56,0.20000000,0
1506692401,22535966,247.56,0.14216662,1
1506692396,22535956,247.57,0.65013329,0
1506692394,22535954,247.57,3.30069940,0
1506692390,22535951,247.57,0.33340909,1
1506692386,22535938,247.58,1.35216899,0
1506692360,22535921,247.61,4.03053188,0
1506692359,22535918,247.61,1.86301037,1
1506692343,22535912,247.86,0.21961369,0
1506692343,22535910,247.62,0.20000000,0
1506692340,22535909,247.61,0.59753026,1
1506692340,22535908,247.61,0.20000000,1
1506692338,22535906,247.62,0.20000000,1
1506692290,22535893,247.93,0.74302433,0
1506692290,22535892,247.93,1.08557567,0
1506692288,22535889,247.93,2.23246442,0
1506692288,22535888,247.90,0.06034558,0
1506692286,22535887,247.90,0.14661881,0
1506692285,22535886,247.90,0.19592400,0
1506692283,22535884,247.90,1.59711061,0
1506692283,22535883,247.89,0.12002939,0
1506692216,22535795,247.94,0.18214444,0
1506692200,22535766,247.95,0.19918682,0
1506692200,22535765,247.61,5.42547546,0
1506692188,22535759,247.61,1.00000000,0
1506692181,22535758,247.61,1.00000000,0
1506692172,22535756,247.61,31.06926925,0
1506692171,22535755,247.61,1.00000000,0
1506692166,22535751,247.61,0.61804918,1
1506692166,22535750,247.62,3.11899400,1
1506692143,22535742,247.77,1.07688336,1
1506692143,22535741,247.80,10.00000000,1
1506692068,22535652,247.95,0.08422046,0
1506692068,22535651,247.95,0.11277445,0
1506691956,22535609,247.96,1.30037563,1
1506691938,22535590,247.99,0.41961369,0
1506691937,22535586,247.99,3.66669254,0
1506691935,22535576,247.99,0.71860351,0
1506691935,22535574,247.99,0.92911004,0
1506691934,22535570,247.99,4.92386789,0
1506691933,22535562,247.99,3.86577158,0
1506691932,22535554,247.99,0.41896850,0
1506691932,22535549,247.99,0.45135466,0
1506691931,22535545,247.99,1.49682270,0
1506691931,22535542,247.99,1.22887908,0
1506691930,22535536,247.99,2.00631047,0
1506691926,22535526,247.99,6.47000000,0
1506691926,22535525,247.99,3.53000000,0
1506691867,22535490,247.99,0.41941900,0
1506691865,22535489,248.00,0.42183883,0
1506691865,22535487,247.99,0.31792046,0
1506691864,22535485,248.40,0.00207954,1
1506691863,22535483,248.00,2.97609046,0
1506691861,22535481,248.00,0.27681917,1
1506691841,22535467,248.00,0.00138318,0
1506691840,22535463,248.00,0.27525304,0
1506691837,22535456,248.00,0.06706952,1
1506691835,22535454,248.82,1.00221043,0
1506691831,22535450,248.86,0.74440870,0
1506691831,22535449,248.00,0.06641130,0
1506691831,22535447,248.00,0.24919354,0
1506691829,22535442,248.00,0.38439516,0
1506691826,22535439,248.00,0.10000000,0
1506691824,22535437,248.20,0.20000000,1
1506691823,22535436,248.92,2.81177888,0
1506691823,22535435,248.91,0.10000000,0
1506691821,22535434,248.91,0.10000000,0
1506691817,22535427,247.70,2.43690183,1
1506691817,22535426,247.70,1.68281600,0
1506691817,22535425,247.90,5.40637274,1
1506691816,22535424,247.92,1.70000000,1
1506691816,22535421,247.97,6.38825152,1
1506691815,22535420,247.99,0.10000000,0
1506691815,22535419,247.99,6.28565791,1
1506691811,22535392,248.92,0.10000000,0
1506691805,22535341,248.95,0.10000000,0
1506691768,22535300,249.24,2.00108329,0
1506691758,22535299,247.93,1.56958453,1
1506691758,22535298,248.09,3.31803983,1
1506691758,22535297,248.20,2.00000000,1
1506691758,22535296,248.58,0.33195264,1
1506691757,22535295,248.72,0.10000000,1
1506691757,22535294,248.85,3.11442300,1
1506691757,22535293,248.86,0.20000000,1
1506691721,22535273,249.41,1.88000000,1
1506691721,22535272,249.41,2.00000000,1
1506691720,22535270,249.42,3.61518006,1
1506691719,22535266,249.42,0.46481994,1
1506691719,22535265,249.42,1.53530306,1
1506691719,22535264,249.42,2.54469694,1
1506691719,22535263,249.42,0.14122036,1
1506691719,22535262,249.50,3.12757000,1
1506691718,22535257,249.43,0.07993000,0
1506691717,22535256,249.43,3.88010000,0
1506691717,22535254,249.43,3.88010000,0
1506691715,22535251,249.43,0.32000000,0
1506691715,22535250,249.42,3.93877964,1
1506691715,22535249,249.43,4.08000000,1
1506691715,22535248,249.43,0.62780136,1
1506691715,22535247,249.43,3.45219864,1
1506691715,22535246,249.43,0.14122036,1
1506691714,22535245,249.43,3.73903300,1
1506691714,22535244,249.44,0.14096700,1
1506691712,22535242,249.43,0.19974664,1
1506691712,22535241,249.43,3.68012987,1
1506691710,22535240,249.43,0.19987013,1
1506691710,22535239,249.48,0.00012987,1
1506691709,22535237,249.48,3.87987013,1
1506691709,22535236,249.48,0.00012987,1
1506691707,22535232,249.48,3.87987013,1
1506691706,22535231,249.48,3.68000000,0
1506691706,22535230,249.08,0.20000000,0
1506691706,22535228,249.08,3.88000000,0
1506691702,22535206,249.09,0.20000000,1
1506691691,22535165,250.47,4.05389867,1
1506691691,22535164,250.32,0.33157990,0
1506691690,22535163,250.32,5.80673483,1
1506691690,22535161,250.22,11.56174500,1
1506691690,22535160,250.22,1.22683822,1
1506691690,22535159,250.22,4.08000000,1
1506691689,22535156,250.07,0.61748050,0
1506691689,22535154,250.07,75.99100000,1
1506691689,22535153,250.07,1.26365000,1
1506691689,22535152,250.07,1.36937000,1
1506691688,22535151,249.90,0.14992503,0
1506691688,22535150,249.90,0.14992503,0
1506691688,22535149,249.90,0.38393385,1
1506691687,22535148,249.70,0.00001995,0
1506691687,22535146,249.69,0.80000000,0
1506691687,22535144,249.60,2.00000000,0
1506691686,22535143,249.45,0.15000000,0
1506691686,22535141,249.45,1.81288147,1
1506691686,22535140,249.37,0.33284797,0
1506691685,22535138,249.25,0.15000000,0
1506691685,22535137,249.05,0.15000000,0
1506691685,22535136,249.04,4.01000000,0
1506691684,22535135,248.85,0.15000000,0
1506691684,22535134,248.72,1.00000000,0
1506691682,22535131,248.61,2.21022927,0
1506691680,22535129,248.61,0.22999879,0
1506691680,22535127,248.61,0.10000000,0
1506691668,22535110,248.62,0.36289988,1
1506691665,22535107,248.63,0.22998706,0
1506691640,22535076,248.66,3.60068423,0
1506691638,22535075,248.62,0.20000000,0
1506691609,22535064,248.72,0.64309168,1
1506691594,22535049,248.83,0.10000000,0
1506691589,22535047,248.84,0.10000000,0
1506691586,22535040,248.84,0.64400977,1
1506691584,22535039,248.84,0.10000000,0
1506691581,22535033,248.84,0.10000000,0
1506691579,22535032,248.73,0.37458756,1
1506691578,22535028,248.71,0.20000000,0
1506691578,22535027,247.90,0.06900000,0
1506691577,22535023,247.41,0.05000000,1
1506691577,22535022,247.41,0.68854166,1
1506691576,22535020,247.41,6.55887687,0
1506691575,22535019,247.55,0.15000000,1
1506691575,22535018,247.56,0.61880335,1
1506691574,22535016,247.69,10.06661490,1
1506691574,22535015,247.69,1.36275648,0
1506691574,22535013,247.75,0.15000000,1
1506691574,22535012,247.91,0.33284797,1
1506691573,22535011,247.91,0.15069433,0
1506691573,22535009,247.95,0.15000000,1
1506691573,22535007,248.00,4.99806451,1
1506691572,22535006,248.00,2.00000000,1
1506691572,22535005,248.00,6.01987153,0
1506691572,22535004,248.08,25.00000000,1
1506691572,22535002,248.15,1.00000000,1
1506691572,22535001,248.15,0.15000000,1
1506691571,22535000,248.15,3.11292000,0
1506691571,22534999,248.30,0.99398967,1
1506691571,22534998,248.50,5.00000000,1
1506691570,22534997,248.55,1.65713136,1
1506691570,22534996,248.56,1.32000000,1
1506691570,22534994,248.86,0.33157990,1
1506691569,22534993,249.00,4.95983935,1
1506691569,22534992,249.00,5.00000000,1
1506691569,22534991,249.00,30.00000000,1
1506691569,22534990,249.01,6.58000000,1
1506691568,22534988,249.18,3.11149300,1
1506691565,22534985,249.50,0.15000000,1
1506691565,22534984,249.50,0.92000000,1
1506691564,22534980,249.50,4.08000000,1
1506691562,22534975,249.60,1.43000000,1
1506691561,22534974,249.60,0.15000000,1
1506691552,22534971,249.61,0.25000000,1
1506691523,22534945,249.68,1.00284364,0
1506691498,22534923,249.70,2.00000000,1
1506691498,22534922,249.70,0.15000000,1
1506691497,22534920,249.80,0.00000004,1
1506691491,22534914,249.80,0.14999996,1
1506691488,22534911,249.90,0.00007497,1
1506691486,22534906,249.90,0.14992503,1
1506691480,22534896,250.10,0.67733174,0
1506691403,22534804,250.08,0.68100000,0
1506691402,22534803,250.08,0.31900000,1
1506691398,22534802,250.85,3.89913798,0
1506691396,22534800,250.07,0.72310166,1
1506691396,22534799,250.15,3.31803983,1
1506691350,22534789,250.12,9.96829092,0
1506691350,22534788,250.12,0.20000000,1
1506691228,22534746,251.10,0.61696535,1
1506691227,22534745,250.81,3.47000000,0
1506691227,22534743,250.27,8.84658797,0
1506691227,22534741,250.27,0.20000000,1
1506691226,22534740,250.26,0.31870000,0
1506691226,22534737,250.24,0.20622555,0
1506691224,22534732,250.00,2.33874462,0
1506691219,22534726,250.00,0.15000000,1
1506691219,22534725,250.00,10.21431011,1
1506691212,22534723,250.00,0.78987240,1
1506691211,22534722,250.00,1.76588116,1
1506691209,22534721,250.00,5.00000000,1
1506691204,22534720,250.00,3.62952739,1
1506691204,22534718,250.01,0.37047261,1
1506691193,22534709,250.01,4.55357042,1
1506691193,22534708,250.14,0.44642958,1
1506691190,22534705,250.14,2.66296442,1
1506691190,22534704,250.15,2.33703558,1
1506691182,22534703,250.15,2.66296442,1
1506691164,22534699,250.02,10.00000000,1
1506691154,22534697,250.00,3.60040894,1
1506691154,22534696,250.03,0.20009740,1
1506691154,22534695,250.10,0.15000000,1
1506691153,22534694,250.12,0.31870000,1
1506691153,22534693,250.20,0.15000000,1
1506691148,22534691,250.22,0.11277445,0
1506691140,22534683,250.23,2.04344200,0
1506691138,22534679,250.23,0.20000000,0
1506691138,22534677,250.30,0.15000000,1
1506691135,22534670,250.38,2.23428000,1
1506691135,22534668,250.40,0.15000000,1
1506691135,22534667,250.45,0.31900000,1
1506691135,22534666,250.50,0.15000000,1
1506691135,22534663,250.51,0.20000000,1
1506691095,22534628,251.17,0.24921329,0
1506691095,22534627,251.17,2.90000000,0
1506691095,22534626,250.73,0.31900000,1
1506691093,22534625,250.69,0.20000000,0
1506691093,22534624,250.50,0.19330063,0
1506691024,22534598,250.52,2.61610065,1
1506691024,22534597,250.53,0.31900000,1
1506691024,22534596,250.68,3.04489935,1
1506691024,22534595,250.69,0.20000000,1
1506690925,22534563,251.00,0.13630831,0
1506690925,22534562,250.70,0.20000000,0
1506690922,22534560,250.68,0.39167317,1
1506690922,22534559,250.69,0.20008775,1
1506690920,22534558,250.70,0.20000000,1
1506690892,22534535,251.00,2.00000000,0
1506690870,22534530,251.21,0.18263604,0
1506690859,22534529,251.25,3.82014925,0
1506690859,22534528,251.25,0.15000000,0
1506690845,22534509,250.74,0.78987240,0
1506690784,22534454,250.70,0.07426400,0
1506690734,22534434,250.70,1.44343600,0
1506690734,22534433,250.62,0.20509700,0
1506690734,22534432,250.61,0.20000000,0
1506690727,22534429,250.70,0.48230000,0
1506690727,22534428,250.64,0.31770000,0
1506690727,22534427,250.63,0.20000000,0
1506690724,22534395,250.63,4.27295216,1
1506690723,22534391,250.63,3.16075489,0
1506690651,22534348,250.23,0.20509700,0
1506690651,22534346,250.66,0.20000000,1
1506690638,22534341,250.72,0.31770000,1
1506690638,22534340,250.74,0.20000000,1
1506690638,22534339,250.75,11.05000000,1
1506690628,22534333,251.15,1.90541230,0
1506690626,22534332,251.15,4.25023491,0
1506690626,22534331,251.15,0.15000000,0
1506690626,22534330,251.15,3.74000000,1
1506690626,22534328,251.05,0.15000000,0
1506690625,22534327,251.04,0.10902912,0
1506690625,22534325,251.01,0.20000000,1
1506690624,22534324,251.04,0.09512428,0
1506690624,22534323,251.01,3.31804009,0
1506690618,22534308,249.62,0.25327204,1
1506690618,22534307,250.04,1.98974572,1
1506690618,22534306,250.04,0.67670802,1
1506690618,22534305,250.04,0.20000000,1
1506690618,22534304,250.04,1.10414395,1
1506690617,22534303,250.04,1.78114803,1
1506690617,22534302,251.04,1.00000000,0
1506690617,22534300,251.04,2.40584660,0
1506690617,22534299,250.95,0.15000000,0
1506690616,22534298,250.67,2.04666000,0
1506690616,22534296,250.04,0.31800000,1
1506690616,22534295,250.03,0.20000000,0
1506690614,22534291,249.26,11.92554457,1
1506690614,22534288,249.26,3.16565648,0
1506690614,22534287,249.61,5.81748358,0
1506690613,22534285,250.00,0.22352459,1
1506690613,22534283,250.11,5.81119078,1
1506690613,22534282,250.11,2.56259122,1
1506690611,22534281,250.04,4.06000000,0
1506690611,22534278,249.02,12.92636992,0
1506690610,22534277,249.65,0.15000000,1
1506690610,22534276,249.75,0.15000000,1
1506690610,22534271,249.85,0.15000000,1
1506690609,22534268,249.95,0.15000000,1
1506690609,22534267,250.00,0.06240360,1
1506690609,22534266,250.00,1.61000000,1
1506690608,22534265,250.00,0.16604000,1
1506690608,22534264,250.00,0.40000000,1
1506690608,22534263,250.00,0.13765519,0
1506690608,22534261,250.00,0.05000000,0
1506690608,22534258,250.00,0.14241447,0
1506690608,22534254,250.01,1.16000000,0
1506690607,22534253,250.03,0.61233978,1
1506690607,22534252,250.05,0.15000000,1
1506690606,22534251,250.15,0.15000000,1
1506690606,22534250,250.25,0.15000000,1
1506690605,22534249,250.35,0.15000000,1
1506690605,22534248,250.45,0.15000000,1
1506690604,22534247,250.50,2.00000000,1
1506690604,22534245,250.55,0.15000000,1
1506690604,22534242,250.65,0.15000000,1
1506690603,22534241,250.66,5.76000000,0
1506690603,22534240,250.75,0.15000000,1
1506690603,22534238,250.75,4.08000000,0
1506690602,22534237,250.85,0.15000000,1
1506690602,22534236,250.85,0.40000000,1
1506690602,22534235,250.85,4.87920375,1
1506690602,22534234,250.95,0.15000000,1
1506690601,22534233,251.01,4.06604200,0
1506690599,22534232,251.05,0.15000000,1
1506690577,22534217,251.16,5.37064165,1
1506690563,22534212,251.15,1.17672855,1
1506690557,22534208,251.32,0.20000000,1
1506690554,22534204,251.93,1.76949946,0
1506690552,22534203,251.92,0.20000000,1
1506690552,22534202,251.92,0.12825296,0
1506690552,22534201,251.92,1.90177600,0
1506690550,22534200,251.30,0.15000000,1
1506690550,22534199,251.31,0.31800000,1
1506690537,22534190,251.40,0.15000000,1
1506690537,22534189,251.50,0.15000000,1
1506690537,22534188,251.54,0.32805414,1
1506690444,22534130,251.61,0.20004669,1
1506690443,22534127,251.61,1.55275228,1
1506690443,22534125,251.62,0.20000000,1
1506690440,22534122,252.09,0.19782617,0
1506690420,22534107,251.61,2.99999500,1
1506690407,22534098,251.62,2.99996026,1
1506690394,22534086,251.61,2.84820900,1
1506690386,22534078,251.61,1.24558500,1
1506690368,22534043,251.63,0.12825296,1
1506690368,22534042,252.00,0.00011904,1
1506690367,22534040,252.00,0.14988096,1
1506690312,22533987,252.28,1.05581700,1
1506690312,22533986,252.21,0.19995237,0
1506690311,22533984,252.39,1.23411884,0
1506690311,22533983,252.27,6.82422179,0
1506690310,22533982,252.22,3.09924300,0
1506690310,22533981,251.90,0.67418631,0
1506690309,22533980,251.74,1.76823006,0
1506690307,22533978,251.73,0.79752115,0
1506690305,22533975,251.70,0.74017453,0
1506690304,22533974,251.70,0.03015052,1
1506690292,22533963,251.70,0.78702749,1
1506690289,22533961,251.70,0.18282199,1
1506690252,22533938,251.66,0.63115800,1
