date,tid,price,amount,type
1506729652,22556485,291.45,18.74049860,0
1506729652,22556484,291.44,2.44000000,0
1506729650,22556483,291.64,0.23000000,1
1506729650,22556482,291.64,2.05539167,1
1506729650,22556481,291.65,10.64561800,1
1506728491,22556270,291.57,0.22000000,0
1506728487,22556268,291.77,0.03420000,1
1506728376,22556241,291.64,0.00004000,0
1506728343,22556239,291.63,0.27360000,1
1506728340,22556237,291.64,0.24636000,0
1506728320,22556232,291.64,0.27360000,1
1506728043,22556180,292.29,2.42339100,0
1506728036,22556179,292.28,3.34520100,0
1506727972,22556171,291.65,0.00000522,0
1506727814,22556123,291.65,0.59955500,0
1506727799,22556109,291.65,14.25423312,0
1506727796,22556107,291.65,2.83679066,0
1506727793,22556103,291.65,27.68318400,0
1506727780,22556097,291.64,2.52975700,0
1506727775,22556093,291.65,0.53563700,0
1506727769,22556088,291.65,2.52901900,0
1506727765,22556085,291.65,1.56157600,0
1506727757,22556073,291.64,0.29681500,0
1506727750,22556068,291.64,2.49557768,0
1506727750,22556067,291.62,7.83432371,0
1506727750,22556066,291.61,2.05754261,0
1506727741,22556055,291.62,1.74469829,0
1506727741,22556054,291.50,1.00000000,0
1506727741,22556053,291.34,0.10486171,0
1506727521,22555990,291.04,1.10294574,0
1506727328,22555950,290.52,5.27000000,0
1506727328,22555949,290.52,1.52000000,0
1506727326,22555946,290.52,5.27316795,0
1506727326,22555944,290.52,1.51683205,1
1506727311,22555937,290.56,2.20222822,1
1506727032,22555798,290.55,0.39508286,1
1506726975,22555787,291.00,1.00000000,1
1506726975,22555786,291.05,0.10486171,1
1506726847,22555728,291.04,0.54940746,1
1506726847,22555727,291.07,0.45059254,1
1506726759,22555671,291.74,2.77768048,1
1506726689,22555642,291.39,1.08919983,1
1506726386,22555533,292.47,1.53090387,1
1506726386,22555532,292.47,4.84000000,0
1506726385,22555531,292.47,0.10414813,0
1506726385,22555530,292.00,0.31494800,0
1506726267,22555493,291.56,0.19000000,1
1506725848,22555408,292.00,0.68505200,0
1506725259,22555180,291.06,0.00111000,1
1506725259,22555179,291.50,1.00000000,1
1506725019,22555070,290.97,3.16136054,0
1506724953,22555026,290.97,4.57000000,1
1506724953,22555025,290.96,4.41000000,1
1506724940,22555016,291.62,0.16163913,0
1506724940,22555015,291.62,0.01801087,0
1506724940,22555014,291.62,0.26631900,0
1506724938,22555013,291.62,0.61152200,0
1506724918,22555000,291.62,0.10414813,0
1506724890,22554987,292.18,0.84074885,1
1506724842,22554938,292.62,1.35463490,1
1506724833,22554932,292.60,4.84000000,1
1506724828,22554929,292.78,0.20000000,1
1506724821,22554917,292.78,2.00911200,1
1506724809,22554907,293.26,10.83527924,0
1506724803,22554904,293.25,3.42000000,0
1506724797,22554903,293.26,0.04688558,0
1506724791,22554899,293.25,5.00000000,0
1506724785,22554897,293.25,5.00000000,0
1506724783,22554893,293.10,0.10382159,0
1506724783,22554892,293.00,0.03469662,0
1506724782,22554891,293.00,0.02165046,0
1506724782,22554890,292.76,0.00203050,1
1506724782,22554889,292.98,1.53212950,1
1506724779,22554886,292.99,1.19255936,0
1506724777,22554883,292.99,0.92285404,0
1506724776,22554881,292.99,1.43846726,0
1506724771,22554874,293.00,0.94365292,0
1506724768,22554864,292.98,0.87439323,1
1506724768,22554863,292.98,7.89584840,1
1506724768,22554861,292.98,1.57975837,1
1506724767,22554857,292.98,13.29746210,1
1506724767,22554855,292.98,2.04792136,0
1506724767,22554853,292.50,0.71806432,0
1506724762,22554841,292.50,0.28193568,0
1506724760,22554833,292.00,1.00000000,0
1506724756,22554812,291.73,0.28422184,0
1506724756,22554810,291.50,0.24187739,0
1506724755,22554806,291.50,0.75812261,0
1506724755,22554803,290.50,0.24187739,0
1506724754,22554795,290.50,0.36756800,0
1506724754,22554792,290.50,0.39055461,0
1506724753,22554791,290.32,0.26520937,1
1506724752,22554787,290.32,1.00000000,1
1506724752,22554786,290.00,1.90402633,0
1506724751,22554785,290.00,3.04785630,0
1506724751,22554784,290.00,0.72899387,0
1506724751,22554782,290.00,0.27100613,0
1506724751,22554780,289.98,1.63909387,1
1506724751,22554779,289.98,1.89430000,1
1506724751,22554778,289.98,1.91010000,1
1506724751,22554777,289.98,1.91010000,1
1506724751,22554776,289.98,1.13000000,0
1506724751,22554775,289.98,5.66000000,0
1506724750,22554773,289.98,0.23000000,1
1506724750,22554772,289.98,2.24686345,1
1506724750,22554771,289.50,1.00000000,0
1506724750,22554769,289.49,3.54313655,1
1506724750,22554768,289.49,0.58573585,0
1506724750,22554767,289.49,2.79785700,1
1506724750,22554766,289.49,0.04000000,0
1506724750,22554765,289.49,3.03327060,0
1506724749,22554763,288.41,8.89905067,0
1506724748,22554760,288.50,1.00000000,1
1506724747,22554753,288.59,0.04532382,1
1506724747,22554752,288.59,20.71325253,0
1506724746,22554751,288.59,0.03516056,0
1506724746,22554750,288.59,48.87058691,0
1506724746,22554749,288.59,0.20000000,0
1506724746,22554748,288.59,0.20000000,0
1506724746,22554747,288.59,3.76479600,0
1506724746,22554746,288.59,17.01071100,0
1506724746,22554744,288.59,46.50908500,0
1506724745,22554742,288.59,1.89430000,0
1506724745,22554739,288.59,15.01580000,0
1506724745,22554738,288.59,5.73828900,0
1506724745,22554737,288.59,10.60463000,0
1506724745,22554736,288.59,7.90708300,0
1506724745,22554735,288.59,1.03755200,0
1506724745,22554734,288.59,4.10593500,0
1506724744,22554732,288.59,33.29334800,0
1506724744,22554731,288.59,25.64615100,0
1506724744,22554730,288.59,2.46589200,0
1506724744,22554728,288.59,9.40512900,0
1506724744,22554726,288.59,1.49834800,0
1506724744,22554725,288.59,3.11196700,0
1506724744,22554724,288.59,1.91702000,0
1506724744,22554723,288.59,4.14486000,0
1506724744,22554722,288.59,9.12627000,0
1506724743,22554721,288.59,0.19990004,0
1506724742,22554709,289.00,1.00000000,1
1506724741,22554707,289.50,1.00000000,1
1506724741,22554705,289.50,0.28422184,0
1506724741,22554703,289.50,0.47000000,0
1506724741,22554701,289.50,0.06889187,0
1506724741,22554700,289.50,1.03337811,0
1506724740,22554699,289.50,19.78871568,0
1506724740,22554698,289.50,1.95000000,0
1506724740,22554685,289.81,0.04513302,1
1506724739,22554680,290.00,0.68980000,1
1506724739,22554678,290.00,8.00000000,1
1506724739,22554676,290.00,8.24827586,1
1506724739,22554675,290.00,2.25758620,1
1506724739,22554673,290.00,0.30000000,1
1506724739,22554671,290.00,1.00000000,1
1506724738,22554668,290.32,0.19634447,0
1506724737,22554665,290.00,44.92992172,0
1506724737,22554664,290.23,0.10000000,1
1506724737,22554663,290.30,144.43700001,1
1506724736,22554662,290.30,7.17500000,1
1506724736,22554661,290.31,29.19055200,1
1506724736,22554660,290.31,0.34545441,1
1506724736,22554659,290.32,13.29746210,0
1506724735,22554658,291.00,1.00000000,1
1506724735,22554657,291.05,0.71352001,1
1506724735,22554656,291.06,1.50000000,0
1506724735,22554655,291.06,7.49000000,0
1506724734,22554654,291.18,0.46000000,1
1506724734,22554653,291.18,1.00000000,0
1506724734,22554652,291.22,1.00000000,1
1506724733,22554651,291.31,1.50000000,1
1506724733,22554650,291.50,1.00000000,1
1506724733,22554649,291.51,7.48000000,1
1506724732,22554648,291.61,0.10000000,1
1506724732,22554647,292.00,0.01979389,1
1506724732,22554646,292.00,3.01755520,1
1506724732,22554645,292.00,1.00000000,1
1506724732,22554644,292.01,0.10000000,1
1506724731,22554643,292.02,2.00000000,1
1506724731,22554642,292.36,0.10000000,1
1506724731,22554641,292.39,0.10000000,1
1506724731,22554640,292.46,5.50000000,1
1506724730,22554639,292.50,1.00000000,1
1506724730,22554638,292.66,0.10000000,1
1506724730,22554637,292.72,0.28189548,1
1506724729,22554636,292.78,0.14000000,1
1506724729,22554633,292.79,0.14000000,1
1506724729,22554632,292.80,0.14000000,1
1506724728,22554631,292.81,0.10382159,1
1506724728,22554630,292.81,15.14414293,1
1506724728,22554629,292.88,4.84000000,1
1506724726,22554628,292.90,3.55388066,1
1506724592,22554582,293.26,67.69030894,0
1506724591,22554581,293.25,0.42000000,0
1506724390,22554512,293.25,0.09000000,1
1506724385,22554504,293.25,0.39000000,0
1506724319,22554492,293.25,0.03383900,0
1506724291,22554483,293.26,0.88853000,0
1506724291,22554482,293.25,0.47000000,0
1506724208,22554469,292.81,0.49035589,1
1506724097,22554457,293.25,0.03502700,0
1506724073,22554453,293.26,4.10671000,0
1506723576,22554369,293.26,5.61725435,0
1506723576,22554368,293.26,0.96994904,0
1506723575,22554367,293.25,0.57000000,0
1506723464,22554328,292.97,0.83846547,1
1506723440,22554315,293.25,0.13846547,1
1506723439,22554314,293.25,0.70000000,0
1506723397,22554304,293.25,0.39508286,0
1506723258,22554259,293.26,0.67279900,0
1506723258,22554258,293.25,0.76000000,0
1506723258,22554257,293.25,0.15000000,0
1506723244,22554252,293.25,0.02733100,0
1506723159,22554208,293.26,4.33000000,0
1506723155,22554204,293.26,16.04574700,0
1506723153,22554203,293.26,0.19000000,0
1506723150,22554202,293.26,5.59117206,0
1506723150,22554201,293.25,1.08000000,0
1506723150,22554200,293.24,1.53943494,0
1506723136,22554191,293.26,0.23956637,0
1506723134,22554190,293.26,0.15220000,0
1506723134,22554188,293.26,0.07548676,0
1506723134,22554187,293.25,0.28000000,0
1506723126,22554185,293.25,1.00000000,0
1506723118,22554181,293.25,0.49000000,0
1506723115,22554180,293.26,0.40000000,0
1506723115,22554179,293.26,0.39000000,0
1506723115,22554178,293.25,1.31000000,0
1506723114,22554177,293.25,0.22000000,0
1506723104,22554165,293.24,0.54080000,0
1506723103,22554164,293.24,0.15000000,0
1506723074,22554105,293.24,0.19804144,0
1506723073,22554104,293.24,2.00000000,0
1506723057,22554098,293.24,1.30855054,0
1506723033,22554092,293.25,0.30345368,0
1506723024,22554088,293.24,0.58000000,0
1506723018,22554082,293.25,0.19270022,0
1506723018,22554081,293.25,0.27200000,0
1506723016,22554080,293.26,1.08510017,0
1506723015,22554079,293.26,1.87936900,0
1506723015,22554078,293.25,0.58063100,0
1506723015,22554073,293.25,1.32936900,0
1506723004,22554065,293.25,0.03000000,0
1506722994,22554057,293.26,0.19000000,0
1506722994,22554054,293.26,5.51043474,0
1506722994,22554053,293.25,2.26000000,0
1506722993,22554052,293.21,3.55006526,0
1506722984,22554040,293.20,4.03505326,0
1506722768,22553905,292.89,0.23815943,1
1506722763,22553900,293.47,2.66374135,0
1506722763,22553899,293.11,0.10371559,0
1506722662,22553881,292.82,2.25952458,0
1506722661,22553880,292.82,1.89000000,0
1506722658,22553878,292.81,0.18950541,1
1506722658,22553877,292.82,0.10371559,1
1506722657,22553876,293.04,0.27200000,1
1506722655,22553875,293.39,1.89412223,1
1506722648,22553871,293.38,2.26000000,0
1506722648,22553870,293.21,0.10357777,0
1506722648,22553869,292.82,30.00000000,0
1506722563,22553831,292.82,1.20047500,0
1506722549,22553825,292.82,0.77019500,0
1506722546,22553821,292.82,2.29249500,0
1506722545,22553814,292.82,0.77062138,0
1506722544,22553813,292.82,0.77023000,0
1506722509,22553804,292.82,7.05071842,0
1506722492,22553796,292.81,0.17200000,1
1506722480,22553794,292.91,0.10000000,1
1506722465,22553791,292.93,0.21000000,0
1506722464,22553788,292.92,0.10357777,1
1506722464,22553787,292.92,0.10357777,1
1506722456,22553779,292.93,2.43574056,0
1506722456,22553778,292.93,10.35000000,1
1506722444,22553777,293.54,0.00000006,1
1506722156,22553696,293.54,1.03617900,1
1506721869,22553632,292.92,2.90023951,1
1506721868,22553631,292.96,2.04769523,1
1506721868,22553630,293.06,0.27200000,0
1506721867,22553629,293.11,0.10000000,1
1506721867,22553628,293.26,0.10000000,1
1506721866,22553627,293.40,0.03000000,1
1506721866,22553626,293.42,3.55006526,1
1506721627,22553555,293.54,2.90952700,1
1506721544,22553540,293.66,7.33040454,1
1506721521,22553536,293.92,5.00000000,0
1506721269,22553439,293.92,14.91829260,0
1506721123,22553404,293.92,0.10169433,0
1506721121,22553403,293.91,7.70000000,0
1506721121,22553402,293.91,2.18835099,0
1506721005,22553376,293.91,1.35670000,0
1506720967,22553370,293.92,0.15098222,0
1506720967,22553369,293.92,0.08985268,0
1506720965,22553368,293.91,1.28054400,0
1506720817,22553315,293.90,0.74620619,0
1506720816,22553314,293.89,0.27200000,0
1506720740,22553298,293.34,0.62179000,0
1506720738,22553297,293.50,0.06000000,1
1506720564,22553257,293.88,5.65413845,0
1506720554,22553255,293.83,2.84503455,1
1506720554,22553254,293.81,13.17902500,0
1506720537,22553244,293.27,2.17719398,1
1506720537,22553243,293.34,0.27200000,1
1506720537,22553242,293.45,0.50000000,1
1506720531,22553241,293.89,1.33005232,1
1506720529,22553240,293.89,2.04158018,1
1506720527,22553237,293.89,2.91235000,1
1506720514,22553232,293.90,1.35753200,0
1506720508,22553231,293.89,1.35753200,1
1506720485,22553229,293.84,7.70328500,0
1506720485,22553228,293.84,0.27170000,0
1506720484,22553227,293.82,1.61874582,0
1506720377,22553191,293.50,0.39502716,1
1506719872,22553042,293.86,0.42359500,0
1506719778,22553018,293.46,0.29999700,0
1506719469,22552940,293.90,0.00010207,1
1506719468,22552937,293.90,0.99989793,1
1506719354,22552916,293.57,2.99900000,1
1506719260,22552892,293.95,11.87708794,0
1506719247,22552888,293.98,0.16494817,1
1506719236,22552880,293.83,0.27199997,0
1506719234,22552878,293.82,0.01864814,0
1506719168,22552859,293.57,0.27199997,1
1506719168,22552858,293.57,0.27170000,1
1506719168,22552857,293.57,1.94388703,1
1506719107,22552834,293.38,2.17018570,1
1506719096,22552825,294.20,0.14000000,0
1506719095,22552824,294.32,11.58154000,1
1506719094,22552823,294.33,0.14000000,0
1506719094,22552822,294.33,0.14000000,0
1506719093,22552821,294.33,0.14000000,0
1506719088,22552805,294.49,0.56485292,1
1506719088,22552798,294.49,2.31170708,1
1506719085,22552796,294.00,0.43540200,0
1506719084,22552795,294.00,0.56459800,0
1506719084,22552794,293.99,14.54190000,0
1506719076,22552792,293.98,15.10649800,1
1506719075,22552791,293.99,10.31000000,0
1506719074,22552790,293.98,12.01694200,0
1506719071,22552788,293.99,2.13972800,0
1506719063,22552786,293.50,1.00000000,0
1506719063,22552785,293.43,0.10340117,0
1506718659,22552608,293.36,0.36000000,0
1506718651,22552607,293.13,0.10346947,0
1506718651,22552606,293.10,0.10800000,0
1506718651,22552605,292.80,0.16859883,0
1506718630,22552599,292.80,1.02182479,0
1506718630,22552598,292.79,0.16859883,0
1506718613,22552588,292.80,0.58966800,0
1506718612,22552587,292.80,1.06686600,0
1506718603,22552584,292.79,0.10340117,0
1506718601,22552582,292.80,0.10346947,0
1506718551,22552566,292.84,0.10000000,1
1506718551,22552565,292.95,1.00000000,1
1506718551,22552564,293.00,1.00000000,1
1506718490,22552553,293.12,0.27200000,1
1506718490,22552552,293.24,0.10000000,1
1506718446,22552527,293.41,2.36613486,1
1506718437,22552513,293.36,0.48000000,1
1506718429,22552511,293.46,1.68694200,1
1506718420,22552508,293.47,12.01694200,1
1506718403,22552506,293.98,4.61471830,0
1506718395,22552503,293.96,6.79000000,0
1506718387,22552502,293.46,6.79000000,1
1506718386,22552501,293.47,6.79000000,1
1506718385,22552499,293.46,6.79000000,0
1506718223,22552470,293.50,4.45616161,0
1506718217,22552469,293.50,1.00000000,1
1506718216,22552467,293.59,0.10000000,1
1506718216,22552466,293.89,0.10000000,1
1506718216,22552464,294.00,0.00000049,1
1506718076,22552424,294.00,0.99999951,1
1506718076,22552423,294.00,2.17081749,1
1506718076,22552422,294.14,0.10000000,1
1506718076,22552421,294.34,0.10000000,1
1506718075,22552420,294.49,0.10000000,1
1506718050,22552416,294.50,0.00000022,1
1506717978,22552349,294.50,0.99999978,1
1506717978,22552348,294.55,0.57433600,1
1506717978,22552347,294.58,0.00000022,1
1506717968,22552345,294.58,1.11127685,1
1506717967,22552344,294.60,0.29140615,1
1506717966,22552343,294.60,1.57433600,1
1506717965,22552342,294.60,1.37930884,1
1506717965,22552341,294.98,0.19502716,1
1506717964,22552339,294.91,0.10000000,0
1506717962,22552337,294.61,0.10000000,0
1506717892,22552330,294.60,0.10000000,1
1506717892,22552329,294.60,0.10000000,1
1506717892,22552328,294.60,0.10000000,1
1506717835,22552306,294.99,0.40000000,0
1506717835,22552305,294.97,0.50000000,0
1506717835,22552304,294.91,0.10000000,0
1506717819,22552301,294.60,0.10000000,1
1506717818,22552300,294.61,0.10000000,0
1506717613,22552260,294.57,0.50000000,1
1506717568,22552253,294.54,1.11145100,0
1506717568,22552252,294.53,18.31421300,0
1506717557,22552250,294.53,2.83542700,0
1506717548,22552242,294.36,3.49633805,0
1506717492,22552234,294.35,0.22870000,0
1506717492,22552233,294.34,0.27130000,0
1506717445,22552224,294.35,6.80000000,0
1506717434,22552220,294.35,0.05000000,0
1506717410,22552219,294.35,4.11254925,0
1506717390,22552215,294.35,0.05000000,0
1506717376,22552185,294.36,0.05000000,0
1506717374,22552183,294.37,1.81842000,0
1506717356,22552180,294.39,6.50000000,0
1506717355,22552179,294.36,0.10000000,0
1506717355,22552178,294.16,0.10000000,0
1506717355,22552177,294.01,0.10000000,0
1506717284,22552135,294.00,2.82918251,1
1506717284,22552134,294.01,0.27130000,1
1506717283,22552133,294.21,1.11145100,1
1506717258,22552120,294.31,2.13469388,0
1506717258,22552118,294.31,2.51896807,0
1506717257,22552117,294.33,3.54633805,1
1506717067,22552028,294.99,0.11423691,0
1506717066,22552024,294.99,4.85399389,0
1506717066,22552023,294.99,2.03403621,1
1506717066,22552022,294.94,0.10000000,0
1506717065,22552021,294.89,0.10268434,0
1506717065,22552020,294.83,0.04428755,0
1506717063,22552019,294.69,0.00000529,0
1506716944,22551948,294.69,0.10281400,0
1506716934,22551940,294.35,4.11270003,1
1506716895,22551919,294.16,18.00000000,1
1506716893,22551914,294.50,0.00000500,0
1506716892,22551906,294.50,0.99999500,0
1506716771,22551851,294.49,0.50806479,0
1506716673,22551795,294.49,0.10396462,0
1506716627,22551736,294.54,1.27102438,0
1506716620,22551734,294.56,2.11484900,0
1506716619,22551733,294.56,0.15780207,0
1506716619,22551732,294.45,0.40053233,0
1506716619,22551731,294.45,0.12352616,0
1506716593,22551711,294.44,6.37785343,0
1506716592,22551706,294.44,13.63089700,0
1506716592,22551704,294.40,0.63000000,0
1506716535,22551656,293.52,0.86498267,1
1506716535,22551655,293.77,0.28102051,1
1506716535,22551654,293.79,1.53761964,1
1506716534,22551653,293.79,0.50466363,1
1506716534,22551652,293.80,1.73302135,1
1506716534,22551651,293.80,0.94129389,1
1506716528,22551638,294.43,1.98005342,0
1506716528,22551635,293.94,0.00132176,0
1506716518,22551620,294.42,1.89176824,1
1506716517,22551619,294.44,3.28191248,1
1506716516,22551617,294.44,0.26176297,0
1506716515,22551616,294.44,0.28038665,0
1506716514,22551615,294.42,6.80000000,0
1506716514,22551614,294.41,21.30818500,0
1506716514,22551613,294.37,0.00004676,0
1506716509,22551606,293.77,1.93963171,0
1506716507,22551604,293.66,2.55134000,0
1506716506,22551603,293.66,1.00000000,0
1506716499,22551597,294.37,0.28191817,0
1506716499,22551594,294.37,0.00000017,0
1506716499,22551591,294.25,0.04466629,0
1506716499,22551590,294.24,1.41000000,0
1506716495,22551581,293.99,0.28520800,1
1506716490,22551565,294.00,0.51138315,1
1506716489,22551564,294.00,0.00000585,0
1506716489,22551560,294.00,5.06559000,0
1506716489,22551559,294.00,1.00000000,0
1506716484,22551554,293.64,0.96096100,0
1506716484,22551553,293.64,1.07467000,0
1506716480,22551543,293.64,0.23508100,0
1506716480,22551541,293.64,5.21517900,0
1506716479,22551525,293.63,1.41239000,0
1506716478,22551523,293.97,20.62471800,1
1506716446,22551496,293.98,0.86341892,1
1506716446,22551495,293.98,1.17546992,1
1506716445,22551493,293.98,0.23000000,1
1506716445,22551492,293.98,0.33984100,1
1506716433,22551471,293.98,3.35254000,1
1506716423,22551466,293.99,8.09120913,0
1506716422,22551465,293.98,0.50179471,0
1506716422,22551464,293.98,1.53916046,1
1506716420,22551463,293.98,0.11084000,1
1506716420,22551461,293.98,1.09000000,1
1506716419,22551460,293.98,0.11000000,1
1506716417,22551459,293.98,3.44898394,0
1506716417,22551458,293.71,0.10000000,0
1506716416,22551456,293.70,9.13040073,1
1506716411,22551452,293.52,1.39000000,0
1506716410,22551451,293.25,3.55806067,0
1506716237,22551352,292.81,0.27315793,0
1506716204,22551340,292.91,3.50000000,0
1506716146,22551330,292.83,0.15751947,0
1506716081,22551311,292.89,6.80000000,0
1506716080,22551310,292.89,6.80000000,0
1506716048,22551306,292.70,1.69000000,1
1506716047,22551305,292.70,0.27210000,1
1506716033,22551300,292.75,0.10246952,0
1506715971,22551287,292.70,3.42739563,1
1506715844,22551200,292.75,1.44833998,0
1506715844,22551199,292.74,10.35000000,0
1506715755,22551180,292.70,19.98340073,1
1506715724,22551175,292.70,19.98340073,1
1506715550,22551042,291.89,0.39862452,1
1506715537,22551037,291.86,9.13040073,0
1506715536,22551036,291.86,10.35000000,1
1506715536,22551035,292.41,0.27300000,1
1506715536,22551034,292.42,0.23000000,1
1506715385,22551010,292.80,6.43413933,1
1506715385,22551009,292.97,0.27210000,1
1506715385,22551008,293.03,3.55806067,1
1506715356,22551004,293.33,6.59416000,1
1506715353,22551003,293.33,0.83825742,0
1506715353,22551002,293.25,0.27230000,0
1506715353,22551001,293.25,3.55541198,0
1506715353,22551000,293.24,22.61848700,0
1506715182,22550940,292.80,4.00112400,1
1506715028,22550879,292.90,10.30103347,1
1506715028,22550878,292.91,6.14355455,1
1506715028,22550877,292.92,3.55541198,1
1506714918,22550867,292.94,0.00677060,0
1506714866,22550853,293.21,9.67077940,1
1506714849,22550849,293.21,2.39789000,1
1506714842,22550848,293.21,5.01150000,1
1506714840,22550846,293.21,1.00174000,1
1506714834,22550845,293.21,2.61399000,1
1506714825,22550843,293.21,2.61399000,1
1506714824,22550842,293.21,5.00697000,1
1506714822,22550841,293.19,3.55988660,0
1506714822,22550840,293.18,23.12325400,0
1506714774,22550825,292.86,5.81763743,1
1506714774,22550824,292.87,0.27230000,1
1506714765,22550821,292.86,30.00000000,0
1506714765,22550820,292.86,1.00000000,0
1506714764,22550819,292.86,5.80000000,0
1506714698,22550807,292.86,1.00000000,1
1506714693,22550806,293.20,5.63762967,1
1506714693,22550805,293.20,31.05365500,1
1506714689,22550803,293.20,1.98019204,1
1506714663,22550794,293.20,26.61475831,1
1506714656,22550790,293.20,2.00707250,1
1506714653,22550788,293.20,1.37816919,1
1506714605,22550782,293.20,1.10000000,1
1506714600,22550778,293.20,1.53780000,1
1506714590,22550775,293.21,1.13462847,1
1506714578,22550773,293.21,0.91166067,1
1506714521,22550740,293.20,0.15747667,1
1506714521,22550738,293.21,5.98000000,1
1506714514,22550737,293.20,28.53324662,1
1506714514,22550736,293.20,1.46675338,1
1506714482,22550725,293.20,1.00000000,1
1506714463,22550714,293.20,0.23000000,1
1506714460,22550713,293.20,0.27270000,1
1506714459,22550712,293.20,13.29746210,1
1506714459,22550711,293.19,2.04645452,0
1506714459,22550710,293.19,22.82663000,0
1506714459,22550709,293.18,8.86000000,0
1506714417,22550703,293.00,0.37787850,1
1506714275,22550671,292.80,0.93367873,0
1506714258,22550664,292.80,0.27270000,0
1506714249,22550662,292.80,2.04721469,0
1506714241,22550658,292.80,1.79683367,0
1506714241,22550657,292.79,0.27310000,1
1506714240,22550656,292.79,2.04925032,0
1506714240,22550655,292.78,0.23000000,0
1506714124,22550642,292.70,2.71820000,1
1506714123,22550641,292.71,6.80000000,1
1506714100,22550633,292.70,0.89637452,1
1506714076,22550628,292.71,1.07816006,1
1506713968,22550593,292.70,8.24850300,1
1506713967,22550592,292.70,29.99000000,1
1506713938,22550584,292.70,3.52147700,1
1506713898,22550573,292.70,8.24002000,1
1506713879,22550567,292.77,0.21479898,1
1506713869,22550565,292.78,1.23099377,0
1506713806,22550505,292.77,0.29000000,1
1506713707,22550469,292.82,0.31584207,0
1506713474,22550377,291.78,3.05482292,1
1506713440,22550358,291.91,2.75000000,1
1506713437,22550356,292.87,2.08559495,1
1506713435,22550355,292.50,1.00000000,0
1506713433,22550354,291.55,2.79879948,0
1506713433,22550353,291.63,2.15820052,0
1506713433,22550352,291.63,2.68179948,0
1506713433,22550351,291.88,0.20000000,1
1506713432,22550350,292.02,0.20390052,1
1506713430,22550348,292.38,0.04300000,1
1506713429,22550347,292.00,1.26606967,0
1506713429,22550346,292.00,0.27310000,0
1506713429,22550345,292.00,1.00000000,1
1506713428,22550344,292.00,1.00000000,1
1506713428,22550343,292.28,0.20000000,1
1506713428,22550342,292.40,0.27300000,1
1506713428,22550341,292.44,0.83825742,1
1506713428,22550340,292.63,0.20000000,1
1506713289,22550266,292.88,1.06565701,0
1506713287,22550265,292.93,0.20000000,1
1506713287,22550264,293.05,0.20027299,1
1506713286,22550263,293.20,1.46490000,1
1506713247,22550255,293.06,9.20000000,1
1506713247,22550254,293.07,0.50000000,1
1506713247,22550253,293.08,10.30000000,1
1506713228,22550247,293.15,0.60000000,0
1506713123,22550209,293.18,0.20000000,1
1506713123,22550208,293.24,0.20000000,1
1506712783,22550112,293.39,1.00000000,0
1506712782,22550111,293.38,0.20000000,1
1506712782,22550109,293.39,0.20000000,0
1506712773,22550105,293.39,0.20000000,0
1506712756,22550102,293.39,0.20000000,0
1506712747,22550091,293.42,0.20000000,1
1506712645,22550074,293.42,1.00000000,1
1506712645,22550072,293.42,0.10191100,1
1506712610,22550061,293.42,0.09808900,1
1506712500,22549997,293.53,0.20000000,1
1506712350,22549922,293.66,1.00000000,1
1506712297,22549906,293.68,0.35999808,0
1506712285,22549901,293.66,0.90000000,1
1506712284,22549899,293.66,0.10000000,1
1506712256,22549881,293.66,3.40087176,0
1506712255,22549879,293.69,1.00000000,1
1506712242,22549875,293.70,0.18668166,1
1506712241,22549874,293.70,1.03772706,0
1506712239,22549873,293.69,8.35611500,1
1506712238,22549872,293.69,21.64388500,0
1506712235,22549871,293.70,4.01270003,1
1506712235,22549870,293.67,0.10000000,0
1506712193,22549853,293.64,0.10000000,0
1506712177,22549840,293.62,0.10000000,0
1506712168,22549838,293.60,0.10000000,0
1506712152,22549827,293.51,0.10000000,1
1506712143,22549816,293.50,1.00000000,0
1506712143,22549814,293.43,5.50000000,0
1506712133,22549801,293.39,10.29000000,0
1506712133,22549800,293.33,0.10000000,0
1506712129,22549794,293.29,0.10000000,0
1506712129,22549793,293.26,0.10000000,0
1506712129,22549792,293.24,0.10000000,0
1506712129,22549791,293.22,0.10000000,0
1506712129,22549790,293.07,0.10000000,0
1506712119,22549779,293.42,6.93538272,0
1506712118,22549777,293.42,4.79000000,0
1506712118,22549776,293.42,13.29746210,0
1506712118,22549775,293.03,0.61710000,1
1506712117,22549774,293.42,23.88720000,1
1506712117,22549773,293.42,5.51280000,1
1506712116,22549772,293.43,5.50000000,0
1506712115,22549771,293.42,0.10000000,1
1506712115,22549770,293.42,0.10000000,1
1506712115,22549769,293.42,0.10000000,1
1506712114,22549768,293.42,0.10000000,1
1506712114,22549766,293.42,0.10000000,1
1506712114,22549765,293.42,0.10000000,1
1506712101,22549752,293.01,0.00210801,1
1506712101,22549751,293.35,3.01302199,1
1506712066,22549733,293.39,4.97859869,0
1506712052,22549732,292.88,0.84250171,1
1506712019,22549713,293.42,3.84337532,1
1506712017,22549710,293.42,5.50000000,1
1506712017,22549709,293.42,0.84219300,1
1506712016,22549708,293.42,5.50000000,1
1506712015,22549702,293.19,4.65839602,0
1506712015,22549698,293.21,0.84160398,1
1506712014,22549692,293.21,5.50000000,0
1506712008,22549689,293.12,2.26976539,0
1506712008,22549687,293.08,0.04466629,0
1506712008,22549686,293.00,0.37963614,0
1506712008,22549685,293.00,0.62036386,0
1506711943,22549641,293.00,13.99505100,0
1506711943,22549640,292.99,0.27000000,0
1506711927,22549637,293.00,0.39862452,0
1506711924,22549634,293.00,3.97875290,0
1506711924,22549633,292.99,0.33000000,0
1506711924,22549632,292.98,1.39124710,0
1506711874,22549615,292.99,0.32266902,0
1506711874,22549614,292.79,3.27000000,0
1506711874,22549613,292.77,0.60000000,0
1506711210,22549394,292.13,0.18000000,1
1506710910,22549302,292.18,1.21124710,1
1506710910,22549301,292.50,0.06448601,1
1506710892,22549293,293.00,2.77447098,0
1506710891,22549291,292.99,0.63000000,0
1506710871,22549285,292.50,0.53551399,0
1506710737,22549246,292.50,0.30448601,1
1506710612,22549212,292.98,0.49836166,1
1506710591,22549209,292.98,3.50320841,1
1506710590,22549208,292.98,0.50000000,0
1506710120,22549092,292.99,1.01071523,1
1506710120,22549091,292.99,0.80000000,0
1506710120,22549090,292.99,0.45901477,0
1506710119,22549089,292.98,0.50000000,0
1506710077,22549081,292.50,1.65117210,1
1506710077,22549080,292.50,0.37963614,1
1506710065,22549076,292.50,0.62036386,1
1506710035,22549069,292.99,0.24976232,0
1506710035,22549068,292.99,1.75023768,0
1506709961,22549051,292.99,0.19867572,0
1506709926,22549047,292.99,0.82077511,0
1506709926,22549046,292.90,0.17922489,0
1506709926,22549045,292.90,0.95533371,0
1506709925,22549044,292.89,0.04466629,0
1506709862,22549018,292.50,1.13455860,1
1506709791,22548988,292.69,4.00000000,1
1506709780,22548985,292.78,0.00004676,1
1506709727,22548968,292.90,1.95144935,0
1506709727,22548967,292.89,2.04855065,0
1506709697,22548951,292.78,0.28191817,1
1506709653,22548923,292.99,1.76348279,1
1506709652,22548922,292.99,5.46682870,1
1506709646,22548917,292.99,0.96000000,1
1506709635,22548909,293.00,12.49416382,0
1506709633,22548907,292.99,1.14000000,0
1506709610,22548900,292.97,5.18437710,1
1506709609,22548899,292.97,14.21954500,1
1506709586,22548881,292.97,1.20924920,1
1506709573,22548843,292.78,0.00000017,0
1506709569,22548840,292.78,3.87999983,0
1506709569,22548839,292.58,0.28369230,0
1506709569,22548838,292.44,0.79351687,0
1506709543,22548829,292.23,0.04466629,0
1506709530,22548823,292.12,4.75391500,0
1506709529,22548822,292.12,4.84000000,0
1506709516,22548819,292.12,0.40608500,0
1506709499,22548813,292.00,1.00000000,0
1506709499,22548812,292.00,10.28228705,0
1506709487,22548809,291.99,1.35000000,1
1506709483,22548806,291.99,1.61000000,0
1506709390,22548772,292.00,2.44861295,0
1506709388,22548771,291.99,0.63698200,0
1506709383,22548767,291.99,1.27301800,0
1506709336,22548752,291.99,2.27000000,0
1506709280,22548741,291.99,0.17072071,0
1506709276,22548739,292.00,2.26910000,0
1506709276,22548738,292.00,0.50000000,0
1506709276,22548737,291.98,0.27380000,0
1506709276,22548736,291.91,12.50430000,0
1506709228,22548724,291.99,2.56097811,0
1506709226,22548722,291.97,0.46000000,0
1506709219,22548721,291.92,0.23888199,0
1506709219,22548720,291.91,0.79000000,0
1506709187,22548710,291.91,1.48881000,0
1506709184,22548709,291.92,1.28830000,0
1506709183,22548708,291.91,1.48657198,1
1506709178,22548705,291.90,1.23567737,0
1506709176,22548701,291.91,0.15833104,0
1506709164,22548697,291.37,37.16555367,0
1506709164,22548696,291.37,1.00000000,1
1506709164,22548695,291.40,0.27380000,1
1506709163,22548694,291.41,11.61888300,1
1506709154,22548691,291.92,0.43244513,0
1506709154,22548690,291.92,0.46000000,0
1506709154,22548689,291.91,0.33785137,0
1506709126,22548685,291.91,3.43525100,0
1506709126,22548681,291.91,0.30128600,0
1506709115,22548676,291.88,0.01230891,0
1506709115,22548674,291.88,5.82000000,0
1506709114,22548673,291.88,0.72969109,0
1506709109,22548669,291.88,0.24797862,0
1506709106,22548663,291.88,5.79919829,0
1506709103,22548652,291.88,0.02313200,0
1506709044,22548625,291.90,4.07438800,0
1506709031,22548622,291.91,0.06353082,0
1506709030,22548621,291.88,0.07877718,0
1506709027,22548620,291.39,1.88900000,1
1506708989,22548611,291.88,0.38122282,0
1506708989,22548610,291.87,0.07877718,0
1506708975,22548598,291.87,0.19522282,0
1506708903,22548574,291.25,0.12677470,0
1506708903,22548573,291.25,0.27400000,1
1506708842,22548491,291.48,2.33488870,0
1506708842,22548490,291.37,0.00000030,0
1506708836,22548489,291.37,7.68965000,0
1506708815,22548471,291.37,0.35072258,0
1506708801,22548458,291.37,1.95962712,1
1506708722,22548442,291.52,4.99999967,1
1506708689,22548435,291.49,0.00000033,0
1506708652,22548422,291.49,3.96791000,0
1506708650,22548421,291.49,1.82070878,0
1506708650,22548420,291.48,3.96791022,0
1506708644,22548418,291.33,1.16630626,0
1506708643,22548416,291.33,0.36686919,0
1506708640,22548409,291.33,5.00000000,0
1506708634,22548406,291.33,0.32890536,0
1506708566,22548361,291.33,4.13791919,0
1506708555,22548356,291.32,2.82052852,0
1506708553,22548355,291.31,12.86700000,0
1506708354,22548278,290.77,0.79351687,1
1506708354,22548277,290.79,0.04498091,1
1506708319,22548253,291.08,3.42765884,1
1506708319,22548252,291.09,0.41338178,1
1506708318,22548250,291.20,0.30000000,1
1506708300,22548220,291.49,0.51861000,0
1506708272,22548209,291.49,1.42539900,0
1506708271,22548208,291.49,0.10751000,0
1506708271,22548207,291.49,0.11181500,0
1506708270,22548206,291.49,2.00317400,0
1506708209,22548196,291.49,0.04487289,1
1506708151,22548164,291.59,3.10401000,0
1506708137,22548147,291.59,0.20000000,1
1506708137,22548146,291.59,1.80000000,0
1506708136,22548145,291.59,5.00000000,0
1506708109,22548132,291.82,0.40650000,0
1506708104,22548128,291.83,0.40650000,0
1506708062,22548117,291.00,2.58924920,0
1506708061,22548116,291.00,1.37515191,0
1506708054,22548113,291.00,1.10000000,0
1506708052,22548111,291.00,0.07993000,0
1506708050,22548110,291.00,2.19634100,0
1506708050,22548109,291.00,2.09659153,0
1506708050,22548108,291.00,1.37978304,0
1506707976,22548086,291.00,7.12273732,0
1506707975,22548084,291.09,12.06021600,1
1506707950,22548067,291.63,28.94176333,1
1506707950,22548066,291.63,1.05823667,1
1506707949,22548065,291.64,2.05470833,1
1506707847,22548024,291.97,1.00000000,0
1506707797,22547987,292.24,1.35915869,0
1506707797,22547986,291.00,0.15450846,0
1506707795,22547985,291.00,4.13439639,0
1506707795,22547984,291.37,3.96791022,1
1506707723,22547931,291.00,1.81000000,0
1506707723,22547929,291.00,30.00000000,0
1506707714,22547925,291.00,96.19000000,0
1506707714,22547923,290.99,3.81000000,0
1506707709,22547919,290.98,5.09169670,0
1506707709,22547918,290.97,2.06206825,0
1506707655,22547890,290.98,3.84104062,1
1506707655,22547888,290.70,0.30000000,0
1506707564,22547838,290.31,0.82740006,1
1506707441,22547738,290.31,1.66292304,1
1506707318,22547666,290.71,0.14100000,1
1506707148,22547559,291.00,7.10334012,1
1506707139,22547550,291.00,6.13810000,1
1506707121,22547534,291.00,2.02905000,1
1506707117,22547527,291.00,1.29516242,1
1506707117,22547522,291.00,1.81303542,1
1506707111,22547513,291.00,11.03309400,1
1506707111,22547511,291.00,3.09140008,1
1506707106,22547498,291.00,2.49854400,1
1506707102,22547485,291.00,0.99827396,1
1506707102,22547483,291.01,0.67626904,1
1506707101,22547482,291.01,0.64769700,1
1506707100,22547480,291.02,1.00000000,1
1506707100,22547479,291.11,0.50000000,1
1506706799,22547284,291.79,0.20000000,0
1506706793,22547244,291.66,0.39956770,0
1506706647,22547121,291.80,1.31777230,1
1506706647,22547119,291.80,7.80191913,1
1506706645,22547113,291.80,5.03000000,0
1506706644,22547112,291.78,1.02314200,0
1506706640,22547104,291.00,0.08602741,1
1506706639,22547102,291.00,0.31354029,0
1506706615,22547079,291.00,0.03109500,0
1506706615,22547078,291.00,0.00000500,0
1506706605,22547060,291.00,0.27199500,0
1506706601,22547055,291.00,0.25505086,0
1506706600,22547054,291.00,0.47294914,0
1506706600,22547053,290.99,0.27200000,0
1506706592,22547044,290.29,0.51186413,0
1506706589,22547038,290.29,1.39619001,0
1506706588,22547035,290.29,5.00000000,0
1506706586,22547027,290.29,1.42295635,0
1506706571,22547011,290.51,0.24037038,0
1506706570,22547009,290.51,0.16098700,0
1506706569,22547005,290.51,0.70200000,0
1506706569,22547004,290.51,10.41850000,0
1506706569,22547003,290.50,0.27150000,0
1506706567,22547001,290.51,1.55255886,0
1506706563,22546996,290.28,2.57984335,0
1506706563,22546994,290.42,0.02995661,1
1506706561,22546992,290.50,0.52705086,1
1506706559,22546991,290.50,0.47294914,1
1506706555,22546990,290.70,5.00000000,1
1506706555,22546989,290.71,2.97477061,1
1506706555,22546988,290.71,0.61980266,1
1506706550,22546984,290.71,1.34000000,1
1506706528,22546948,290.71,2.97477061,0
1506706528,22546946,290.71,1.23929141,0
1506706525,22546943,290.71,5.49000000,1
1506706525,22546942,290.89,10.29593798,1
1506706525,22546939,290.89,4.84000000,1
1506706521,22546919,290.89,2.12000000,1
1506706516,22546907,290.89,5.22000000,1
1506706511,22546902,290.89,0.96000000,1
1506706510,22546901,290.97,0.95977288,0
1506706509,22546898,290.97,0.68287616,0
1506706508,22546896,290.97,1.50000000,1
1506706507,22546893,290.98,0.68630770,0
1506706506,22546891,290.98,2.56369230,0
1506706506,22546890,290.98,2.22630770,0
1506706506,22546888,290.98,0.28369230,0
1506706504,22546884,290.98,1.03000000,1
1506706503,22546881,290.98,5.11000000,1
1506706483,22546858,291.36,5.50000000,0
1506706483,22546856,291.36,0.04836773,0
1506706481,22546853,291.38,5.45163227,1
1506706475,22546836,292.79,0.34072202,0
1506706412,22546682,292.03,0.50000000,1
1506706406,22546675,291.04,0.89582979,1
1506706406,22546673,291.04,7.46000000,1
1506706406,22546671,292.01,0.44000000,1
1506706406,22546669,292.01,0.70877709,1
1506706405,22546668,292.01,12.63752000,0
1506706405,22546665,292.03,0.08487312,1
1506706403,22546659,292.40,0.27300000,1
1506706367,22546607,292.97,1.00000000,1
1506706364,22546606,293.00,3.60000000,1
1506706364,22546605,293.00,4.02796800,1
1506706338,22546578,293.00,1.14406400,1
1506706322,22546554,293.00,1.82796800,1
1506706322,22546553,293.06,2.47693700,1
1506706322,22546552,293.06,4.32306300,1
1506706316,22546536,293.01,0.27150000,1
1506706316,22546534,293.01,2.04652963,1
1506706315,22546532,293.18,0.07145780,1
1506706305,22546518,293.35,7.09502244,0
1506706295,22546499,293.26,0.27200000,1
1506706280,22546460,293.22,0.54000000,0
1506706279,22546459,293.22,0.54000000,0
1506706278,22546456,293.22,0.54000000,0
1506706277,22546454,293.22,0.27000000,0
1506706277,22546453,293.22,0.27000000,0
1506706276,22546452,293.22,0.27000000,0
1506706276,22546451,293.21,0.27200000,1
1506706275,22546450,293.22,0.27000000,0
1506706275,22546449,293.22,0.27000000,0
1506706274,22546447,293.22,0.27000000,0
1506706273,22546446,293.22,0.27000000,0
1506706272,22546445,293.21,0.27120000,1
1506706264,22546428,293.59,0.27200000,1
1506706262,22546426,293.95,2.04116346,1
1506706259,22546420,293.95,1.21587899,0
1506706258,22546417,293.95,3.78408700,1
1506706258,22546416,293.18,1.71591300,0
1506706257,22546414,293.33,5.50000000,0
1506706256,22546412,293.95,2.78408700,1
1506706255,22546408,293.95,2.71591300,1
1506706252,22546399,293.19,0.59152941,1
1506706252,22546397,293.97,0.40587059,1
1506706252,22546396,293.97,1.62999200,1
1506706249,22546391,293.97,2.45592896,1
1506706248,22546390,293.65,1.00820845,0
1506706247,22546387,293.65,5.00000000,0
1506706247,22546385,293.65,4.75707180,1
1506706247,22546384,293.65,0.40763681,1
1506706246,22546382,293.65,0.33529139,1
1506706246,22546380,293.72,0.28093766,1
1506706246,22546379,294.00,0.39200680,1
1506706246,22546378,294.04,0.28076246,1
1506706246,22546376,294.06,2.85669900,1
1506706245,22546374,294.06,0.27100000,1
1506706243,22546372,294.07,3.48000000,0
1506706243,22546371,294.07,0.19000000,0
1506706241,22546369,294.06,3.40110100,1
1506706241,22546368,294.07,0.27000000,0
1506706240,22546363,294.07,0.27000000,0
1506706239,22546361,294.08,0.27000000,1
1506706229,22546340,294.04,0.27120000,0
1506706228,22546339,294.03,2.14603000,1
1506706228,22546338,294.04,0.27120000,1
1506706213,22546326,294.04,6.90463839,1
1506706174,22546309,294.03,0.86261753,1
1506706173,22546308,294.30,0.10268434,1
1506706166,22546307,294.08,5.11134496,0
1506706166,22546306,294.08,4.84000000,0
1506706165,22546305,294.08,1.93477500,1
1506706162,22546303,294.08,2.90522500,1
1506706162,22546302,294.10,6.80000000,1
1506706150,22546296,294.29,0.27100000,1
1506706150,22546295,294.40,0.10281929,1
1506706150,22546294,294.45,5.00000000,1
1506706012,22546190,294.40,15.28578253,1
1506706012,22546189,294.42,1.70589857,1
1506706010,22546188,294.51,3.00831890,1
1506705809,22546110,295.00,0.89440677,0
1506705808,22546108,294.99,0.12000000,0
1506705803,22546089,295.00,26.51748628,0
1506705798,22546076,295.00,2.88000000,0
1506705798,22546074,295.00,0.34983492,0
1506705798,22546072,294.99,0.14000000,0
1506705798,22546071,294.84,0.10266508,0
1506705782,22546033,294.55,0.10266508,1
1506705780,22546030,294.55,0.02396691,1
1506705780,22546029,294.55,0.10280088,1
1506705759,22546016,295.00,0.51950400,0
1506705759,22546015,294.99,0.12000000,0
1506705745,22546011,295.00,1.03460037,0
1506705745,22546010,294.99,0.14000000,0
1506705745,22546009,294.85,0.27100000,0
1506705745,22546008,294.84,0.10256323,0
1506705744,22546007,294.63,0.19933736,0
1506705744,22546006,294.63,0.10173686,0
1506705740,22546003,294.63,0.16926314,0
1506705657,22545979,294.55,0.10256323,1
1506705655,22545974,294.63,0.00135500,1
1506705653,22545963,294.63,0.26964500,1
1506705649,22545958,295.00,2.73545762,0
1506705647,22545957,294.99,0.65000000,0
1506705604,22545951,295.00,8.07077966,0
1506705604,22545950,294.99,0.11000000,0
1506705524,22545925,294.98,0.11490604,0
1506705477,22545910,295.00,2.38100000,0
1506705477,22545909,294.99,0.12000000,0
1506705477,22545908,294.89,0.19900000,0
1506705422,22545886,294.55,0.10574900,1
1506705405,22545849,294.89,0.00100000,1
1506705403,22545835,294.89,0.19900000,1
1506705364,22545792,295.00,1.82561283,0
1506705364,22545791,294.99,0.18000000,0
1506705354,22545785,294.99,0.17141875,0
1506705326,22545781,295.00,1.96445345,0
1506705326,22545780,295.00,0.10159160,0
1506705325,22545779,295.00,0.53000000,0
1506705325,22545777,295.00,0.10159160,0
1506705324,22545775,295.00,2.45099100,0
1506705324,22545774,295.00,8.10000000,0
1506705324,22545773,295.00,1.78000000,0
1506705323,22545772,294.99,0.22000000,0
1506705319,22545769,294.98,0.08477807,0
1506705304,22545759,294.99,0.26121518,0
1506705297,22545751,295.00,11.63341623,0
1506705297,22545750,294.99,0.03481595,0
1506705293,22545744,294.99,0.22518405,0
1506705289,22545743,294.95,0.40077470,0
1506705268,22545719,294.95,1.00000000,0
1506705254,22545707,294.96,0.81830000,0
1506705253,22545706,294.96,1.00000000,0
1506705249,22545700,295.00,0.10159160,0
1506705248,22545696,295.00,3.91171050,0
1506705248,22545695,294.99,0.31000000,0
1506705248,22545694,294.97,3.43581156,0
1506705197,22545654,294.97,0.38620192,1
1506705166,22545641,294.97,5.79900000,0
1506705113,22545615,294.42,2.00000000,1
1506705074,22545608,295.00,7.49640082,0
1506705074,22545607,294.99,0.36000000,0
1506705074,22545606,294.77,0.02840000,0
1506705044,22545583,294.39,0.32895140,0
1506705037,22545578,294.37,0.87831545,1
1506705036,22545577,294.36,4.99996603,0
1506705026,22545571,294.35,8.81100000,1
1506704937,22545531,295.00,1.31239191,0
1506704937,22545530,294.99,2.03396725,0
1506704936,22545529,294.99,0.36000000,0
1506704936,22545528,294.98,1.06580979,0
1506704925,22545525,294.97,3.24613760,0
1506704858,22545490,294.37,3.00000000,1
1506704833,22545486,294.82,0.02000000,0
1506704827,22545479,294.85,0.24260000,0
1506704812,22545476,294.40,0.30844249,1
1506704799,22545468,294.21,0.20000000,0
1506704799,22545467,294.28,0.27100000,1
1506704794,22545464,294.29,3.68994916,1
1506704671,22545404,294.54,0.83372977,0
1506704646,22545392,295.00,0.10151254,0
1506704613,22545384,295.00,0.45352689,0
1506704586,22545371,295.00,1.20441145,0
1506704583,22545368,295.00,1.16557458,0
1506704563,22545355,294.54,1.20758140,1
1506704563,22545354,294.66,0.03821223,1
1506704548,22545350,294.73,0.20000000,1
1506704523,22545337,295.00,0.09000000,0
1506704494,22545333,295.00,0.15993014,0
1506704454,22545316,295.00,0.10145075,0
1506704453,22545315,295.00,10.81310000,0
1506704444,22545314,295.00,1.16246547,0
1506704434,22545313,295.00,0.10148506,0
1506704434,22545312,295.00,1.22747100,0
1506704425,22545310,294.88,0.20000000,1
1506704424,22545307,295.00,3.00875995,0
1506704419,22545305,295.00,0.90000000,0
1506704419,22545304,294.99,0.10000000,0
1506704334,22545275,295.00,25.20295783,0
1506704329,22545274,295.00,0.03000000,0
1506704329,22545273,294.99,0.12000000,0
1506704286,22545259,295.00,0.99749153,0
1506704278,22545254,295.00,3.50704217,0
1506704278,22545253,294.99,0.99000000,0
1506704278,22545252,294.99,0.15000000,0
1506704270,22545250,294.98,4.01571534,0
1506704254,22545245,295.00,0.33000000,0
1506704254,22545244,294.99,0.17000000,0
1506704244,22545241,295.00,0.10136847,0
1506704244,22545240,295.00,1.33710000,0
1506704243,22545239,295.00,1.52103735,0
1506704240,22545238,295.00,0.20200000,0
1506704238,22545237,295.00,8.47300407,0
1506704238,22545236,295.00,1.64846297,0
1506704238,22545235,294.99,0.21000000,0
1506704224,22545227,294.99,0.10000000,0
1506704220,22545223,295.00,13.51612215,0
1506704220,22545222,294.99,0.06000000,0
1506704213,22545219,294.99,0.20000000,0
1506704207,22545213,295.00,5.78414309,0
1506704204,22545208,295.00,19.80088506,0
1506704129,22545180,295.62,4.99999479,0
1506704127,22545179,295.00,0.00000521,0
1506704077,22545169,295.00,2.64351200,0
1506704070,22545161,295.00,7.98752000,0
1506704064,22545153,295.00,0.45590000,0
1506704060,22545151,295.00,8.84261016,0
1506704054,22545147,295.00,28.74410000,0
1506704054,22545146,295.00,0.80000000,0
1506704049,22545143,295.00,0.27574865,0
1506704040,22545136,295.00,0.02000000,0
1506704038,22545135,295.00,0.16015135,0
1506704028,22545124,295.00,7.10143051,0
1506704026,22545099,295.00,7.00000000,0
1506704025,22545097,295.00,0.51000000,0
1506704024,22545096,295.00,0.51000000,0
1506704024,22545095,295.00,1.12000000,0
1506704018,22545091,295.00,0.53950000,0
1506704016,22545090,295.00,0.76000000,0
1506704014,22545089,295.00,0.56429053,0
1506704014,22545088,295.00,0.10147820,0
1506704014,22545087,295.00,8.35838089,0
1506704013,22545086,294.99,0.31000000,0
1506703994,22545065,295.00,0.37477700,0
1506703994,22545063,294.99,0.13300000,0
1506703990,22545059,294.71,1.00000000,1
1506703986,22545054,295.00,0.99378984,0
1506703986,22545053,294.99,0.08621016,0
1506703985,22545052,294.99,0.14215041,0
1506703985,22545051,294.99,0.14163943,0
1506703978,22545042,294.99,0.23008885,0
1506703978,22545041,294.99,0.13131600,0
1506703969,22545035,295.00,26.05478926,0
1506703958,22545029,295.00,0.57000000,0
1506703958,22545027,295.00,23.08201640,0
1506703958,22545026,294.99,0.48000000,0
1506703957,22545025,294.98,5.86798360,0
1506703861,22544982,295.00,0.43000000,0
1506703861,22544981,294.99,0.57000000,0
1506703811,22544967,294.98,0.20000000,0
1506703789,22544959,294.98,0.37000000,0
1506703715,22544931,294.47,6.23798360,1
1506703715,22544930,294.75,0.20000000,1
1506703702,22544923,295.05,0.20000000,1
1506703702,22544922,295.30,0.20000000,1
1506703701,22544920,295.50,0.20000000,1
1506703675,22544910,295.65,0.00000784,1
1506703673,22544906,295.65,0.19999216,1
1506703634,22544891,295.76,3.71158653,1
1506703633,22544890,295.76,2.02867190,0
1506703624,22544886,295.81,7.01531272,0
1506703619,22544884,295.17,1.02670124,1
1506703618,22544883,295.18,2.02729876,1
1506703615,22544882,295.00,0.82649140,0
1506703615,22544881,294.99,0.27020000,0
1506703614,22544880,294.98,2.03403621,0
1506703613,22544879,294.02,1.98691300,1
1506703613,22544878,294.42,0.28027106,1
1506703613,22544877,294.64,0.08060684,1
1506703603,22544873,294.85,6.54203888,1
1506703601,22544872,294.85,6.80000000,1
1506703589,22544869,294.90,9.08765860,1
1506703589,22544868,294.90,0.91234140,1
1506703561,22544856,294.82,6.47643311,1
1506703561,22544855,294.83,0.23000000,1
1506703548,22544845,294.86,5.13495954,1
1506703548,22544844,294.87,10.20000000,1
1506703545,22544843,294.86,7.01531272,1
1506703519,22544828,294.97,0.07768048,1
1506703519,22544827,295.09,0.10000000,1
1506703508,22544823,295.09,0.10000000,1
1506703494,22544820,295.12,0.20000000,1
1506703494,22544818,295.13,0.27020000,1
1506703494,22544817,295.13,0.54214962,1
1506703482,22544812,295.13,0.40053233,1
1506703471,22544806,295.13,0.12352616,1
1506703471,22544805,295.13,0.10000000,1
1506703471,22544804,295.13,0.10000000,1
1506703459,22544794,295.16,0.10000000,1
1506703459,22544793,295.16,0.10000000,1
1506703459,22544792,295.18,0.10000000,1
1506703459,22544791,295.18,0.10000000,1
1506703459,22544790,295.20,0.10000000,1
1506703459,22544789,295.20,0.08820239,1
1506703447,22544785,295.20,0.01179761,1
1506703447,22544784,295.22,0.10000000,1
1506703447,22544783,295.22,0.10000000,1
1506703445,22544780,295.98,0.98228683,1
1506703444,22544778,295.98,3.06417600,1
1506703442,22544771,295.98,0.27020000,1
1506703424,22544766,295.98,0.98228700,1
1506703384,22544752,295.98,3.94251303,0
1506703361,22544747,295.51,0.10000000,0
1506703361,22544746,295.48,0.10000000,0
1506703361,22544745,295.47,7.15000000,0
1506703360,22544744,295.46,0.10000000,0
1506703360,22544743,295.44,0.10000000,0
1506703360,22544742,295.29,0.10000000,0
1506703217,22544626,295.24,3.50000000,1
1506702989,22544543,295.23,7.15750853,1
1506702950,22544526,295.00,1.14213730,0
1506702950,22544525,295.00,0.63125074,0
1506702949,22544524,295.11,0.10027118,1
1506702949,22544523,295.28,0.10000000,1
1506702949,22544522,295.29,0.20000000,1
1506702949,22544521,295.30,0.15614078,1
1506702949,22544520,295.32,0.10000000,1
1506702949,22544519,295.35,0.10000000,1
1506702949,22544518,295.37,0.10000000,1
1506702948,22544517,295.39,0.10000000,1
1506702948,22544516,295.41,0.10000000,1
1506702948,22544515,295.43,0.27020000,1
1506702948,22544514,295.86,0.10000000,1
1506702948,22544513,295.90,0.10000000,1
1506702948,22544512,295.93,0.10000000,1
1506702948,22544511,295.95,0.10000000,1
1506702835,22544439,295.99,0.83250800,1
1506702833,22544437,296.00,11.04641139,0
1506702833,22544436,295.99,0.39000000,0
1506702831,22544431,295.96,1.06314189,0
1506702785,22544397,295.97,0.36000000,0
1506702784,22544395,295.97,0.10000000,1
1506702769,22544385,295.99,0.10000000,1
1506702710,22544325,295.42,0.63810992,1
1506702710,22544324,296.02,0.04428755,1
1506702688,22544312,296.00,23.63145527,0
1506702688,22544311,295.99,0.62324740,0
1506702687,22544310,295.98,0.04430266,0
1506702658,22544297,295.48,2.74529011,0
1506702628,22544278,295.98,1.06313983,0
1506702628,22544277,295.74,0.00004011,0
1506702627,22544276,295.74,0.06849813,0
1506702627,22544273,295.74,0.01165889,0
1506702612,22544246,295.36,1.20433000,1
1506702612,22544244,295.74,0.18834111,0
1506702609,22544235,295.35,0.86754500,1
1506702603,22544220,295.30,0.12329673,1
1506702603,22544218,295.50,0.73430327,1
1506702600,22544203,295.50,5.39869165,1
1506702600,22544202,295.54,0.20000000,1
1506702600,22544201,295.60,1.10744249,1
1506702600,22544199,295.63,2.92863586,1
1506702600,22544197,295.74,0.20000000,1
1506702593,22544173,295.99,2.93084563,0
1506702592,22544172,295.89,0.10000000,0
1506702584,22544156,295.89,0.20000000,1
1506702548,22544139,295.61,17.84392986,1
1506702527,22544123,296.00,5.11114864,0
1506702526,22544122,296.00,34.10761756,0
1506702526,22544121,295.94,5.89238244,0
1506702526,22544118,295.99,0.23145081,1
1506702515,22544114,296.00,1.17213900,0
1506702514,22544113,296.00,2.10219700,0
1506702491,22544104,296.00,0.71940100,0
1506702488,22544098,296.00,1.26965000,0
1506702487,22544097,296.00,1.22425913,0
1506702486,22544094,296.00,9.83535000,0
1506702485,22544092,296.00,1.22612511,0
1506702483,22544082,296.00,3.93874999,0
1506702483,22544080,296.00,0.38324248,0
1506702482,22544075,296.00,2.00065305,0
1506702482,22544071,296.00,1.26965000,0
1506702481,22544068,296.00,1.22575044,0
1506702480,22544062,296.00,1.26965000,0
1506702479,22544053,296.00,1.21466555,0
1506702478,22544050,296.00,3.92777026,0
1506702478,22544048,296.00,0.21274054,0
1506702477,22544043,296.00,0.38326196,0
1506702477,22544036,296.00,3.91655405,0
1506702476,22544033,296.00,1.22608192,0
1506702475,22544024,296.00,3.67604729,0
1506702474,22544020,295.99,0.23156654,0
1506702472,22544013,295.99,3.90638197,0
1506702400,22543950,296.00,4.06342242,0
1506702399,22543948,296.00,1.00000000,0
1506702368,22543929,296.00,3.07300675,0
1506702357,22543916,296.00,7.43144500,0
1506702355,22543915,296.00,4.42236476,0
1506702355,22543914,295.95,1.47651624,0
1506702347,22543910,295.95,2.88750800,0
1506702343,22543908,295.95,1.00000000,0
1506702328,22543904,296.00,2.67285250,0
1506702319,22543900,296.00,0.29274833,0
1506702319,22543899,295.99,3.63454567,0
1506702295,22543889,295.98,4.13794851,0
1506702258,22543865,295.93,3.05418882,0
1506702256,22543863,295.61,2.54358940,1
1506702256,22543862,295.62,0.51635943,1
1506702188,22543811,295.79,0.20000000,1
1506702085,22543737,295.80,10.82668300,1
1506702065,22543709,295.83,0.05093500,1
1506702065,22543707,295.89,0.10000000,1
1506702065,22543705,295.94,0.04906500,1
1506702054,22543690,295.94,0.15093500,1
1506702042,22543673,296.06,0.95815038,1
1506702036,22543662,296.03,2.59594265,1
1506702036,22543661,296.45,0.17810106,1
1506702036,22543660,296.70,0.00000318,1
1506702007,22543626,296.70,0.00003051,1
1506702007,22543625,296.97,6.60631949,1
1506702005,22543623,296.97,0.29000000,0
1506701999,22543607,296.70,0.82645771,1
1506701988,22543572,296.99,0.27792915,0
1506701982,22543566,296.99,0.19528066,0
1506701982,22543565,296.99,3.49789209,0
1506701982,22543563,296.93,0.27949134,0
1506701975,22543549,296.92,0.82133942,0
1506701975,22543548,296.90,0.10000000,0
1506701973,22543542,296.65,0.64317895,0
1506701973,22543541,296.65,0.09682105,0
1506701973,22543540,296.65,0.10000000,0
1506701970,22543532,296.62,1.10363423,0
1506701970,22543528,296.60,3.00000000,0
1506701968,22543520,296.45,0.10000000,0
1506701961,22543503,296.05,3.00000000,1
1506701958,22543501,296.44,0.02340000,0
1506701957,22543500,296.44,0.20018545,0
1506701957,22543499,296.44,0.07980400,0
1506701957,22543498,296.30,0.10000000,0
1506701957,22543497,296.24,0.08008873,0
1506701915,22543429,296.24,3.41462700,0
1506701915,22543428,296.24,0.04367000,0
1506701914,22543424,296.25,2.55059668,0
1506701914,22543423,295.91,0.06630732,0
1506701908,22543415,295.91,0.03369268,0
1506701899,22543385,295.90,0.73000000,0
1506701848,22543270,296.00,2.52245786,1
1506701842,22543250,295.63,0.08034281,0
1506701842,22543248,295.58,0.02350000,0
1506701832,22543220,295.00,6.13688696,0
1506701823,22543200,295.00,3.05418882,0
1506701821,22543187,295.00,4.20362700,0
1506701820,22543183,295.00,1.08887626,0
1506701820,22543181,294.98,0.44972974,0
1506701813,22543161,294.98,0.74027026,0
1506701801,22543136,295.00,2.45741072,0
1506701801,22543135,295.00,0.34323069,0
1506701801,22543134,294.68,0.06078659,0
1506701790,22543111,294.68,0.66921341,0
1506701790,22543110,294.50,0.39136808,0
1506701790,22543109,294.36,0.10000000,0
1506701782,22543085,294.25,0.10000000,0
1506701780,22543069,294.24,1.48111786,0
1506701778,22543068,294.24,0.90993400,0
1506701776,22543057,294.24,0.03388390,0
1506701769,22543048,294.24,0.24000000,0
1506701767,22543040,294.24,1.49745331,0
1506701751,22543022,294.07,0.10000000,0
1506701749,22543021,294.06,0.10000000,0
1506701738,22543012,293.99,0.86000000,0
1506701718,22542997,294.00,23.94312925,0
1506701710,22542990,294.00,2.96719470,0
1506701685,22542956,294.00,0.84728947,0
1506701679,22542946,294.00,0.26948563,0
1506701661,22542916,294.00,1.34950118,0
1506701608,22542883,293.71,10.84313336,1
1506701608,22542882,293.73,0.20000000,1
1506701568,22542844,294.00,3.17542294,0
1506701568,22542843,293.99,6.82457706,0
1506701559,22542832,293.99,1.36000000,0
1506701553,22542819,293.99,0.20021089,0
1506701551,22542808,293.99,6.93034600,0
1506701550,22542803,293.99,4.88000000,0
1506701549,22542802,293.99,1.00159869,0
1506701549,22542800,293.99,2.13237100,0
1506701548,22542799,293.99,6.99397300,0
1506701537,22542777,293.99,1.00000000,0
1506701537,22542775,293.88,0.20000000,1
1506701536,22542774,293.99,15.63389800,0
1506701536,22542773,293.99,0.00000018,0
1506701536,22542772,293.98,1.00000000,0
1506701536,22542771,293.96,0.42608382,0
1506701535,22542769,293.93,0.27200000,0
1506701510,22542739,293.96,0.03391618,0
1506701399,22542649,293.99,1.36457022,0
1506701399,22542647,293.97,0.23000000,0
1506701398,22542646,293.89,0.10282987,0
1506701385,22542636,293.89,0.10303444,0
1506701385,22542635,293.81,0.10000000,0
1506701384,22542634,293.61,0.10000000,0
1506701384,22542633,293.59,0.10289806,0
1506701384,22542632,293.46,0.10000000,0
1506701364,22542620,293.40,0.70538334,0
1506701233,22542510,293.04,0.55064650,0
1506701233,22542509,293.04,0.27200000,1
1506701233,22542508,293.33,0.06586702,1
1506701229,22542505,293.33,1.91000000,0
1506701229,22542504,293.25,0.02413298,0
1506701206,22542487,293.00,48.32154504,0
1506701205,22542485,293.00,9.54026300,0
1506701194,22542475,293.00,7.15750853,0
1506701193,22542474,293.00,0.10000000,0
1506701192,22542473,293.00,1.11873700,0
1506701191,22542472,293.00,1.00000000,0
1506701188,22542469,293.00,1.00200000,0
1506701188,22542468,293.00,0.10000000,0
1506701186,22542466,293.00,4.16238907,0
1506701173,22542457,293.00,1.00200000,0
1506701171,22542454,293.00,1.97921600,0
1506701163,22542449,293.00,1.95829192,0
1506701162,22542448,292.99,1.09248980,0
1506701160,22542446,292.99,1.10200000,0
1506701149,22542432,293.00,18.94396535,0
1506701149,22542431,292.99,3.32314008,0
1506701117,22542412,292.99,1.55007508,0
1506701112,22542402,292.99,0.02467456,0
1506701110,22542398,292.98,0.22998157,1
1506701100,22542383,292.99,0.10211028,0
1506701073,22542378,293.00,0.30000000,0
1506701072,22542377,293.00,0.75271498,0
1506701072,22542376,292.99,4.24728502,0
1506701072,22542375,292.99,0.25800000,0
1506701071,22542374,292.99,0.14471498,0
1506701070,22542367,292.99,0.05000000,0
1506701069,22542366,292.99,0.30000000,0
1506701058,22542363,293.00,5.18230489,0
1506701058,22542362,292.99,3.21769511,0
1506701058,22542361,292.99,0.30000000,0
1506701049,22542360,292.99,0.10217288,0
1506701038,22542355,292.99,1.38013201,0
1506701008,22542348,293.00,5.64320699,0
1506701008,22542347,292.99,1.29679301,0
1506700986,22542335,292.77,0.74200530,1
1506700983,22542328,292.99,0.85494620,0
1506700980,22542326,292.99,2.74610183,0
1506700944,22542313,292.99,0.10215896,0
1506700934,22542301,293.00,0.20000000,0
1506700933,22542300,293.00,8.40000000,0
1506700932,22542299,293.00,0.10215896,0
1506700921,22542288,293.00,0.04488289,0
1506700921,22542287,292.99,0.10000000,0
1506700919,22542285,293.00,0.08431792,0
1506700919,22542284,292.99,0.01784104,0
1506700910,22542282,292.99,0.10215896,0
1506700908,22542281,292.99,5.00000000,0
1506700898,22542273,293.00,0.02413371,0
1506700898,22542272,292.99,0.07793488,0
1506700898,22542271,292.99,0.10206512,0
1506700892,22542269,293.00,0.31112986,0
1506700892,22542268,292.99,0.18000000,0
1506700878,22542258,293.00,0.10212071,0
1506700878,22542256,293.00,3.19000000,0
1506700878,22542254,292.99,0.21000000,0
1506700878,22542253,292.99,5.00000000,0
1506700828,22542240,293.00,0.10203735,0
1506700822,22542239,293.00,7.17507583,0
1506700822,22542238,293.00,1.07692682,0
1506700822,22542237,292.99,0.14799735,0
1506700819,22542235,292.99,0.10200265,0
1506700798,22542227,293.00,21.97712386,0
1506700798,22542226,292.99,0.29000000,0
1506700784,22542221,292.99,0.10203735,0
1506700783,22542220,292.99,0.10203041,0
1506700782,22542219,292.99,0.10203041,0
1506700769,22542215,293.00,4.33742386,0
1506700768,22542214,293.00,17.00900000,0
1506700767,22542213,293.00,0.51070000,0
1506700767,22542212,292.99,0.41000000,0
1506700747,22542205,293.00,1.34780000,0
1506700740,22542202,293.00,0.03933283,0
1506700736,22542201,293.00,13.40789388,0
1506700736,22542200,292.99,0.49000000,0
1506700728,22542199,293.00,2.78664458,0
1506700727,22542198,293.00,5.00258540,0
1506700727,22542197,292.99,0.58000000,0
1506700719,22542194,293.00,2.94203403,0
1506700718,22542193,293.00,0.82165687,0
1506700718,22542192,292.99,0.50469811,0
1506700710,22542188,292.99,0.34530189,0
1506700708,22542187,293.00,17.01400000,0
1506700707,22542186,293.00,0.13473485,0
1506700707,22542185,292.99,0.85000000,0
1506700683,22542168,292.99,0.74485810,1
1506700678,22542163,293.00,0.10211375,0
1506700673,22542160,293.00,0.10211375,0
1506700671,22542159,293.00,0.10210680,0
1506700670,22542158,293.00,15.84500000,0
1506700670,22542157,292.99,1.17000000,0
1506700668,22542155,292.99,0.10210680,0
1506700660,22542151,292.99,0.10208596,0
1506700650,22542149,292.99,0.10207206,0
1506700629,22542143,293.00,4.45790771,0
1506700629,22542142,292.99,1.42000000,0
1506700615,22542137,292.98,1.72000000,1
1506700609,22542136,292.99,0.10202347,0
1506700588,22542133,292.97,8.97002812,1
1506700588,22542112,292.96,4.93933544,0
1506700588,22542108,292.94,0.89289885,0
1506700588,22542104,292.84,5.00000000,0
1506700587,22542099,292.69,0.00000335,0
1506700458,22542048,292.69,0.10000000,1
1506700455,22542045,292.83,0.10000000,0
1506700287,22542006,292.95,0.27286356,1
1506700220,22541993,293.00,0.04952218,0
1506700209,22541992,293.00,18.93337883,0
1506700209,22541991,292.99,1.71000000,1
1506700207,22541989,292.98,0.09442148,0
1506700033,22541945,292.96,0.34134353,1
1506700031,22541943,292.97,4.39147000,1
1506700017,22541926,292.97,0.98152789,0
1506700017,22541925,292.97,0.47000000,0
1506700017,22541924,292.97,0.20088211,0
1506700016,22541923,292.97,0.37832680,0
1506700015,22541919,292.97,0.39593300,0
1506700015,22541911,292.97,1.59999500,0
1506700015,22541907,292.97,3.75486309,0
1506700014,22541905,292.96,0.83850791,0
1506700014,22541903,292.95,0.27300000,0
1506700013,22541898,292.96,1.20955326,0
1506700011,22541890,292.99,0.93071212,0
1506700011,22541889,292.97,0.47000000,0
1506700011,22541887,292.97,6.25604931,0
1506700010,22541881,292.97,0.07187517,0
1506700008,22541868,292.97,0.47207552,0
1506700006,22541860,292.40,0.23189056,1
1506700006,22541859,292.43,0.27300000,1
1506699999,22541853,292.98,2.12610616,0
1506699991,22541850,292.98,1.40000000,1
1506699989,22541848,292.98,1.36458694,1
1506699989,22541847,292.92,3.83086675,0
1506699986,22541846,292.92,0.02000000,0
1506699978,22541845,292.92,1.70742671,0
1506699978,22541844,292.92,2.46037400,0
1506699972,22541842,292.92,15.74932315,0
1506699972,22541841,292.91,2.35000000,0
1506699955,22541838,292.39,2.04546000,1
1506699950,22541835,292.92,4.19169400,0
1506699949,22541834,292.92,11.21425486,0
1506699949,22541833,292.91,2.79000000,0
1506699932,22541830,292.92,0.77797622,0
1506699932,22541829,292.91,3.32000000,0
1506699922,22541828,292.92,7.36995933,0
1506699919,22541824,292.91,3.27903955,1
1506699918,22541823,292.91,3.94000000,0
1506699916,22541822,292.92,7.67812498,0
1506699908,22541821,292.91,2.04841077,1
1506699907,22541819,292.91,4.68000000,0
1506699907,22541818,292.90,0.50000000,0
1506699861,22541745,292.16,1.23256602,1
1506699530,22541626,292.92,0.02413298,0
1506699489,22541605,292.98,5.48000000,0
1506699482,22541592,292.90,5.56000000,1
1506699480,22541590,292.87,3.72000000,0
1506699477,22541582,292.41,1.23066316,1
1506699474,22541567,292.41,1.23050769,1
1506699444,22541461,292.91,3.02068824,0
1506699442,22541457,292.92,5.70680900,0
1506699440,22541452,292.92,6.42658724,0
1506699439,22541448,292.92,5.70152260,0
1506699437,22541442,292.92,5.69705038,0
1506699437,22541440,292.92,0.07181678,0
1506699434,22541434,292.92,5.69223678,0
1506699433,22541428,292.92,6.44299173,0
1506699431,22541416,292.92,6.43694954,0
1506699428,22541399,292.94,10.19263182,0
1506699427,22541396,292.94,5.67435300,0
1506699427,22541394,292.94,0.04010200,0
1506699426,22541389,292.94,0.07176163,0
1506699426,22541386,292.96,6.22534708,1
1506699425,22541383,292.95,0.20036592,0
1506699424,22541376,292.96,5.66920398,0
1506699422,22541368,292.96,5.66373131,0
1506699421,22541366,292.96,0.07145452,0
1506699421,22541365,292.96,1.05576000,0
1506699419,22541361,292.97,2.92112627,0
1506699417,22541355,292.98,0.07167637,0
1506699412,22541345,292.99,0.07163408,0
1506699404,22541330,292.49,15.36134337,1
1506699404,22541329,292.50,2.94112061,1
1506699389,22541310,292.41,0.00478719,1
1506699389,22541308,292.50,0.50000000,1
1506699389,22541307,292.87,0.08034281,1
1506699379,22541298,292.93,0.10000000,1
1506699375,22541296,292.94,1.34119453,0
1506699365,22541289,293.00,0.07131782,0
1506699363,22541287,293.00,5.46000000,0
1506699362,22541283,292.99,5.45870916,0
1506699360,22541280,293.00,10.25000000,0
1506699360,22541279,293.00,16.94098976,1
1506699360,22541278,293.00,2.70316954,1
1506699358,22541277,293.02,10.35634149,1
1506699344,22541272,293.00,20.29683046,1
1506699344,22541271,293.02,1.01470889,1
1506699344,22541270,293.09,6.54136954,1
1506699344,22541269,293.10,2.04709111,1
1506699344,22541268,293.23,0.10000000,1
1506699343,22541267,293.30,0.10289806,1
1506699343,22541266,293.30,0.10282987,1
1506699343,22541265,293.30,0.10303444,1
1506699343,22541264,293.30,0.98002000,1
1506699342,22541263,293.48,0.10000000,1
1506699342,22541262,293.50,0.27200000,1
1506699342,22541261,293.68,0.10000000,1
1506699342,22541260,293.83,0.10000000,1
1506699252,22541228,293.94,0.40053233,0
1506699246,22541227,293.30,0.01998000,1
1506699077,22541123,293.99,22.26712386,0
1506699064,22541118,294.00,2.12000000,0
1506699026,22541092,294.00,0.55829932,0
1506699026,22541091,293.89,0.78000000,0
1506699017,22541078,293.89,0.10000000,1
1506698972,22541055,294.00,8.13614255,0
1506698941,22541045,294.00,1.07094700,0
1506698913,22541031,294.00,9.58486395,0
1506698856,22541012,294.00,0.37456943,0
1506698831,22541002,294.00,37.19448980,0
1506698823,22541000,294.00,3.62290402,0
1506698818,22540997,294.00,1.00280394,0
1506698815,22540996,294.00,0.33258827,0
1506698809,22540993,294.00,0.91751330,0
1506698808,22540990,294.00,6.76176767,0
1506698798,22540984,294.00,4.09595114,0
1506698782,22540983,294.00,2.73691949,0
1506698778,22540982,294.00,0.75350039,0
1506698770,22540979,294.00,5.80460288,0
1506698768,22540978,294.00,0.41143250,0
1506698759,22540977,294.00,4.88534615,0
1506698758,22540976,294.00,4.39028977,0
1506698747,22540969,294.00,4.15071449,0
1506698738,22540965,294.00,3.23205616,0
1506698733,22540964,294.00,0.40622710,0
1506698730,22540962,294.00,1.80278736,0
1506698718,22540959,294.00,4.90972630,0
1506698702,22540947,294.00,8.87021546,0
1506698698,22540946,294.00,2.08762287,0
1506698683,22540943,294.00,13.40066142,0
1506698683,22540942,294.00,8.74089994,0
1506698680,22540940,294.00,0.12556250,0
1506698670,22540937,294.00,4.40350073,0
1506698667,22540934,294.00,3.89440986,0
1506698652,22540927,294.00,2.54600934,0
1506698647,22540926,294.00,10.41754291,0
1506698639,22540923,294.00,3.42384649,0
1506698639,22540922,293.99,0.17518749,0
1506698628,22540920,293.99,0.82481251,0
1506698628,22540919,293.99,0.04373092,0
1506698590,22540913,293.38,0.04373092,1
1506698583,22540909,293.20,0.02000000,1
1506698527,22540898,294.00,0.76001400,0
1506698509,22540893,294.00,17.65712386,0
1506698509,22540892,293.99,4.50000000,0
1506698509,22540891,293.99,0.11000000,0
1506698451,22540848,294.00,0.90503349,0
1506698450,22540847,293.99,0.01743244,0
1506698450,22540846,293.98,0.23950158,0
1506698450,22540843,293.98,0.03249842,0
1506698447,22540837,293.99,2.02345330,0
1506698432,22540832,294.54,0.34541564,1
1506698432,22540831,294.54,0.50122658,0
1506698388,22540809,294.54,0.24379324,0
1506698343,22540785,294.65,4.48652673,0
1506698331,22540782,294.00,2.01147629,0
1506698330,22540780,294.00,0.10191948,0
1506698330,22540779,293.16,4.87267863,0
1506698330,22540778,293.16,8.58533109,0
1506698329,22540777,293.29,0.10000000,1
1506698329,22540775,293.33,1.00000000,1
1506698328,22540774,293.50,0.50122658,1
1506698328,22540773,293.50,0.10962090,1
1506698328,22540772,293.51,0.27200000,1
1506698328,22540771,293.54,0.10000000,1
1506698327,22540770,293.56,2.04388337,0
1506698327,22540769,293.74,0.10000000,1
1506698319,22540767,294.00,0.11965379,0
1506698309,22540764,294.00,1.60014777,0
1506698306,22540762,294.00,0.02188000,0
1506698283,22540742,293.89,4.74000000,0
1506698282,22540741,293.89,0.10000000,1
1506698263,22540719,294.00,4.95798272,0
1506698250,22540715,294.00,1.00000000,0
1506698240,22540708,294.00,0.10180189,0
1506698207,22540691,294.00,5.84726400,0
1506698207,22540690,294.00,7.75171300,0
1506698189,22540673,294.00,0.67880300,0
1506698188,22540671,294.00,0.46474599,0
1506698171,22540654,294.00,17.76166899,0
1506698169,22540651,294.00,4.40000000,0
1506698159,22540637,294.00,0.10545487,0
1506698137,22540618,294.00,2.64006118,0
1506698117,22540606,294.00,1.05039000,0
1506698114,22540601,294.00,0.36166300,0
1506698101,22540573,294.00,1.60298091,0
1506698100,22540572,294.00,3.10004398,0
1506698099,22540571,294.00,4.00000000,0
1506698090,22540549,294.00,2.48573391,0
1506698089,22540548,294.00,0.39370528,0
1506698089,22540547,294.00,2.17415891,0
1506698082,22540543,294.00,3.04577000,0
1506698075,22540540,294.00,1.20523211,0
1506698066,22540537,294.00,1.00763094,0
1506698066,22540536,294.00,2.31095063,0
1506698063,22540535,294.00,15.86478358,0
1506698063,22540534,293.99,2.04088574,0
1506698059,22540533,294.00,3.85931870,0
1506698059,22540532,293.99,0.27130000,0
1506698058,22540531,294.00,0.10083584,0
1506698058,22540530,293.99,0.13000000,0
1506698042,22540520,294.01,10.00000000,1
1506698042,22540518,294.03,23.56055504,1
1506698042,22540517,294.04,0.27130000,1
1506698041,22540516,294.06,2.04037420,1
1506697823,22540401,294.61,0.13537814,0
1506697812,22540391,294.73,3.26800000,0
1506697812,22540390,294.65,6.49200000,0
1506697756,22540346,294.07,0.03060860,0
1506697737,22540336,294.07,4.80000000,0
1506697723,22540332,294.07,0.00939140,0
1506697723,22540331,294.00,0.35060860,0
1506697681,22540327,294.00,1.19942892,0
1506697658,22540324,294.00,1.22761689,0
1506697648,22540322,294.00,0.40709722,0
1506697648,22540321,293.88,0.08513000,1
1506697628,22540309,294.00,19.39362230,0
1506697628,22540308,293.99,2.87350156,0
1506697608,22540297,293.99,0.06351528,0
1506697608,22540296,293.96,0.20896595,0
1506697602,22540295,293.99,4.36298300,0
1506697599,22540293,293.99,0.20490207,0
1506697590,22540292,293.99,0.55765018,0
1506697570,22540285,293.99,4.34183475,1
1506697568,22540284,293.99,3.96000000,1
1506697564,22540282,293.99,5.00000000,1
1506697556,22540275,293.51,3.96528911,0
1506697542,22540273,293.94,5.00000000,0
1506697542,22540272,293.57,3.96528911,0
1506697462,22540214,293.63,0.24000000,0
1506697429,22540193,293.50,0.40145235,1
1506697380,22540177,293.64,5.00000000,0
1506697354,22540169,293.71,5.00000000,0
1506697345,22540161,293.71,0.96000000,0
1506697336,22540160,293.79,1.00000000,0
1506697326,22540157,293.79,0.04000000,0
1506697317,22540155,293.79,0.80000000,0
1506697255,22540141,293.93,4.43530773,0
1506697239,22540138,293.95,1.87347009,0
1506697239,22540137,293.90,3.04652991,0
1506697225,22540133,293.95,0.00731658,0
1506697225,22540132,293.90,0.03268342,0
1506697212,22540126,293.90,2.52000000,0
1506697182,22540095,293.90,0.04000000,0
1506697161,22540094,293.90,2.40731658,0
1506697124,22540081,293.92,2.35421152,0
1506697086,22540054,293.96,2.00963356,0
1506697051,22539988,293.96,5.00000000,0
1506696790,22539762,294.00,1.01136054,0
1506696776,22539749,294.00,62.35088435,0
1506696775,22539748,293.99,30.59400000,0
1506696775,22539747,293.98,2.04095517,0
1506696773,22539746,293.84,5.00000000,0
1506696773,22539745,293.83,2.06000000,0
1506696701,22539736,293.31,0.10022158,1
1506696693,22539735,293.33,5.00000000,1
1506696687,22539731,293.32,1.97998021,0
1506696671,22539730,293.37,5.60803657,1
1506696670,22539728,293.37,4.20377679,1
1506696670,22539727,293.37,0.10022841,1
1506696670,22539726,293.32,0.14760723,0
1506696663,22539722,293.33,3.77937400,1
1506696658,22539720,293.31,1.67425417,1
1506696658,22539719,293.33,0.39136808,1
1506696656,22539718,293.36,0.20002727,0
1506696651,22539708,293.36,4.41178349,0
1506696651,22539706,293.36,1.23309344,0
1506696649,22539701,293.37,2.04520709,1
1506696648,22539700,293.39,6.80000000,1
1506696621,22539665,293.34,0.07297638,0
1506696620,22539661,293.99,0.32702362,1
1506696618,22539657,293.99,0.15000000,1
1506696614,22539652,293.99,2.04088574,1
1506696610,22539648,294.00,0.07129472,0
1506696608,22539642,294.00,1.23144679,0
1506696604,22539637,293.99,7.93453500,1
1506696598,22539630,294.00,2.34108843,0
1506696598,22539629,294.00,1.23118260,0
1506696596,22539625,294.00,2.76551020,0
1506696595,22539620,294.00,1.23107882,0
1506696594,22539615,294.00,1.23108480,0
1506696569,22539595,293.99,0.25118288,1
1506696568,22539594,293.99,1.87869700,1
1506696541,22539576,294.00,2.04082450,0
1506696536,22539572,294.00,0.89948600,0
1506696470,22539547,294.00,3.77049100,0
1506696459,22539539,293.99,0.18000000,1
1506696458,22539538,294.00,6.89000000,0
1506696457,22539537,294.00,6.89000000,0
1506696456,22539536,294.00,6.89000000,0
1506696448,22539531,293.99,0.22000000,0
1506696435,22539526,293.99,0.26000000,0
1506696435,22539525,293.99,1.54088574,0
1506696433,22539522,293.99,0.50000000,0
1506696424,22539513,294.00,1.49000000,0
1506696421,22539511,293.99,0.31000000,0
1506696419,22539510,293.94,3.95760800,0
1506696386,22539500,293.97,2.04000000,0
1506696361,22539447,293.97,0.04000000,0
1506696351,22539445,293.98,0.04000000,0
1506696345,22539441,293.98,4.84000000,0
1506696338,22539438,293.99,0.04000000,0
1506696258,22539393,294.00,0.94770514,0
1506696257,22539392,294.00,0.10193334,0
1506696248,22539387,294.19,2.03625484,1
1506696248,22539386,294.84,0.20018545,1
1506696246,22539385,294.84,0.07980400,0
1506696242,22539378,294.84,4.69047619,1
1506696241,22539377,294.79,5.45000000,0
1506696241,22539375,294.77,6.78400000,1
1506696241,22539374,294.58,4.84000000,0
1506696240,22539373,294.52,0.10182238,0
1506696240,22539372,294.52,0.18000000,0
1506696240,22539371,294.18,0.28214559,0
1506696238,22539370,294.00,3.91735280,0
1506696147,22539330,294.00,0.80078231,0
1506696096,22539308,294.00,7.93057822,0
1506696090,22539307,294.00,3.30878112,0
1506696088,22539305,294.00,18.94404274,0
1506696039,22539275,294.00,0.33810000,0
1506696038,22539274,294.00,16.96900000,0
1506696037,22539273,294.00,0.05050187,0
1506696028,22539262,294.00,0.02522182,0
1506696012,22539254,294.00,5.28482386,0
1506696010,22539253,294.00,10.29807153,0
1506696010,22539252,293.99,6.66992847,0
1506696000,22539244,293.99,0.10185720,0
1506695984,22539240,293.99,1.16500000,1
1506695963,22539230,294.00,0.10188833,0
1506695961,22539228,294.00,0.92235596,0
1506695931,22539217,294.00,3.00776669,0
1506695928,22539215,294.00,0.33840000,0
1506695921,22539214,294.00,10.98145033,0
1506695920,22539213,294.00,0.45430000,0
1506695918,22539211,294.00,0.50000000,0
1506695911,22539204,294.00,16.99100000,0
1506695909,22539203,294.00,2.57980522,0
1506695909,22539202,293.99,0.22545124,0
1506695905,22539196,293.99,0.14454876,1
1506695879,22539182,294.00,10.63458688,0
1506695879,22539181,293.99,0.44000000,0
1506695855,22539161,294.00,21.36110000,0
1506695855,22539159,293.99,0.65000000,0
1506695851,22539143,294.00,15.82088400,0
1506695850,22539142,293.99,0.65000000,0
1506695835,22539138,293.99,0.30147283,0
1506695818,22539129,294.00,0.33840000,0
1506695813,22539119,294.00,1.01463932,0
1506695813,22539118,293.99,0.83000000,0
1506695794,22539111,294.00,0.80676997,0
1506695794,22539110,294.00,0.53016053,0
1506695794,22539109,294.00,0.35046050,0
1506695794,22539108,293.99,0.98000000,0
1506695777,22539084,294.00,0.06461800,0
1506695775,22539083,294.00,1.00000000,0
1506695774,22539082,294.00,0.79789800,0
1506695774,22539081,294.00,3.53626000,0
1506695761,22539071,294.00,0.77890186,0
1506695761,22539069,294.00,1.50108843,0
1506695705,22539055,294.00,5.20357142,0
1506695694,22539049,294.00,2.58280750,0
1506695678,22539042,294.00,3.96537413,0
1506695678,22539041,294.00,22.26712386,0
1506695672,22539039,294.00,2.00076502,0
1506695669,22539033,294.00,0.33367346,0
1506695666,22539029,294.00,1.16484000,0
1506695664,22539028,294.00,19.42006800,0
1506695662,22539021,294.00,2.98911564,0
1506695656,22539017,294.00,2.12659200,0
1506695654,22539016,294.00,16.72634500,0
1506695653,22539012,294.00,44.56098400,0
1506695653,22539011,293.99,0.92000000,0
1506695622,22538965,293.99,11.66482658,1
1506695614,22538963,293.99,1.09000000,1
1506695601,22538952,293.99,1.29000000,1
1506695589,22538947,293.99,0.67000000,1
1506695588,22538946,293.99,1.54000000,0
1506695588,22538945,293.99,2.04088574,0
1506695584,22538942,294.00,2.37874968,0
1506695580,22538934,293.98,3.97141154,1
1506695570,22538926,293.99,0.32341000,0
1506695569,22538925,293.99,1.50659000,0
1506695515,22538893,293.99,0.86986500,0
1506695498,22538885,294.00,0.47414700,0
1506695498,22538884,293.99,2.33000000,0
1506695498,22538883,293.99,1.00000000,0
1506695496,22538882,293.53,2.97639530,1
1506695496,22538881,293.54,1.13440642,1
1506695487,22538875,293.99,0.67866254,0
1506695479,22538868,294.00,0.92542730,0
1506695479,22538867,293.99,1.30324170,0
1506695472,22538857,293.99,1.59675830,0
1506695472,22538855,293.80,5.15986970,0
1506695465,22538849,293.80,0.11437524,0
1506695465,22538847,293.80,0.37591200,0
1506695463,22538843,293.80,0.11443245,0
1506695461,22538837,293.80,1.00000000,0
1506695458,22538832,293.80,0.09976189,0
1506695458,22538830,293.80,1.23186708,0
1506695457,22538829,293.80,1.07921000,0
1506695456,22538826,293.80,1.23200332,0
1506695455,22538821,293.80,2.80336963,0
1506695455,22538818,293.80,4.34000000,0
1506695433,22538790,293.80,16.70585893,0
1506695432,22538788,293.80,1.35020000,0
1506695431,22538787,293.80,1.74198576,0
1506695430,22538786,293.80,30.55667120,0
1506695430,22538785,293.80,2.46907917,0
1506695419,22538782,293.80,0.10191256,0
1506695418,22538781,293.80,8.11211152,0
1506695418,22538776,293.80,0.39162695,0
1506695417,22538773,293.80,9.84203485,0
1506695373,22538665,293.80,0.10199572,0
1506695369,22538664,293.80,15.88565692,0
1506695362,22538661,293.80,0.97294125,0
1506695359,22538659,293.80,0.06716544,0
1506695353,22538651,293.80,9.86397830,0
1506695352,22538650,293.80,12.28598012,0
1506695352,22538649,293.79,0.05000000,0
1506695336,22538640,293.45,1.00000000,0
1506695318,22538630,293.30,0.83606276,0
1506695296,22538614,293.30,4.34528134,0
1506695296,22538613,293.29,0.10304066,0
1506695261,22538585,293.27,0.85910226,0
1506695260,22538584,293.28,7.26614352,0
1506695259,22538583,293.28,1.18854347,0
1506695259,22538582,293.26,0.10000000,0
1506695256,22538581,293.24,12.85333461,1
1506695246,22538574,293.20,9.98520011,0
1506695241,22538572,293.20,0.17372900,0
1506695240,22538571,293.20,9.41378925,0
1506695235,22538570,293.20,12.73492000,0
1506695228,22538569,293.20,2.96685628,0
1506695212,22538558,293.20,0.11709600,0
1506695210,22538557,293.20,2.71038000,0
1506695208,22538556,293.20,1.57727557,0
1506695204,22538553,293.20,0.30648021,0
1506695203,22538552,293.20,0.54737955,0
1506695178,22538530,293.20,9.00532055,0
1506695178,22538529,292.67,0.34438681,1
1506695170,22538523,293.10,0.40846870,0
1506695161,22538519,293.19,0.36970513,1
1506695150,22538505,293.20,10.79128300,0
1506695150,22538503,293.19,6.89000000,0
1506695140,22538497,293.20,3.44309048,0
1506695138,22538495,293.20,0.22720000,0
1506695138,22538493,293.19,0.27280000,0
1506695134,22538492,293.19,1.13570751,0
1506695134,22538490,293.18,1.39000000,0
1506695119,22538483,293.12,12.06281733,0
1506695102,22538474,292.46,1.15000000,1
1506695102,22538473,292.44,5.73701562,0
1506695101,22538472,292.44,1.15298438,1
1506695099,22538466,292.45,0.72720000,1
1506695099,22538465,292.46,0.27280000,1
1506695099,22538462,292.45,5.89000000,1
1506695098,22538460,292.45,1.00000000,1
1506695097,22538459,292.45,5.89000000,1
1506695097,22538457,292.50,1.00000000,1
1506695004,22538423,293.18,1.15402364,1
1506694978,22538410,293.18,1.23464477,0
1506694935,22538365,292.99,1.23545193,0
1506694922,22538346,293.07,0.11059300,0
1506694920,22538341,293.09,18.01576957,0
1506694919,22538338,293.08,2.76373251,0
1506694899,22538303,293.14,4.86512337,1
1506694898,22538302,293.14,2.11609014,1
1506694896,22538299,292.99,0.10300649,0
1506694896,22538298,292.97,0.23000000,0
1506694896,22538297,292.96,0.27200000,0
1506694892,22538291,292.03,3.99183883,0
1506694892,22538288,292.03,0.23000000,0
1506694891,22538284,292.02,0.27270000,1
1506694890,22538280,292.03,0.38816117,0
1506694889,22538279,292.03,0.23000000,1
1506694872,22538271,292.11,4.84000000,1
1506694872,22538270,292.44,0.27270000,1
1506694858,22538250,292.46,0.28214559,1
1506694858,22538249,292.70,0.10300649,1
1506694848,22538240,292.70,0.10304066,1
1506694738,22538136,292.70,4.16025528,1
1506694738,22538135,292.71,16.22043900,1
1506694720,22538126,293.10,1.61442958,0
1506694719,22538125,293.12,0.27200000,1
1506694709,22538124,293.30,1.00000000,1
1506694690,22538118,293.33,11.17654100,1
1506694679,22538105,293.62,1.00000000,1
1506694666,22538089,294.19,2.99239200,0
1506694666,22538088,294.18,12.34579200,0
1506694620,22538058,293.36,0.50649152,1
1506694554,22537976,294.09,0.31230256,1
1506694553,22537967,294.09,0.15000000,1
1506694552,22537965,294.09,6.24020020,1
1506694551,22537964,294.09,4.58650300,1
1506694549,22537963,294.09,3.20000000,1
1506694549,22537961,294.09,4.84000000,0
1506694549,22537960,294.00,0.23880400,0
1506694549,22537959,294.00,0.76119600,0
1506694549,22537958,293.92,0.28239613,0
1506694548,22537957,293.40,1.00000000,0
1506694548,22537956,293.38,0.65572197,0
1506694528,22537948,293.38,1.37288203,0
1506694492,22537878,293.37,1.15500000,0
1506694472,22537862,293.38,0.64441737,1
1506694471,22537861,293.38,2.84659500,1
1506694471,22537860,293.38,5.05935800,1
1506694470,22537857,293.38,6.23497846,1
1506694462,22537852,293.04,0.04039662,1
1506694461,22537851,293.39,0.50000043,0
1506694459,22537848,293.03,6.87939600,1
1506694442,22537844,293.03,0.10237860,0
1506694431,22537838,293.02,11.64938291,1
1506694430,22537837,293.02,0.10238209,1
1506694417,22537830,293.01,7.79456127,0
1506694417,22537829,293.00,2.72079716,0
1506694383,22537792,293.16,0.68051576,0
1506694364,22537776,292.71,0.44000000,0
1506694348,22537761,292.71,3.13614157,0
1506694346,22537759,292.72,4.28000000,0
1506694333,22537753,292.71,3.00000000,0
1506694331,22537752,292.73,0.34765825,0
1506694322,22537748,292.73,0.09507136,0
1506694322,22537747,292.73,0.10302927,0
1506694317,22537740,292.71,4.36000000,0
1506694299,22537729,292.55,2.13000000,1
1506694298,22537725,292.55,0.39142330,0
1506694298,22537723,292.45,0.10312810,0
1506694298,22537722,292.44,0.10309772,0
1506694253,22537707,292.38,0.17202100,0
1506694236,22537700,292.42,0.40270843,0
1506694228,22537698,292.39,0.03679890,0
1506694204,22537662,292.41,0.56000000,0
1506694179,22537657,292.36,1.40000000,0
1506694151,22537639,291.61,2.68795856,0
1506694136,22537631,291.62,6.89000000,0
1506694117,22537622,291.82,1.36793600,0
1506694099,22537613,291.65,0.27320000,0
1506694097,22537611,291.66,0.25118288,0
1506694095,22537607,291.66,0.04000000,0
1506694085,22537600,291.66,6.38499600,1
1506694085,22537599,291.67,0.27320000,1
1506694085,22537597,291.84,0.07980400,1
1506694027,22537566,291.84,0.18052800,1
1506694007,22537554,291.84,7.20344200,1
1506693902,22537505,292.42,0.39142330,0
1506693876,22537492,291.36,3.99741202,1
1506693876,22537491,291.87,0.10312810,1
1506693866,22537486,291.18,11.25742400,0
1506693864,22537473,291.18,18.74257600,0
1506693862,22537467,291.17,2.87000000,1
1506693858,22537465,291.17,0.56000000,1
1506693858,22537464,291.87,1.39399700,0
1506693858,22537463,291.86,0.27250000,0
1506693852,22537456,291.87,3.30960923,1
1506693852,22537455,291.87,1.53039077,1
1506693852,22537454,292.15,0.10302927,1
1506693852,22537453,292.15,0.10309772,1
1506693851,22537451,292.17,0.31715762,1
1506693851,22537450,292.17,1.07586205,1
1506693850,22537449,292.72,0.03385488,0
1506693849,22537448,292.17,1.07420973,1
1506693807,22537417,292.43,0.02610000,1
1506693801,22537414,292.43,0.64284052,1
1506693757,22537391,292.45,9.24665176,0
1506693754,22537389,292.45,0.27250000,0
1506693740,22537385,292.51,12.74797210,1
1506693710,22537365,293.15,10.23174900,0
1506693708,22537362,293.15,0.26330791,0
1506693708,22537361,292.94,0.66599175,0
1506693708,22537359,292.93,4.39000000,0
1506693592,22537302,292.78,0.98081143,1
1506693586,22537299,292.77,1.42991946,0
1506693548,22537285,292.94,0.50000000,0
1506693547,22537284,292.94,0.86091035,0
1506693546,22537283,292.94,1.42908965,0
1506693542,22537270,292.94,0.80904800,1
1506693541,22537269,292.94,0.10182966,0
1506693541,22537268,292.94,1.42823910,0
1506693541,22537267,292.93,0.10181294,0
1506693538,22537264,292.94,0.10182237,0
1506693537,22537263,292.87,0.14597651,1
1506693534,22537257,292.89,0.17118111,1
1506693534,22537254,292.94,0.10182238,1
1506693506,22537213,292.94,0.18000000,0
1506693502,22537210,293.74,0.16715948,0
1506693501,22537209,293.71,0.28259725,0
1506693501,22537208,293.53,4.84000000,0
1506693501,22537207,293.52,2.06000000,0
1506693501,22537206,292.97,14.75560167,0
1506693501,22537205,292.97,14.45336499,0
1506693500,22537204,292.97,0.08088273,0
1506693499,22537203,292.97,0.08088273,0
1506693496,22537200,292.55,0.54949000,1
1506693488,22537192,292.97,14.37248226,0
1506693488,22537191,292.97,22.18624113,0
1506693482,22537181,292.97,0.08088273,0
1506693468,22537177,292.97,8.96966176,0
1506693468,22537176,292.95,13.29746210,0
1506693464,22537172,292.77,4.82117942,1
1506693463,22537171,292.77,0.29000000,0
1506693334,22537067,292.32,14.37123015,0
1506693333,22537066,292.35,4.84000000,1
1506693333,22537064,292.36,3.05589371,1
1506693289,22537028,292.94,0.03006801,0
1506693281,22537020,292.15,9.08336965,1
1506693279,22537018,292.94,4.64700000,0
1506693279,22537017,292.94,5.50000000,0
1506693272,22537011,292.96,14.97474057,0
1506693272,22537008,292.95,2.45000000,0
1506693270,22537007,292.77,0.26000000,0
1506693216,22536981,293.15,14.31743845,0
1506693211,22536966,293.16,1.65360671,1
1506693211,22536965,293.16,5.50000000,1
1506693210,22536964,293.63,26.11637094,1
1506693210,22536963,293.00,0.20000000,0
1506693208,22536958,292.78,4.13854765,0
1506693202,22536952,292.78,0.30000000,0
1506693197,22536948,292.78,0.40145235,0
1506693193,22536938,292.76,0.29607870,1
1506693185,22536930,292.63,6.09073000,1
1506693178,22536920,292.63,0.29618768,1
1506693177,22536919,292.64,0.29592906,1
1506693174,22536918,292.58,0.10287671,0
1506693174,22536917,292.50,1.00000000,0
1506693174,22536916,292.40,0.46000000,0
1506693173,22536915,292.39,3.04652991,0
1506693163,22536912,292.49,0.83354054,0
1506693163,22536911,292.48,1.69769300,0
1506693163,22536910,292.47,6.89000000,0
1506693162,22536909,292.46,1.00000000,0
1506693159,22536908,292.48,5.10740719,1
1506693157,22536907,292.48,6.73848313,0
1506693146,22536896,292.40,0.14755740,1
1506693145,22536892,292.40,7.15065000,1
1506693144,22536889,292.40,3.12302614,1
1506693142,22536885,292.40,0.14752694,1
1506693141,22536884,292.40,4.67044707,1
1506693138,22536878,292.27,0.10305500,0
1506693138,22536876,292.01,0.10307793,0
1506693138,22536874,292.00,0.32493144,0
1506693138,22536873,292.00,0.07506218,0
1506693134,22536867,292.00,1.31438257,1
1506693134,22536866,292.00,0.07506222,1
1506693127,22536861,292.00,1.30770000,1
1506693125,22536860,292.00,0.22427227,0
1506693125,22536859,292.00,0.39296551,0
1506693117,22536849,292.00,0.51200000,0
1506693100,22536832,291.89,0.18609226,0
1506693096,22536825,291.99,3.61299318,0
1506693090,22536816,291.91,0.14764252,1
1506693088,22536813,291.91,1.31438300,1
1506693086,22536805,292.00,1.33000000,1
1506693086,22536802,292.00,1.00000000,0
1506693085,22536800,291.91,1.22978683,1
1506693085,22536794,291.91,0.14759434,1
1506693084,22536791,291.91,13.44789880,1
1506693083,22536786,291.91,1.42384508,1
1506693081,22536782,291.90,2.05549846,0
1506693081,22536781,291.50,0.58034219,0
1506693081,22536780,291.50,0.41965781,0
1506693078,22536775,291.10,0.60580000,0
1506693071,22536767,291.00,1.89544910,0
1506693071,22536766,291.00,0.60170394,0
1506693070,22536764,291.00,0.21267863,0
1506693068,22536758,291.00,0.50000000,0
1506693068,22536756,291.00,4.48209147,0
1506693068,22536755,291.00,15.63000000,0
1506693068,22536754,290.99,4.37000000,0
1506693064,22536745,291.00,4.84000000,0
1506693060,22536741,291.00,1.83807686,1
1506693054,22536739,291.00,3.00192314,0
1506693033,22536729,291.00,2.00000000,0
1506693029,22536725,291.00,0.25000000,0
1506693028,22536724,291.00,2.00000000,0
1506693023,22536721,291.00,0.08095300,0
1506693022,22536718,290.63,1.07272735,1
1506693020,22536713,291.00,0.40000000,0
1506693018,22536712,291.00,1.26712386,0
1506692985,22536674,290.68,0.14776629,1
1506692968,22536634,290.68,4.76298700,0
1506692967,22536633,290.68,1.85000000,1
1506692898,22536611,290.66,0.25241873,0
1506692891,22536609,291.47,0.34226507,0
1506692885,22536605,290.65,0.34323069,0
1506692878,22536594,290.65,19.71456000,1
1506692874,22536593,291.00,0.40874719,0
1506692874,22536592,291.00,0.55639070,0
1506692874,22536591,290.99,0.20000681,0
1506692874,22536590,290.99,0.30001025,0
1506692866,22536581,290.65,0.40914495,0
1506692866,22536578,290.65,0.40798210,0
1506692864,22536569,290.65,2.26643100,0
1506692864,22536568,290.65,0.55592637,0
1506692853,22536554,290.63,0.69054354,1
1506692853,22536553,290.69,4.35089304,1
1506692853,22536551,290.69,0.62316868,1
1506692852,22536548,290.84,0.10000000,1
1506692851,22536547,290.84,0.10000000,1
1506692851,22536545,290.85,0.10000000,1
1506692851,22536543,290.89,0.10000000,1
1506692851,22536542,290.89,0.10000000,1
1506692851,22536541,290.89,0.10000000,1
1506692851,22536539,290.99,0.10000000,1
1506692851,22536538,291.00,0.00790171,1
1506692850,22536537,291.00,0.99209829,1
1506692850,22536536,291.00,0.58034219,1
1506692848,22536522,291.00,0.41965781,1
1506692848,22536520,291.14,0.00034219,1
1506692846,22536508,291.14,0.06809558,1
1506692844,22536499,291.14,0.03156223,1
1506692844,22536498,291.14,0.10000000,1
1506692844,22536496,291.14,0.10000000,1
1506692844,22536495,291.21,0.04481302,1
1506692843,22536494,291.22,0.02362475,1
1506692832,22536474,291.24,0.10000000,1
1506692832,22536472,291.24,0.10000000,1
1506692825,22536465,291.30,0.10000000,1
1506692825,22536464,291.30,1.54314000,1
1506692824,22536463,291.30,0.45686000,1
1506692814,22536448,291.34,0.10000000,1
1506692798,22536362,291.42,1.23806905,0
1506692797,22536359,291.42,0.10307793,0
1506692794,22536355,291.42,0.10000000,0
1506692793,22536352,291.42,2.61227281,0
1506692792,22536349,291.42,1.99688637,0
1506692792,22536348,291.34,5.30000000,0
1506692792,22536346,291.34,0.10000000,1
1506692792,22536345,291.34,0.10000000,1
1506692790,22536344,291.42,1.23836192,0
1506692788,22536342,291.43,1.48268382,1
1506692788,22536341,291.49,0.10000000,1
1506692788,22536340,291.49,0.10000000,1
1506692772,22536333,291.43,0.00001551,0
1506692772,22536331,291.43,7.73852111,0
1506692770,22536328,291.43,1.23861679,0
1506692761,22536310,291.89,24.90136695,1
1506692761,22536309,291.89,5.84000000,0
1506692759,22536308,291.88,9.27300000,0
1506692755,22536298,291.46,13.94884659,0
1506692755,22536297,291.45,1.23919997,0
1506692753,22536295,291.46,5.50000000,1
1506692753,22536294,291.49,0.10000000,1
1506692753,22536293,291.50,1.00000000,1
1506692753,22536292,291.57,0.07400000,1
1506692752,22536291,291.59,0.10000000,1
1506692752,22536290,291.59,0.10000000,1
1506692752,22536289,291.70,0.10000000,1
1506692752,22536287,291.89,0.10000000,1
1506692728,22536263,291.93,5.75000000,0
1506692728,22536262,291.93,5.63000000,0
1506692708,22536236,292.05,0.10000000,0
1506692707,22536235,292.04,0.10000000,0
1506692707,22536234,292.04,0.10000000,0
1506692704,22536232,291.85,0.20000000,1
1506692704,22536231,291.88,0.83606276,1
1506692704,22536229,291.89,0.10000000,1
1506692685,22536217,292.12,2.99606340,0
1506692675,22536212,291.90,4.84194336,0
1506692656,22536203,291.90,4.34989300,0
1506692647,22536198,291.90,0.10305500,0
1506692646,22536197,291.90,0.03344700,0
1506692633,22536183,291.90,2.65110600,0
1506692632,22536180,291.90,0.28947672,0
1506692625,22536172,292.29,0.10294521,0
1506692625,22536171,291.92,0.39750000,0
1506692622,22536169,291.94,0.10000000,1
1506692617,22536164,291.97,1.02516500,0
1506692615,22536162,291.97,5.12000000,0
1506692610,22536157,291.96,0.50000000,1
1506692607,22536154,291.99,0.90838214,0
1506692602,22536148,292.00,0.62490200,0
1506692602,22536147,292.00,0.10287671,0
1506692602,22536146,292.00,0.10294521,0
1506692600,22536142,291.97,1.84000000,1
1506692598,22536139,292.00,0.52519000,1
1506692596,22536132,292.01,10.23000000,0
1506692596,22536131,292.00,0.27210000,1
1506692595,22536129,292.00,10.23000000,1
1506692588,22536121,292.00,8.97271000,1
1506692581,22536117,292.00,0.70528933,1
1506692578,22536116,292.00,0.29471067,1
1506692578,22536115,292.00,1.00000000,1
1506692578,22536114,292.01,17.48284933,1
1506692578,22536113,292.02,10.00000000,1
1506692578,22536112,292.04,0.60000000,1
1506692577,22536111,292.06,6.16000000,1
1506692577,22536110,292.06,0.73000000,1
1506692573,22536109,292.06,6.16000000,0
1506692572,22536108,292.06,6.89000000,1
1506692567,22536105,292.14,1.00333500,0
1506692564,22536104,292.14,0.10000000,1
1506692558,22536098,292.34,0.92979500,0
1506692558,22536097,292.34,12.26712386,0
1506692556,22536095,292.34,0.10000000,1
1506692551,22536089,292.49,0.10000000,1
1506692550,22536088,292.50,0.20000000,1
1506692546,22536084,292.05,4.74000000,1
1506692541,22536083,292.03,18.26955800,1
1506692541,22536082,292.04,6.89000000,1
1506692541,22536081,292.05,0.10000000,1
1506692511,22536071,292.14,27.75601848,0
1506692511,22536070,292.14,2.04662112,1
1506692510,22536069,292.35,0.10000000,1
1506692510,22536068,292.60,0.09736040,1
1506692499,22536060,292.96,17.74658972,0
1506692499,22536059,292.95,2.04813108,0
1506692499,22536058,292.67,0.10263960,0
1506692499,22536057,292.67,0.10263960,0
1506692497,22536055,292.60,0.00263960,1
1506692497,22536054,292.80,0.10000000,1
1506692496,22536053,292.95,0.10000000,1
1506692489,22536052,292.01,23.27739860,1
1506692489,22536051,292.01,1.00000000,1
1506692489,22536050,292.06,0.04468260,1
1506692489,22536049,292.09,0.10263960,1
1506692489,22536048,292.09,0.10263960,1
1506692488,22536047,292.09,0.10263960,1
1506692488,22536046,292.10,0.23000000,1
1506692488,22536045,292.11,4.84000000,1
1506692488,22536044,292.34,0.10000000,1
1506692488,22536043,292.69,0.10000000,1
1506692488,22536042,292.99,0.10000000,1
1506692481,22536038,293.06,0.10000000,0
1506692481,22536037,293.05,0.10000000,0
1506692481,22536036,293.05,0.10000000,0
1506692476,22536033,292.11,0.86696722,1
1506692408,22535991,293.70,2.97954000,0
1506692407,22535989,292.08,0.68052575,1
1506692406,22535988,292.09,0.69517985,1
1506692406,22535986,292.09,2.03611240,1
1506692406,22535983,292.09,0.70768554,0
1506692405,22535982,292.09,0.09992305,0
1506692405,22535981,292.09,1.23643877,0
1506692405,22535979,292.09,0.03073610,0
1506692404,22535977,292.09,0.28259725,0
1506692404,22535975,292.09,0.38643329,0
1506692403,22535973,292.09,0.23000000,0
1506692402,22535970,292.09,0.27210000,1
1506692402,22535969,292.09,26.75408600,1
1506692396,22535960,292.07,0.02355600,1
1506692396,22535959,292.20,0.28239613,1
1506692396,22535958,292.42,0.02975173,1
1506692396,22535957,292.82,0.04456663,1
1506692373,22535926,292.92,0.02348764,1
1506692352,22535915,293.00,12.63000000,1
1506692326,22535904,293.00,0.33000000,1
1506692253,22535839,293.50,1.00000000,0
1506692253,22535838,293.46,0.24950000,0
1506692253,22535837,293.00,4.59000000,1
1506692249,22535835,293.34,0.00313853,1
1506692242,22535831,293.02,4.48209147,0
1506692242,22535830,293.00,5.45000000,1
1506692239,22535826,293.00,2.00000000,1
1506692239,22535825,293.00,1.00000000,1
1506692229,22535823,293.01,3.00000000,1
1506692206,22535783,293.02,12.40000000,0
1506692206,22535782,293.02,4.73000000,1
1506692205,22535781,293.02,7.37000000,1
1506692205,22535779,293.02,4.60000000,1
1506692202,22535774,293.49,0.04446489,1
1506692199,22535763,293.50,0.23880400,1
1506692198,22535762,293.51,5.50000000,1
1506692173,22535757,293.50,0.76119600,1
1506692168,22535754,293.56,24.50000000,0
1506692168,22535753,293.56,5.50000000,1
1506692163,22535748,293.59,4.84000000,1
1506692163,22535747,293.60,0.23000000,1
1506692134,22535737,294.06,0.02100000,1
1506692132,22535736,293.68,30.00000000,0
1506692126,22535731,294.09,0.23000000,1
1506692121,22535729,293.60,61.11007875,0
1506692120,22535728,293.66,5.50000000,1
1506692120,22535727,293.67,2.04142125,1
1506692118,22535726,293.72,0.23000000,1
1506692116,22535722,294.07,4.84000000,1
1506692112,22535715,293.68,0.70731908,1
1506692112,22535714,293.70,4.22398092,1
1506692111,22535713,293.71,0.06870000,1
1506692101,22535679,293.71,0.16130000,1
1506692087,22535677,293.70,0.61601908,1
1506692086,22535676,293.71,0.27050000,1
1506692086,22535675,293.71,2.31000000,1
1506692086,22535674,293.94,0.23348092,0
1506692086,22535673,293.72,4.74747908,0
1506692085,22535672,293.72,0.23000000,0
1506692083,22535671,293.77,0.02341968,1
1506692083,22535670,294.00,3.00000000,1
1506691988,22535621,294.34,5.00000000,0
1506691979,22535617,294.40,5.00000000,0
1506691937,22535584,294.93,0.20050108,0
1506691936,22535582,294.50,1.22544190,1
1506691936,22535581,296.81,31.45397205,1
1506691936,22535580,296.81,0.41897800,1
1506691936,22535579,296.81,0.71846533,1
1506691935,22535578,296.81,10.20000000,1
1506691935,22535575,296.30,0.46000000,1
1506691934,22535573,296.29,2.97000000,1
1506691934,22535572,296.29,0.20081000,1
1506691934,22535571,296.29,1.22481480,1
1506691934,22535569,295.05,9.76998438,0
1506691934,22535568,295.00,0.64400977,0
1506691933,22535567,295.00,1.00000000,0
1506691933,22535565,295.00,7.73287633,1
1506691933,22535560,294.94,4.65000000,0
1506691932,22535552,294.85,4.92404303,1
1506691932,22535551,294.85,6.23082900,1
1506691932,22535548,294.82,14.45187995,1
1506691932,22535546,294.82,1.94768764,1
1506691931,22535544,294.82,1.22463279,1
1506691931,22535541,294.81,15.80000000,1
1506691931,22535539,294.81,13.42378400,1
1506691930,22535538,294.50,0.79376552,0
1506691930,22535537,294.50,1.22453808,1
1506691929,22535534,294.49,2.03748981,1
1506691929,22535532,294.49,13.32100000,1
1506691929,22535531,294.49,22.26712367,1
1506691921,22535524,294.00,0.79376552,1
1506691847,22535473,294.64,14.62425300,1
1506691842,22535469,294.64,0.27663619,1
1506691838,22535462,294.63,6.89000000,0
1506691838,22535461,294.63,0.27000000,0
1506691838,22535460,294.50,0.06703174,0
1506691838,22535459,294.50,0.13920274,0
1506691832,22535452,294.00,0.06703174,1
1506691819,22535432,294.00,0.13920274,1
1506691819,22535431,294.00,6.75008684,1
1506691819,22535430,294.60,0.00071042,1
1506691802,22535317,294.26,1.01041958,0
1506691798,22535316,294.25,1.70000000,1
1506691774,22535308,294.24,0.03655236,1
1506691773,22535307,294.26,3.50000000,1
1506691772,22535306,294.25,17.87771243,0
1506691770,22535304,294.25,4.38941143,1
1506691769,22535303,294.25,1.43052338,1
1506691769,22535302,294.42,0.02954962,1
1506691769,22535301,294.50,1.00000000,1
1506691718,22535261,294.56,29.90000000,0
1506691717,22535255,294.58,0.10000000,1
1506691706,22535229,295.05,0.23000000,0
1506691704,22535225,295.05,0.00001562,1
1506691679,22535126,295.05,0.22998438,1
1506691677,22535123,294.59,2.27942124,1
1506691677,22535122,294.59,0.27000000,1
1506691677,22535121,294.62,0.02335211,1
1506691677,22535120,294.95,0.00133738,1
1506691677,22535119,295.04,0.00000917,1
1506691669,22535115,295.04,0.36288694,1
1506691669,22535114,295.06,0.00001294,1
1506691668,22535111,296.27,5.49656886,0
1506691666,22535109,295.06,0.22998706,1
1506691658,22535102,295.05,1.27055500,1
1506691652,22535096,295.05,1.52000000,1
1506691652,22535093,294.96,1.09000000,0
1506691652,22535092,294.96,2.54202100,0
1506691651,22535090,294.96,1.73421600,0
1506691650,22535087,294.96,1.52376300,0
1506691650,22535086,294.96,1.09000000,0
1506691640,22535077,295.04,5.80004288,1
1506691637,22535074,294.96,0.19995712,0
1506691629,22535073,294.97,2.38142413,0
1506691629,22535072,294.97,0.34907587,0
1506691629,22535071,294.96,0.26950000,0
1506691615,22535066,295.08,0.42764904,1
1506691615,22535065,295.09,6.11327509,1
1506691609,22535063,294.98,6.11327509,1
1506691609,22535062,294.98,3.42886045,0
1506691609,22535061,294.98,0.26950000,0
1506691608,22535060,294.98,3.19163955,1
1506691594,22535050,294.63,1.91599262,0
1506691586,22535041,295.00,3.62817990,1
1506691583,22535038,295.00,0.14216600,1
1506691583,22535035,295.00,0.64358756,1
1506691579,22535031,295.00,0.57901400,1
1506691579,22535029,295.00,0.64300193,1
1506691576,22535021,295.00,2.96790697,1
1506691574,22535017,295.00,0.15000000,1
1506691566,22534986,295.01,0.33329702,0
1506691565,22534982,295.01,1.58001423,0
1506691514,22534940,295.02,3.00000000,0
1506691514,22534938,295.02,1.00000000,0
1506691509,22534933,295.02,3.32256181,0
1506691508,22534931,295.01,0.55397290,1
1506691503,22534930,295.02,0.41031433,0
1506691498,22534925,295.01,0.11907497,1
1506691498,22534924,295.01,0.26970000,1
1506691497,22534918,295.02,2.15001999,0
1506691492,22534915,295.01,3.90000000,1
1506691490,22534913,295.29,0.14999996,0
1506691489,22534912,295.29,0.14992503,0
1506691488,22534910,295.29,0.15000000,0
1506691487,22534907,295.29,0.27949134,1
1506691486,22534903,295.31,0.14992503,0
1506691480,22534897,295.37,2.04588000,0
1506691479,22534893,295.37,2.41684000,0
1506691478,22534892,295.37,1.82169000,0
1506691477,22534891,295.37,0.00339000,0
1506691477,22534890,295.37,4.84000000,0
1506691475,22534889,295.37,5.50000000,1
1506691474,22534888,295.37,2.95312358,1
1506691474,22534887,295.38,1.88687642,1
1506691474,22534886,295.37,5.50000000,1
1506691462,22534871,295.64,4.84000000,1
1506691454,22534867,296.02,2.14268956,1
1506691420,22534842,296.02,2.69731044,1
1506691271,22534769,297.19,0.74438437,0
1506691146,22534690,297.20,0.12759084,1
1506691143,22534689,297.20,1.14249205,0
