date,tid,price,amount,type
1506728940,22556381,1.18208,368.37353,1
1506727532,22555997,1.18209,195.67204,1
1506727368,22555966,1.18212,386.27336,1
1506727054,22555816,1.18227,452.99999,1
1506726387,22555534,1.18256,6.32734,0
1506726063,22555465,1.18209,50.00000,1
1506725801,22555352,1.18224,299.29049,1
1506725251,22555177,1.18258,1934.61049,1
1506725012,22555065,1.18257,165.71000,1
1506724762,22554848,1.18203,59.62036,1
1506724755,22554800,1.18203,96.48000,1
1506724751,22554774,1.18203,5.63950,1
1506724748,22554758,1.18202,143.23224,1
1506724747,22554756,1.18202,49.47000,1
1506724743,22554720,1.18203,1592.42998,1
1506724740,22554696,1.18232,631.35248,1
1506724740,22554694,1.18232,49.42456,1
1506724739,22554683,1.18232,17.04178,1
1506724738,22554666,1.18232,48.06585,1
1506724613,22554603,1.18593,317.49725,0
1506723305,22554278,1.18241,30.96581,1
1506723093,22554158,1.18278,23.79779,1
1506722768,22553904,1.18254,383.02177,1
1506722544,22553812,1.18596,190.36416,1
1506722543,22553811,1.18596,566.62226,0
1506721445,22553511,1.18244,60.00000,1
1506720989,22553374,1.18598,210.27045,0
1506720443,22553206,1.18247,60.00000,1
1506719893,22553049,1.18278,50.00000,1
1506719090,22552811,1.18598,483.49994,0
1506719088,22552804,1.18598,572.88000,0
1506718050,22552414,1.18600,332.96029,0
1506717337,22552169,1.18600,1721.11493,0
1506716951,22551956,1.18600,552.59676,0
1506716948,22551952,1.18600,552.59676,0
1506716528,22551641,1.18279,190.27627,1
1506716501,22551600,1.18600,1042.94763,0
1506716496,22551587,1.18600,10.59518,0
1506716495,22551584,1.18600,632.61999,0
1506716491,22551572,1.18600,429.37391,0
1506716483,22551548,1.18600,3938.00610,0
1506715972,22551290,1.18219,391.08260,0
1506715971,22551289,1.18219,456.65651,0
1506715845,22551202,1.18213,49.83999,1
1506715722,22551172,1.18208,241.99999,1
1506715610,22551112,1.18200,1510.13000,1
1506715608,22551105,1.18200,956.27763,1
1506715608,22551103,1.18200,225.58000,1
1506715607,22551100,1.18200,90.06201,1
1506715607,22551099,1.18202,200.00000,1
1506715607,22551097,1.18203,1734.65658,1
1506715606,22551087,1.18219,17.05434,1
1506715606,22551085,1.18219,225.87651,1
1506715606,22551079,1.18219,641.78857,1
1506715605,22551076,1.18219,172.81896,1
1506714950,22550870,1.18621,59.00000,0
1506714661,22550791,1.18621,226.80522,0
1506713869,22550566,1.18313,498.99558,1
1506713707,22550470,1.18274,78.35282,1
1506712352,22549923,1.18221,56.00000,1
1506712147,22549823,1.18599,124.81061,0
1506712143,22549815,1.18623,3524.98602,0
1506712140,22549811,1.18623,3523.34624,0
1506712140,22549809,1.18622,1.64821,0
1506712136,22549805,1.18622,998.35179,0
1506712136,22549803,1.18600,3.54537,0
1506712131,22549795,1.18600,2155.14588,0
1506712127,22549786,1.18600,534.28324,0
1506712127,22549785,1.18600,2989.65084,0
1506712104,22549754,1.18600,2010.34916,0
1506712104,22549753,1.18600,1477.22014,0
1506712093,22549747,1.18600,3522.77986,0
1506710190,22549110,1.18186,50.00000,1
1506709182,22548707,1.18180,368.11053,1
1506709178,22548706,1.18180,367.74269,1
1506709176,22548702,1.18180,39.15215,1
1506708989,22548612,1.18180,113.72483,1
1506708986,22548608,1.18180,113.40651,1
1506708978,22548601,1.18180,76.34118,1
1506708978,22548600,1.18180,76.11877,1
1506708977,22548599,1.18190,0.22241,1
1506708974,22548597,1.18190,44.25875,1
1506708834,22548487,1.18190,2473.59276,1
1506708830,22548482,1.18190,2473.59276,1
1506708819,22548475,1.18200,524.90657,1
1506708816,22548473,1.18200,3076.54773,1
1506708811,22548468,1.18200,168.71766,1
1506708809,22548464,1.18200,144.31473,1
1506708477,22548327,1.18200,1077.17999,1
1506708143,22548155,1.18624,252.28543,0
1506707785,22547973,1.18623,110.78779,0
1506707167,22547588,1.18166,167.21039,1
1506707108,22547508,1.18163,499.89997,0
1506706757,22547210,1.18149,165.66117,1
1506706681,22547171,1.18146,60.00000,1
1506706641,22547105,1.18147,322.09279,0
1506706586,22547028,1.18145,220.36826,1
1506706570,22547007,1.18146,39.62894,1
1506706569,22547006,1.18146,342.60999,1
1506706564,22546999,1.18146,304.93935,1
1506706550,22546983,1.18146,116.98000,1
1506706530,22546953,1.18145,482.84993,1
1506706527,22546945,1.18146,304.22512,1
1506706515,22546904,1.18146,194.85000,1
1506706511,22546903,1.18146,236.67999,1
1506706509,22546899,1.18145,104.77811,1
1506706505,22546887,1.18146,251.00537,1
1506705783,22546037,1.18647,76.35869,0
1506705658,22545980,1.18650,31.70423,0
1506705657,22545978,1.18646,67.23049,1
1506705655,22545972,1.18644,49.78717,0
1506705654,22545965,1.18644,67.31306,0
1506705653,22545962,1.18645,124.23126,0
1506705640,22545954,1.18155,452.81929,1
1506705640,22545953,1.18156,1147.18071,1
1506705448,22545900,1.18650,145.50330,0
1506705442,22545896,1.18650,225.46903,0
1506705405,22545848,1.18650,49.65787,0
1506705403,22545838,1.18650,43.17707,0
1506705317,22545767,1.18644,36.05714,0
1506705312,22545765,1.18650,72.13438,0
1506705306,22545761,1.18650,131.12950,0
1506705293,22545745,1.18642,1140.09688,0
1506705287,22545741,1.18600,3903.16531,0
1506705283,22545735,1.18600,169.57747,0
1506705282,22545734,1.18599,850.42253,0
1506705278,22545728,1.18599,20.00000,0
1506705278,22545727,1.18598,1020.00000,0
1506705264,22545716,1.18598,87.32975,0
1506705261,22545710,1.18599,39.60960,0
1506705252,22545704,1.18599,35.99524,0
1506705248,22545693,1.18599,53.97263,0
1506705242,22545689,1.18598,35.99554,0
1506704671,22545402,1.18142,28.98711,1
1506704059,22545149,1.18159,273.53376,0
1506703997,22545072,1.18159,33.16000,0
1506703982,22545046,1.18159,32.75000,0
1506703738,22544947,1.18148,423.57592,1
1506703673,22544907,1.18159,49.99000,0
1506703557,22544854,1.18164,352.34058,1
1506702951,22544528,1.18175,379.53136,1
1506702809,22544412,1.18151,350.00000,1
1506702787,22544400,1.18148,379.05576,0
1506702762,22544376,1.18143,409.10186,1
1506702759,22544372,1.18142,380.96056,1
1506702753,22544367,1.18148,515.13520,1
1506702627,22544275,1.18145,20.15502,1
1506702627,22544272,1.18145,203.89614,1
1506702627,22544271,1.18145,701.61386,1
1506702612,22544245,1.18140,47.20000,1
1506702611,22544243,1.18622,302.26000,0
1506702611,22544242,1.18140,611.94042,1
1506702609,22544233,1.18227,16.91661,1
1506702609,22544231,1.18227,41.14297,1
1506702600,22544200,1.18227,8.22103,0
1506702569,22544149,1.18147,612.40070,1
1506702526,22544119,1.18137,533.10460,1
1506702490,22544101,1.18130,179.77000,1
1506702489,22544100,1.18130,319.29000,1
1506702486,22544095,1.18129,319.29000,1
1506702484,22544089,1.18129,70.79181,1
1506702484,22544088,1.18150,248.49819,1
1506702484,22544085,1.18150,987.76133,1
1506702483,22544083,1.18150,96.39000,1
1506702483,22544076,1.18150,503.05276,1
1506702482,22544072,1.18150,306.40443,1
1506702481,22544069,1.18150,465.89111,1
1506702481,22544067,1.18151,2000.00000,1
1506702479,22544057,1.18150,53.49999,1
1506702479,22544056,1.18150,319.29000,1
1506702478,22544051,1.18150,509.79264,1
1506702477,22544044,1.18200,320.51118,1
1506702477,22544041,1.18200,96.37000,1
1506702477,22544039,1.18200,58.14608,1
1506702476,22544034,1.18200,981.78511,1
1506702476,22544031,1.18201,25.03534,1
1506702474,22544022,1.18200,979.53470,1
1506702473,22544016,1.18200,979.19628,1
1506702368,22543930,1.18200,770.32995,1
1506702213,22543826,1.18203,96.16359,1
1506702146,22543791,1.18203,70.00000,1
1506702137,22543782,1.18229,2000.00000,1
1506702008,22543633,1.18649,501.71447,0
1506702008,22543631,1.18631,0.80899,0
1506701862,22543310,1.18631,999.19101,0
1506701854,22543290,1.18630,509.58740,0
1506701846,22543259,1.18630,257.07000,0
1506701805,22543143,1.18200,452.90000,1
1506700545,22542083,1.18204,2000.00000,1
1506700475,22542058,1.18220,76.91000,0
1506700472,22542057,1.18220,76.91000,0
1506700471,22542056,1.18220,76.91000,0
1506700469,22542055,1.18220,76.91000,0
1506700467,22542051,1.18220,76.91000,0
1506700458,22542047,1.18220,24.73353,0
1506700321,22542014,1.18220,2000.00000,0
1506700319,22542013,1.18229,2000.00000,1
1506700093,22541965,1.18180,17.75350,0
1506700019,22541930,1.18152,1089.99493,1
1506700017,22541927,1.18151,67.99089,0
1506700016,22541922,1.18150,93.78859,1
1506700015,22541914,1.18151,205.28219,1
1506700015,22541912,1.18153,94.71528,1
1506700015,22541909,1.18153,1000.90563,1
1506700014,22541901,1.18153,299.12528,1
1506700014,22541900,1.18153,300.96780,1
1506700013,22541897,1.18152,304.28601,0
1506700010,22541878,1.18183,2000.00000,1
1506699861,22541747,1.18635,304.00662,0
1506699782,22541715,1.18175,60.00000,1
1506699716,22541689,1.18221,400.00000,1
1506699477,22541579,1.18645,304.04708,0
1506699475,22541570,1.18647,601.35442,0
1506699444,22541462,1.18150,749.64876,1
1506699441,22541454,1.18150,1416.26746,1
1506699440,22541449,1.18150,1594.89632,1
1506699439,22541447,1.18150,1415.20711,1
1506699437,22541445,1.18150,1221.78297,1
1506699437,22541444,1.18150,17.82834,1
1506699437,22541443,1.18150,174.45266,1
1506699437,22541441,1.18150,17.83180,1
1506699434,22541435,1.18150,1112.64495,1
1506699434,22541433,1.18151,300.00000,1
1506699433,22541429,1.18150,74.70006,1
1506699432,22541422,1.18150,1524.36893,1
1506699431,22541415,1.18150,1597.57936,1
1506699430,22541414,1.18151,580.00000,0
1506699429,22541410,1.18150,220.17959,1
1506699429,22541409,1.18151,311.83040,1
1506699429,22541406,1.18151,304.50690,1
1506699429,22541405,1.18151,1383.66270,1
1506699428,22541404,1.18152,24.68851,1
1506699428,22541400,1.18152,17.81954,0
1506699426,22541390,1.18150,1408.40458,1
1506699425,22541384,1.18155,1001.98054,1
1506699424,22541381,1.18154,592.90418,1
1506699424,22541378,1.18154,1040.15133,1
1506699424,22541377,1.18154,366.94259,1
1506699423,22541372,1.18150,17.74328,1
1506699422,22541370,1.18153,1405.82973,1
1506699422,22541367,1.18153,500.00000,1
1506699418,22541356,1.18198,17.79837,1
1506699416,22541353,1.18198,261.96628,1
1506699412,22541347,1.18197,17.78644,1
1506699407,22541336,1.18195,567.15957,1
1506699403,22541327,1.18193,1057.91041,1
1506699403,22541326,1.18193,101.31959,1
1506699403,22541325,1.18193,580.00000,1
1506699402,22541324,1.18193,30.07000,1
1506699401,22541317,1.18192,1898.68041,1
1506699375,22541295,1.18185,332.84258,1
1506699365,22541290,1.18183,17.69936,1
1506699111,22541139,1.18277,99.65093,1
1506698670,22540936,1.18158,104.64620,1
1506697976,22540476,1.18650,1540.11722,0
1506697850,22540422,1.18650,4387.14000,0
1506697850,22540421,1.18620,10000.00000,0
1506697850,22540420,1.18617,1000.00000,0
1506697849,22540419,1.18616,1000.00000,0
1506697537,22540270,1.18277,50.00000,1
1506697004,22539925,1.18221,541.48782,1
1506696935,22539851,1.18160,0.00002,0
1506696935,22539850,1.18160,980.87350,0
1506696929,22539837,1.18161,466.19558,1
1506696928,22539832,1.18161,196.54834,1
1506696881,22539795,1.18174,130.58810,1
1506696656,22539717,1.18247,49.67568,1
1506696652,22539714,1.18246,1096.36998,0
1506696651,22539707,1.18246,307.30105,1
1506696638,22539687,1.18243,616.91230,1
1506696610,22539650,1.18239,17.75135,1
1506696609,22539643,1.18239,612.89957,1
1506696596,22539626,1.18237,688.35211,1
1506696595,22539623,1.18237,613.75444,1
1506696147,22539331,1.18216,199.35711,1
1506695905,22539197,1.18174,36.00354,1
1506695862,22539165,1.18174,5.22447,1
1506695835,22539139,1.18174,75.07574,1
1506695762,22539072,1.18187,274.43195,1
1506695761,22539068,1.18186,373.79216,1
1506695705,22539054,1.18182,1295.78955,1
1506695673,22539040,1.18176,498.40146,1
1506695669,22539034,1.18175,83.09711,0
1506695663,22539022,1.18174,744.39386,1
1506695539,22538902,1.18174,3107.94315,1
1506695465,22538850,1.18310,28.43662,1
1506695462,22538840,1.18310,28.45069,1
1506695458,22538831,1.18174,445.00411,1
1506695418,22538779,1.18175,97.46563,1
1506695296,22538612,1.18175,25.60610,1
1506695294,22538607,1.18176,180.00000,1
1506695255,22538580,1.18175,161.31903,1
1506695251,22538575,1.18727,186.60000,0
1506695204,22538554,1.18176,76.11593,1
1506695200,22538548,1.18179,169.15000,1
1506695172,22538526,1.18176,340.00000,1
1506695050,22538436,1.18179,221.38196,0
1506694982,22538414,1.18175,287.10300,1
1506694979,22538413,1.18175,286.81611,1
1506694978,22538411,1.18174,309.52703,1
1506694938,22538367,1.18174,50.00000,1
1506694934,22538361,1.18178,574.88999,1
1506694922,22538347,1.18181,27.51284,1
1506694920,22538340,1.18180,6.13714,1
1506694919,22538339,1.18180,680.00000,1
1506694897,22538300,1.18176,584.71999,1
1506694894,22538296,1.18187,21.03377,1
1506694892,22538287,1.18185,1879.11387,0
1506694891,22538285,1.18174,96.24000,1
1506694891,22538282,1.18185,605.07377,1
1506694838,22538234,1.18178,845.77999,1
1506694703,22538123,1.18208,2953.00000,1
1506694683,22538112,1.18729,1590.98227,0
1506694683,22538111,1.18700,0.33673,0
1506694678,22538102,1.18700,288.61241,0
1506694675,22538098,1.18700,3614.40466,0
1506694670,22538095,1.18700,6327.33787,0
1506694667,22538091,1.18700,6322.28059,0
1506694647,22538076,1.18700,703.47417,0
1506694628,22538065,1.18700,421.70000,0
1506694622,22538061,1.18700,125.05000,0
1506694599,22538031,1.18700,703.55330,0
1506694593,22538029,1.18700,1493.25027,0
1506694592,22538027,1.18700,1321.58250,0
1506694589,22538022,1.18700,2813.12977,0
1506694589,22538021,1.18650,1.70300,0
1506694584,22538015,1.18650,2103.12683,0
1506694553,22537972,1.18650,2918.68981,0
1506694553,22537969,1.18650,1545.15000,0
1506694553,22537968,1.18650,37.14236,0
1506694477,22537865,1.18650,159.18000,0
1506694474,22537863,1.18650,501.10167,0
1506694471,22537859,1.18650,1540.15000,0
1506694077,22537594,1.18650,2942.49627,0
1506693983,22537548,1.18650,5.40006,0
1506693972,22537539,1.18650,492.51000,0
1506693971,22537536,1.18650,491.80000,0
1506693837,22537436,1.18222,8.81986,0
1506693781,22537408,1.18700,865.28773,0
1506693781,22537407,1.18699,0.01227,0
1506693781,22537404,1.18699,179.98773,0
1506693780,22537403,1.18650,0.00227,0
1506693592,22537304,1.18650,241.78000,0
1506693588,22537300,1.18650,352.48000,0
1506693549,22537287,1.18650,352.48000,0
1506693545,22537280,1.18650,499.93037,0
1506693544,22537279,1.18650,352.27000,0
1506693538,22537266,1.18650,35.99000,0
1506693536,22537262,1.18650,25.10745,0
1506693535,22537260,1.18650,25.11423,0
1506693534,22537256,1.18650,92.43992,0
1506693244,22537000,1.18650,2876.51912,0
1506693243,22536998,1.18649,490.03184,0
1506693178,22536922,1.18650,72.91000,0
1506693178,22536921,1.18650,72.97664,0
1506693150,22536901,1.18630,191.24238,0
1506693147,22536897,1.18630,417.87000,0
1506693146,22536895,1.18630,36.33370,0
1506693145,22536890,1.18630,768.99000,0
1506693143,22536887,1.18630,1150.02000,0
1506693143,22536886,1.18630,36.32620,0
1506693139,22536880,1.18630,341.65000,0
1506693135,22536871,1.18630,79.89546,0
1506693135,22536869,1.18630,18.45760,0
1506693097,22536829,1.18630,55.11000,0
1506693097,22536826,1.18630,333.40372,0
1506693094,22536823,1.18630,165.86418,0
1506693091,22536820,1.18630,104.83880,0
1506693090,22536817,1.18630,36.29373,0
1506693086,22536801,1.18630,1263.70423,0
1506693085,22536799,1.18629,510.50827,0
1506693085,22536797,1.18628,313.71750,0
1506693085,22536792,1.18628,36.28250,0
1506693022,22536720,1.18629,228.16592,0
1506693013,22536710,1.18629,2676.75093,0
1506693013,22536709,1.18627,842.20919,0
1506693012,22536707,1.18626,690.00000,0
1506692998,22536692,1.18626,1101.59917,0
1506692998,22536691,1.18626,174.59452,0
1506692986,22536677,1.18622,36.17415,1
1506692986,22536676,1.18625,209.71483,0
1506692983,22536657,1.18620,209.71483,0
1506692867,22536583,1.18356,100.64575,0
1506692867,22536582,1.18358,0.00677,1
1506692866,22536580,1.18358,100.28896,1
1506692864,22536570,1.18360,136.65935,1
1506692852,22536550,1.18626,235.59758,0
1506692850,22536533,1.18362,149.02680,0
1506692850,22536531,1.18358,342.10320,0
1506692849,22536528,1.18358,102.09000,0
1506692848,22536521,1.18358,1000.00000,0
1506692848,22536518,1.18358,160.39050,0
1506692847,22536512,1.18358,13.40965,0
1506692798,22536361,1.18279,609.53496,1
1506692797,22536356,1.18279,82.51677,1
1506692794,22536353,1.18278,200.15001,1
1506692793,22536351,1.18278,444.19320,1
1506692792,22536347,1.18278,1355.65679,1
1506692773,22536337,1.18276,36.69743,1
1506692772,22536334,1.18276,365.86587,1
1506692772,22536330,1.18276,1597.43670,1
1506692758,22536307,1.18155,1692.67690,1
1506692756,22536303,1.18155,307.32310,1
1506692754,22536296,1.18154,489.14976,1
1506692546,22536085,1.18055,50.00000,1
1506692429,22536009,1.18001,423.35844,1
1506692429,22536008,1.18002,860.00000,1
1506692429,22536007,1.18306,16.64156,1
1506692427,22536003,1.18311,2000.00000,1
1506692407,22535990,1.18363,419.53497,1
1506692406,22535984,1.18360,171.97797,0
1506692405,22535980,1.18362,95.65000,1
1506692403,22535974,1.18362,736.02592,1
1506692389,22535950,1.18359,160.96853,1
1506692213,22535791,1.18545,303.70875,1
1506692210,22535787,1.18545,1.92246,1
1506692209,22535786,1.18546,1221.06333,1
1506692205,22535777,1.18552,178.29559,1
1506691956,22535613,1.18629,1584.57488,0
1506691956,22535612,1.18628,1564.81530,0
1506691956,22535611,1.18600,5000.00000,0
1506691954,22535608,1.18593,1110.90053,0
1506691952,22535606,1.18593,1036.53439,0
1506691938,22535589,1.18593,305.11700,0
1506691937,22535583,1.18593,104.06000,0
1506691935,22535577,1.18593,608.06180,0
1506691933,22535559,1.18550,230.41667,0
1506691933,22535556,1.18550,1221.07000,0
1506691931,22535543,1.18543,177.73886,0
1506691931,22535540,1.18543,304.31440,0
1506691930,22535535,1.18543,431.40312,0
1506691842,22535468,1.18550,68.68548,0
1506691841,22535466,1.18550,68.35667,0
1506691840,22535464,1.18550,91.01292,0
1506691831,22535445,1.18304,16.68655,0
1506691721,22535271,1.18304,1433.84767,1
1506691718,22535258,1.18304,42.62508,1
1506691705,22535227,1.17888,15337.21023,1
1506691705,22535226,1.17888,422.78417,0
1506691704,22535224,1.18000,57.18000,1
1506691704,22535223,1.18000,639.01306,1
1506691704,22535222,1.18000,90.22352,1
1506691704,22535221,1.18000,57.18261,1
1506691704,22535220,1.18000,1863.11000,1
1506691704,22535219,1.18000,50.05537,1
1506691703,22535217,1.18000,563.69370,1
1506691703,22535216,1.18000,228.61332,1
1506691703,22535215,1.18000,497.76478,1
1506691703,22535214,1.18000,481.50781,1
1506691703,22535213,1.18000,302.11763,1
1506691703,22535211,1.18000,203.23097,1
1506691703,22535210,1.18000,408.65311,1
1506691703,22535209,1.18000,2878.11238,1
1506691702,22535207,1.18000,4.23950,1
1506691702,22535205,1.18000,3572.26156,1
1506691702,22535204,1.18000,711.83548,1
1506691702,22535203,1.18000,711.66346,1
1506691702,22535202,1.18000,0.82735,1
1506691702,22535201,1.18000,626.26318,1
1506691702,22535200,1.18000,4319.42860,1
1506691701,22535199,1.18000,53.48087,1
1506691701,22535198,1.18000,240.45547,1
1506691701,22535197,1.18000,246.93104,1
1506691701,22535196,1.18000,2260.78000,1
1506691701,22535195,1.18000,246.80280,1
1506691701,22535194,1.18000,308.15766,1
1506691701,22535192,1.18000,1118.72000,1
1506691701,22535191,1.18000,169.51000,1
1506691700,22535189,1.18000,4826.63939,1
1506691700,22535188,1.18000,5000.00000,1
1506691700,22535186,1.18000,5000.00000,1
1506691700,22535185,1.18000,5000.00000,1
1506691700,22535184,1.18000,5000.00000,1
1506691700,22535183,1.18000,5000.00000,1
1506691699,22535181,1.18002,30000.00000,1
1506691699,22535180,1.18003,422.37572,1
1506691699,22535179,1.18029,5000.00000,1
1506691698,22535178,1.18031,3000.00000,1
1506691698,22535177,1.18032,1700.00000,0
1506691698,22535176,1.18300,500.00000,1
1506691696,22535174,1.18339,2000.00000,1
1506691696,22535172,1.18339,160.17526,1
1506691680,22535128,1.18550,57.18000,0
1506691676,22535118,1.18550,639.01306,0
1506691668,22535112,1.18550,90.22352,0
1506691665,22535108,1.18550,57.18261,0
1506691587,22535042,1.18414,160.27909,0
1506691579,22535030,1.18413,160.02974,0
1506691574,22535014,1.18412,37.45000,0
1506691572,22535003,1.18351,37.26030,0
1506691565,22534983,1.18315,394.36585,1
1506691497,22534919,1.18303,536.85999,1
1506691488,22534908,1.18353,37.47265,1
1506691486,22534905,1.18353,37.44754,1
1506691256,22534755,1.18327,396.75000,1
1506691138,22534681,1.18340,605.41000,1
1506690903,22534543,1.18414,160.19895,1
1506690723,22534393,1.18550,1863.11000,0
1506690620,22534315,1.18550,50.05537,0
1506690619,22534310,1.18550,563.69370,0
1506690619,22534309,1.18550,228.61332,0
1506690614,22534289,1.18550,497.76478,0
1506690613,22534284,1.18550,481.50781,0
1506690611,22534280,1.18550,302.11763,0
1506690610,22534273,1.18550,203.23097,0
1506690608,22534257,1.18550,408.65311,0
1506690422,22534111,1.18550,2878.11238,0
1506690422,22534110,1.18530,5000.00000,0
1506690420,22534106,1.18529,3723.24000,0
1506690377,22534067,1.18529,98.87000,0
1506690377,22534066,1.18529,155.70000,0
1506690374,22534051,1.18529,1022.19000,0
1506689921,22533692,1.18180,332.19936,1
1506689847,22533637,1.18510,242.03618,0
1506689547,22533354,1.18510,60.30050,0
1506689546,22533353,1.18500,4.23950,0
1506689518,22533314,1.18500,3572.26156,0
1506689508,22533303,1.18500,711.83548,0
1506689496,22533264,1.18500,711.66346,0
1506689495,22533262,1.18059,84.18079,1
1506689491,22533248,1.18499,569.53645,0
1506689490,22533246,1.18444,4.65302,0
1506689473,22533228,1.18443,160.40667,1
1506689471,22533220,1.18444,3010.39410,0
1506689467,22533212,1.18444,4397.74633,0
1506689464,22533205,1.18444,711.75698,0
1506689460,22533203,1.18444,640.61468,0
1506689434,22533182,1.18444,711.79409,0
1506689426,22533167,1.18444,711.85146,0
1506689412,22533155,1.18444,3254.50465,0
1506689405,22533145,1.18444,535.17000,0
1506689402,22533137,1.18444,990.86609,0
1506689398,22533119,1.18444,710.46288,0
1506689392,22533110,1.18444,1054.70717,0
1506689388,22533101,1.18444,132.73820,0
1506689384,22533094,1.18444,35.24027,0
1506689384,22533091,1.18444,2305.80676,0
1506689379,22533076,1.18444,1666.43307,0
1506689378,22533073,1.18444,935.86064,0
1506689371,22533038,1.18444,67.11187,0
1506689370,22533034,1.18444,708.38000,0
1506689367,22533018,1.18444,509.41809,0
1506689364,22533010,1.18443,479.56876,0
1506689364,22533007,1.18427,0.82735,0
1506689360,22532983,1.18427,626.26318,0
1506689356,22532969,1.18427,4319.42860,0
1506689356,22532968,1.18421,1.76180,0
1506689345,22532945,1.18421,998.23820,0
1506689345,22532943,1.18421,964.28315,0
1506689328,22532901,1.18421,67.33602,0
1506689266,22532782,1.18067,62.89000,1
1506689027,22532628,1.18010,60.00000,1
1506688997,22532544,1.18278,357.20999,1
1506688644,22532294,1.18421,25.13000,0
1506688116,22531876,1.18068,63.71000,1
1506687833,22531571,1.18039,287.87094,1
1506687832,22531564,1.18039,1712.12906,1
1506687694,22531390,1.18202,717.43166,1
1506687641,22531322,1.18427,53.48087,0
1506687641,22531321,1.18426,907.50731,0
1506687640,22531317,1.18425,93.05907,0
1506687639,22531313,1.18423,333.23522,0
1506687625,22531298,1.18426,92.49269,0
1506687625,22531297,1.18426,240.45547,0
1506687623,22531296,1.18425,87.36198,0
1506687617,22531291,1.18183,66.74578,1
1506687615,22531289,1.18183,66.72585,1
1506687391,22531056,1.18002,247.09554,1
1506687390,22531046,1.18005,570.00000,0
1506687389,22531042,1.18002,1315.03260,1
1506687387,22531030,1.18005,615.89718,1
1506687387,22531027,1.18005,656.73198,1
1506687386,22531023,1.18005,246.42543,1
1506687385,22531014,1.18004,656.18963,1
1506687378,22530981,1.18067,160.18945,1
1506687095,22530683,1.18426,246.93104,0
1506687093,22530675,1.18426,2260.78000,0
1506687091,22530669,1.18426,246.80280,0
1506686991,22530558,1.18426,308.15766,0
1506686382,22530067,1.18426,1118.72000,0
1506686246,22529910,1.18019,305.28855,1
1506686199,22529855,1.18141,155.81382,1
1506685738,22529302,1.18183,246.76933,1
1506685697,22529242,1.18426,169.51000,0
1506685512,22528935,1.18426,408.64303,0
1506685512,22528933,1.18426,809.22347,0
1506685464,22528843,1.18426,774.92000,0
1506685342,22528642,1.18087,60.00000,0
1506685341,22528641,1.18426,795.13441,0
1506685297,22528592,1.18426,132.56114,0
1506685296,22528588,1.18426,760.87156,0
1506685097,22528300,1.18426,932.12000,0
1506685097,22528297,1.18426,465.01000,0
1506685077,22528271,1.18426,81.23993,0
1506685072,22528265,1.18426,81.23993,0
1506685066,22528225,1.18425,81.23993,0
1506685065,22528222,1.18223,584.46048,0
1506684829,22528058,1.18166,1400.56000,0
1506684743,22527989,1.18172,599.44000,1
1506684219,22527469,1.18426,167.67956,0
1506684219,22527466,1.18425,1.29044,0
1506684058,22527047,1.18082,72.20442,1
1506684057,22527046,1.18082,127.14096,1
1506683820,22526902,1.18249,195.06000,1
1506683570,22526797,1.18425,1598.28748,0
1506683565,22526786,1.18425,2924.67297,0
1506683544,22526706,1.18425,197.60564,0
1506683539,22526701,1.18425,278.14347,0
1506683539,22526700,1.18410,0.11411,0
1506683521,22526691,1.18410,102.29420,0
1506683367,22526583,1.18152,70.00000,1
1506683292,22526499,1.18410,153.09000,0
1506682830,22526196,1.18402,130.90919,1
1506682745,22526123,1.18410,34.45824,0
1506682714,22526087,1.18410,351.36803,0
1506682711,22526085,1.18410,90.13000,0
1506682711,22526084,1.18410,96.83000,0
1506682701,22526063,1.18410,170.68000,0
1506682699,22526060,1.18410,45.00000,0
1506682696,22526056,1.18410,94.30295,0
1506682688,22526052,1.18410,964.80000,0
1506682685,22526046,1.18410,90.12000,0
1506682672,22526026,1.18410,3225.02000,0
1506682655,22526008,1.18410,305.04112,0
1506682652,22526006,1.18410,79.12000,0
1506682652,22526003,1.18410,31.00000,0
1506682649,22525998,1.18410,48.93000,0
1506682642,22525986,1.18410,139.50000,0
1506682628,22525975,1.18410,126.76035,0
1506682597,22525918,1.18410,318.92329,0
1506682595,22525916,1.18410,94.47000,0
1506682594,22525915,1.18410,1127.02000,0
1506682592,22525909,1.18410,1259.89000,0
1506682591,22525904,1.18410,131.15000,0
1506682590,22525903,1.18410,1130.10567,0
1506682590,22525902,1.18400,131.06384,0
1506682586,22525891,1.18400,292.10762,0
1506682423,22525822,1.18400,87.41000,0
1506682238,22525695,1.18400,489.41854,0
1506682238,22525694,1.18400,324.17942,0
1506682219,22525655,1.18400,478.59000,0
1506682207,22525640,1.18400,1138.54000,0
1506682206,22525637,1.18400,303.15362,0
1506682037,22525420,1.18400,48.53000,0
1506681983,22525312,1.18400,66.55998,0
1506681974,22525284,1.18400,166.16998,0
1506681973,22525280,1.18400,409.48821,0
1506681972,22525278,1.18400,160.29157,0
1506681954,22525196,1.18400,61.76098,0
1506681953,22525195,1.18400,1179.42199,0
1506681953,22525194,1.18400,771.80427,0
1506681952,22525189,1.18400,770.01874,0
1506681951,22525180,1.18400,770.89045,0
1506681950,22525163,1.18400,769.97956,0
1506681913,22525062,1.18400,55.18000,0
1506681860,22524936,1.18400,80.12000,0
1506681839,22524892,1.18400,264.73815,0
1506681835,22524876,1.18400,1284.59000,0
1506681824,22524856,1.18399,477.60000,0
1506681652,22524622,1.18398,1664.19000,0
1506681652,22524620,1.18395,950.00000,0
1506681647,22524610,1.18397,1134.00563,0
1506681596,22524521,1.18368,27.02500,1
1506681595,22524519,1.18368,10.00000,0
1506681589,22524498,1.18364,37.02468,0
1506681589,22524496,1.18364,2045.08000,0
1506681036,22524169,1.17901,304.11338,1
1506681017,22524133,1.18364,58.23000,0
1506681009,22524129,1.18140,496.66082,1
1506680998,22524101,1.18137,58.82000,1
1506680933,22524035,1.18044,347.41816,0
1506680928,22524028,1.18367,0.01000,0
1506680928,22524023,1.18367,539.99000,0
1506680875,22523970,1.18366,301.56545,0
1506680824,22523946,1.18148,423.38509,1
1506680781,22523920,1.18089,443.08278,0
1506680762,22523902,1.18053,370.14596,1
1506680761,22523901,1.18053,33.70146,1
1506680712,22523876,1.18041,94.84554,1
1506680712,22523875,1.18041,99.11000,1
1506680712,22523874,1.18041,99.11000,1
1506680712,22523873,1.18041,99.11000,1
1506680712,22523872,1.18041,99.11000,1
1506680712,22523871,1.18045,1966.29797,1
1506680710,22523867,1.18045,33.70203,1
1506680695,22523851,1.18051,629.92999,1
1506680695,22523850,1.18051,99.10850,1
1506680648,22523823,1.18039,99.11000,0
1506680486,22523706,1.17909,425.07135,1
1506680408,22523670,1.18042,1334.15593,1
1506680335,22523651,1.18013,87.43258,0
1506680133,22523563,1.18091,438.42423,1
1506679893,22523345,1.18042,28.63949,1
1506679859,22523306,1.18035,185.39280,1
1506679859,22523305,1.18035,46.15641,1
1506679858,22523304,1.18035,122.62147,1
1506679858,22523303,1.18344,0.69932,1
1506679857,22523297,1.18344,139.16370,1
1506679856,22523291,1.18344,305.77806,1
1506679855,22523288,1.18344,307.12401,1
1506679853,22523281,1.18054,471.87491,0
1506679852,22523280,1.18028,1224.46000,0
1506679850,22523276,1.18028,275.55000,0
1506679807,22523254,1.18031,90.78000,1
1506679766,22523197,1.18038,34.86000,1
1506679696,22523174,1.17959,158.18079,0
1506679551,22523107,1.18053,471.87491,1
1506679542,22523103,1.18056,497.22213,1
1506679523,22523093,1.18016,0.00003,0
1506679522,22523092,1.18016,669.82070,0
1506679474,22523072,1.18018,1333.03671,1
1506679441,22523061,1.18015,168.99452,1
1506679434,22523051,1.18013,255.89189,1
1506679434,22523050,1.18013,299.22561,1
1506679434,22523049,1.18013,30.71837,1
1506679434,22523046,1.18013,33.66140,1
1506679425,22523032,1.18004,0.00002,0
1506679425,22523031,1.18004,33.66140,0
1506679420,22523029,1.17945,104.16663,1
1506679396,22523012,1.17968,46.95911,1
1506679271,22522982,1.17953,70.00000,1
1506679137,22522865,1.17906,500.59316,1
1506679136,22522864,1.17907,110.00000,1
1506679134,22522859,1.17905,303.18997,1
1506679105,22522838,1.18012,305.08970,1
1506679103,22522835,1.18012,305.05259,1
1506679101,22522833,1.18011,299.35935,1
1506679060,22522808,1.18009,1332.58610,1
1506679037,22522795,1.17959,50.94000,0
1506678991,22522766,1.17959,90.41658,1
1506678991,22522765,1.17959,47.89582,1
1506678878,22522721,1.17931,39.58342,1
1506678761,22522680,1.17901,130.00000,1
1506678761,22522679,1.17901,169.07783,1
1506678760,22522676,1.17901,130.81510,1
1506678747,22522668,1.17898,48.96018,1
1506678730,22522647,1.18034,110.88856,1
1506678729,22522643,1.18034,338.66125,1
1506678691,22522606,1.17921,0.00001,0
1506678690,22522604,1.17921,410.77490,0
1506678686,22522584,1.17892,1110.50632,1
1506678686,22522583,1.17924,300.00000,1
1506678686,22522581,1.17891,1231.05242,1
1506678684,22522566,1.17923,410.77491,1
1506677645,22521691,1.17890,275.80933,0
1506677645,22521690,1.18000,0.00184,1
1506677644,22521689,1.18031,1244.18883,1
1506677608,22521674,1.18031,331.94670,1
1506677584,22521663,1.18031,423.86447,1
1506677427,22521605,1.18025,170.95961,1
1506677318,22521470,1.18001,60.00000,1
1506676929,22521144,1.18091,1287.01531,1
1506676869,22521097,1.18091,70.00000,1
1506676857,22521093,1.18091,642.98469,1
1506676619,22520941,1.18432,596.94242,0
1506676447,22520615,1.18000,100.29718,1
1506676447,22520614,1.18000,834.61808,1
1506676419,22520586,1.18000,1096.94999,1
1506676416,22520582,1.18000,308.16429,1
1506676057,22520325,1.18000,201.00000,1
1506675926,22520203,1.18000,442.09323,1
1506675398,22519724,1.18000,1326.19931,1
1506675391,22519719,1.18000,697.64176,1
1506675387,22519711,1.18000,127.23165,1
1506675387,22519710,1.18000,570.82855,1
1506675381,22519693,1.18000,1046.46263,1
1506675377,22519685,1.18000,826.37289,1
1506675377,22519684,1.18000,424.52259,1
1506675346,22519670,1.18000,424.00510,1
1506675342,22519666,1.18000,424.00510,1
1506674728,22519197,1.18000,206.80313,1
1506674702,22519157,1.18000,997.00000,1
1506674700,22519146,1.18038,17.72032,0
1506674575,22519090,1.18000,80.00000,1
1506674561,22519079,1.18040,4562.11838,1
1506674554,22519063,1.18040,36.58986,1
1506674474,22519022,1.18040,133.86775,1
1506674471,22519019,1.18040,133.80392,1
1506674467,22519017,1.18040,159.88539,1
1506674343,22518954,1.18040,159.86477,1
1506674343,22518953,1.18040,245.86993,1
1506674209,22518875,1.18089,354.30432,1
1506674206,22518861,1.18089,854.45780,1
1506674009,22518586,1.18090,116.76992,1
1506674009,22518585,1.18090,541.14676,1
1506674008,22518584,1.18090,159.77600,1
1506674007,22518580,1.18090,119.68818,1
1506674006,22518577,1.18090,456.97930,1
1506673983,22518555,1.18090,0.36489,1
1506673983,22518554,1.18091,81.72361,1
1506673954,22518486,1.18445,5.37907,0
1506673945,22518446,1.18445,83.02000,0
1506673944,22518443,1.18445,11.52313,0
1506673750,22518321,1.18448,210.96176,0
1506673748,22518316,1.18448,235.61393,0
1506673421,22517962,1.18090,605.27495,1
1506673342,22517802,1.18448,1515.27454,0
1506673337,22517789,1.18448,396.24620,0
1506673334,22517780,1.18448,1284.68155,0
1506673326,22517754,1.18448,765.97076,0
1506673322,22517739,1.18448,7.82000,0
1506673314,22517733,1.18448,404.95678,0
1506673312,22517725,1.18448,1550.83500,0
1506673311,22517723,1.18448,532.12913,0
1506673310,22517722,1.18447,0.09087,0
1506673305,22517710,1.18447,79.60605,0
1506673300,22517704,1.18447,20.00000,0
1506673085,22517585,1.18089,159.51270,1
1506673083,22517580,1.18089,214.83813,1
1506673082,22517572,1.18089,377.16264,1
1506673036,22517515,1.18089,39.72441,1
1506672624,22517193,1.18100,37.60325,1
1506672363,22517029,1.18041,323.30000,1
1506672357,22517024,1.18059,89.86000,1
1506672278,22516998,1.18040,39.34861,1
1506672266,22516983,1.18037,208.17695,1
1506672264,22516980,1.18037,160.04768,1
1506672262,22516978,1.18036,82.85602,1
1506672107,22516900,1.18003,80.00000,1
1506671880,22516730,1.18046,272.34348,1
1506671879,22516726,1.18046,273.68992,1
1506671878,22516725,1.18046,270.83628,1
1506671684,22516603,1.18016,140.80244,1
1506671659,22516589,1.18010,310.33992,1
1506671614,22516535,1.18003,86.35000,1
1506671613,22516532,1.18003,67.17000,1
1506671605,22516520,1.18095,75.24000,1
1506671427,22516323,1.18399,103.47000,1
1506671424,22516319,1.18399,439.55999,1
1506671364,22516268,1.18400,4.59840,0
1506671362,22516260,1.18400,2466.73780,0
1506671360,22516249,1.18397,545.05450,0
1506671320,22516184,1.18059,159.85913,1
1506671319,22516181,1.18058,114.17560,1
1506671309,22516162,1.18397,71.27040,0
1506671308,22516157,1.18397,170.31133,0
1506671307,22516151,1.18397,100.48243,0
1506671300,22516114,1.18028,0.00001,0
1506671300,22516112,1.18028,550.85430,0
1506671292,22516089,1.18396,510.00000,0
1506671290,22516079,1.18397,112.88134,0
1506671290,22516076,1.18395,46.48733,0
1506671290,22516073,1.18246,0.38001,0
1506671289,22516070,1.18393,549.99999,1
1506671287,22516063,1.18393,159.66819,0
1506671284,22516045,1.18394,39.17341,0
1506671272,22516018,1.18395,26.11442,0
1506671220,22515974,1.18012,1069.90736,1
1506671200,22515965,1.18009,6.18655,1
1506671140,22515870,1.18009,63.35051,1
1506671137,22515868,1.18005,158.88310,0
1506671132,22515861,1.18005,1236.68415,1
1506671131,22515860,1.18005,600.52220,1
1506671123,22515820,1.18002,1367.19099,1
1506671121,22515804,1.18002,632.80901,1
1506671083,22515705,1.18400,302.00124,0
1506671083,22515702,1.18400,302.07144,0
1506671082,22515699,1.18400,314.33902,0
1506671064,22515678,1.18400,172.84000,0
1506671062,22515670,1.18400,172.71000,0
1506671062,22515667,1.18400,358.60759,0
1506671061,22515663,1.18400,139.31589,0
1506671060,22515661,1.18400,490.61654,0
1506671060,22515659,1.18400,276.16208,0
1506671060,22515658,1.18400,559.94433,0
1506671059,22515651,1.18400,622.82819,0
1506671045,22515636,1.18400,1592.88000,0
1506671045,22515634,1.18400,302.38886,0
1506671043,22515630,1.18400,303.57350,0
1506671043,22515625,1.18400,1020.36000,0
1506671042,22515618,1.18400,598.02512,0
1506670941,22515469,1.18088,914.11812,0
1506670781,22515372,1.17897,126.05000,1
1506670761,22515358,1.17892,493.32000,1
1506670749,22515350,1.18030,384.17708,1
1506670748,22515348,1.18030,103.71292,1
1506670747,22515346,1.18030,384.17999,1
1506670715,22515319,1.18022,23.44087,1
1506670710,22515299,1.18018,23.44085,1
1506670710,22515298,1.18018,0.00002,1
1506670709,22515294,1.17901,64.84108,0
1506670704,22515277,1.17889,55.72735,1
1506670694,22515238,1.17901,50.01000,1
1506670693,22515228,1.17901,333.98312,1
1506670650,22515110,1.17891,49.99534,1
1506670644,22515099,1.18085,221.87069,0
1506670644,22515098,1.18084,1102.09452,0
1506670643,22515096,1.18000,676.03479,0
1506670626,22515084,1.18092,468.52160,1
1506670602,22515052,1.18086,244.38000,1
1506670589,22515043,1.18020,0.00002,0
1506670588,22515042,1.18020,8.40209,0
1506670588,22515041,1.18001,8.82896,0
1506670588,22515040,1.18000,1843.42565,0
1506670497,22514984,1.17894,43.98867,1
1506670474,22514978,1.17908,116.64224,1
1506670417,22514945,1.17893,503.69843,1
1506670417,22514943,1.17893,378.54807,1
1506670413,22514940,1.17893,378.54807,1
1506670404,22514930,1.18000,7.33855,1
1506670404,22514929,1.18000,157.66712,1
1506670403,22514928,1.18000,492.53916,1
1506670403,22514927,1.18000,23.18893,1
1506670403,22514926,1.18000,649.05000,1
1506670403,22514925,1.18000,253.16456,1
1506670403,22514924,1.18000,100.27758,1
1506670403,22514923,1.18000,79.20071,1
1506670403,22514922,1.18000,499.39000,1
1506670402,22514921,1.18000,1.22672,1
1506670402,22514918,1.18000,1014.38902,1
1506670402,22514916,1.18000,243.37414,1
1506670398,22514909,1.18000,891.15795,1
1506670391,22514897,1.18000,386.75947,1
1506670391,22514896,1.18000,383.75638,1
1506670391,22514895,1.18000,1520.52490,1
1506670391,22514894,1.18000,558.81142,1
1506670391,22514893,1.18000,0.31365,1
1506670390,22514892,1.18000,299.64114,1
1506670390,22514891,1.18000,204.73294,1
1506670389,22514886,1.18000,86.80706,1
1506670389,22514885,1.18000,502.25227,1
1506670379,22514875,1.18000,117.34999,1
1506670377,22514872,1.18000,536.76272,1
1506670373,22514868,1.18000,812.00093,1
1506670368,22514862,1.18000,107.52391,1
1506670365,22514856,1.18000,929.16081,1
1506670361,22514843,1.18000,304.64377,1
1506670360,22514836,1.18000,39.41005,1
1506670359,22514835,1.18000,1002.87995,1
1506670358,22514827,1.18000,846.27813,1
1506670357,22514825,1.18000,112.15187,1
1506670356,22514823,1.18004,2000.00000,1
1506670344,22514786,1.18001,1342.59948,1
1506670337,22514780,1.18023,2000.00000,1
1506670239,22514729,1.18005,243.00999,1
1506670116,22514648,1.18000,129.49813,1
1506670116,22514647,1.18000,351.11186,1
1506670106,22514635,1.18000,207.86043,1
1506670105,22514632,1.18000,245.94000,1
1506670046,22514567,1.18000,269.91939,1
1506670044,22514563,1.18000,675.94502,1
1506670043,22514557,1.18000,675.79662,1
1506670041,22514553,1.18000,88.65934,1
1506670041,22514552,1.18000,26.86868,1
1506670041,22514551,1.18000,299.69340,1
1506670036,22514542,1.18006,441.48170,1
1506669972,22514463,1.18000,99.74023,1
1506669934,22514418,1.18000,276.37999,1
1506669934,22514415,1.18019,180.00000,1
1506669932,22514405,1.18018,380.20729,1
1506669932,22514402,1.18019,350.00000,1
1506669750,22514087,1.18022,351.71743,1
1506669749,22514086,1.18183,0.00527,1
1506669718,22514038,1.18183,276.63878,1
1506669716,22514030,1.18183,252.01595,1
1506669712,22514018,1.18025,213.20965,0
1506669663,22513968,1.18024,70.00000,1
1506669601,22513894,1.18028,83.11000,1
1506669600,22513890,1.18027,303.24002,1
1506669600,22513888,1.18027,31.52998,1
1506669600,22513886,1.18028,680.00000,1
1506669598,22513884,1.18027,674.63565,1
1506669585,22513868,1.18019,158.04235,1
1506669574,22513856,1.18013,85.22790,1
1506669548,22513839,1.18044,0.00135,1
1506669548,22513838,1.18045,280.00000,1
1506669528,22513809,1.18045,43.00000,1
1506669509,22513772,1.18046,433.32578,1
1506669507,22513766,1.18045,490.63494,1
1506669506,22513761,1.18044,288.18068,1
1506669293,22513549,1.18451,245.54000,1
1506669291,22513544,1.18451,221.86438,1
1506669286,22513534,1.18451,0.04126,1
1506669285,22513533,1.18452,21.91000,1
1506669187,22513438,1.18451,839.91869,1
1506669086,22513319,1.18451,59.45848,1
1506669030,22513255,1.18451,87.79999,1
1506668993,22513232,1.18500,650.20628,0
1506668985,22513223,1.18500,649.05000,0
1506668984,22513220,1.18500,253.16456,0
1506668984,22513219,1.18500,100.27758,0
1506668983,22513216,1.18500,79.20071,0
1506668666,22513018,1.18451,22.22151,1
1506668665,22513017,1.18451,44.07849,1
1506668662,22513011,1.18500,499.39000,0
1506668659,22512999,1.18450,1.22672,0
1506668634,22512953,1.18450,1014.38902,0
1506668631,22512950,1.18450,1521.29156,0
1506668606,22512922,1.18450,383.75638,0
1506668599,22512915,1.18450,1520.52490,0
1506668596,22512914,1.18450,558.81142,0
1506668596,22512913,1.18449,960.00000,0
1506668596,22512910,1.18430,1.10044,0
1506668591,22512905,1.18430,998.89956,0
1506668591,22512901,1.18430,351.08717,0
1506668590,22512899,1.18400,0.31365,0
1506668583,22512884,1.18400,299.64114,0
1506668559,22512865,1.18400,291.54000,0
1506668430,22512766,1.18077,315.19000,1
1506668289,22512652,1.18400,241.65000,0
1506668221,22512583,1.18037,280.07001,1
1506668221,22512582,1.18037,69.63999,1
1506668177,22512572,1.18036,62.47000,1
1506668137,22512527,1.18032,36.98999,1
1506668119,22512512,1.18027,20.03000,1
1506668074,22512487,1.18028,116.77000,1
1506667872,22512325,1.18007,64.47612,1
1506667870,22512323,1.18007,92.37740,1
1506667868,22512316,1.18006,622.62806,1
1506667867,22512314,1.18007,12.56847,1
1506667866,22512311,1.18007,447.43153,1
1506667833,22512286,1.18000,10.13803,1
1506667833,22512285,1.18003,1895.99367,1
1506667623,22512180,1.18000,823.00676,1
1506667623,22512179,1.18001,20.00000,1
1506667623,22512178,1.18002,221.55000,1
1506667516,22511963,1.18430,301.94293,0
1506667514,22511954,1.18430,271.43459,0
1506667510,22511938,1.18430,36.54239,0
1506667509,22511934,1.18430,35.76428,0
1506667499,22511930,1.18399,79.54694,1
1506667476,22511911,1.18430,253.67685,0
1506667443,22511891,1.18430,137.08000,0
1506667419,22511871,1.18399,20.67277,1
1506667419,22511870,1.18400,29.32723,1
1506667382,22511842,1.18430,163.22000,0
1506667381,22511838,1.18430,226.25123,0
1506667375,22511827,1.18430,273.10806,0
1506667367,22511804,1.18430,48.86000,0
1506667352,22511784,1.18430,594.51879,0
1506667350,22511776,1.18430,396.17740,0
1506667349,22511772,1.18430,594.08831,0
1506667347,22511764,1.18430,395.89423,0
1506667346,22511759,1.18430,476.51430,0
1506667346,22511758,1.18425,0.00001,0
1506667345,22511757,1.18425,117.06471,0
1506667344,22511754,1.18425,395.65568,0
1506667342,22511750,1.18425,593.14619,0
1506667341,22511744,1.18425,395.35112,0
1506667338,22511735,1.18425,301.05495,0
1506667337,22511734,1.18425,712.96000,0
1506667337,22511732,1.18425,300.95371,0
1506667315,22511704,1.18425,601.17764,0
1506667311,22511693,1.18400,67.19277,0
1506667311,22511692,1.18400,213.06722,0
1506667310,22511691,1.18400,50.00000,0
1506667310,22511690,1.18400,747.90252,0
1506667310,22511689,1.18400,159.68000,0
1506667310,22511687,1.18400,130.67674,0
1506667310,22511684,1.18400,651.97537,0
1506667308,22511678,1.18400,300.89937,0
1506667306,22511676,1.18400,301.75712,0
1506667300,22511663,1.18400,194.37000,0
1506667297,22511653,1.18400,132.04000,0
1506667294,22511649,1.18400,618.17930,0
1506667293,22511648,1.18400,492.54162,0
1506667292,22511643,1.18400,104.27000,0
1506667291,22511637,1.18400,130.76000,0
1506667289,22511634,1.18399,193.40809,0
1506666843,22511291,1.18000,8.85000,1
1506666684,22511236,1.18000,271.40999,1
1506666263,22511036,1.18000,50.00000,1
1506666025,22510920,1.18000,331.63563,1
1506665967,22510886,1.18000,216.12729,1
1506665967,22510885,1.18000,200.13960,1
1506665917,22510861,1.18000,159.68000,1
1506665914,22510855,1.18000,153.68185,1
1506665903,22510851,1.18000,319.66002,1
1506665898,22510850,1.18000,409.31240,1
1506665869,22510837,1.18000,64.75999,1
1506665847,22510823,1.18000,179.40213,1
1506665847,22510822,1.18000,367.96196,1
1506665831,22510810,1.18000,305.78373,1
1506665829,22510804,1.18000,600.94030,1
1506665805,22510793,1.18000,651.89999,1
1506665786,22510780,1.18000,4.06715,1
1506665786,22510779,1.18001,990.00000,1
1506665763,22510754,1.18001,255.95355,1
1506665318,22510512,1.18425,96.00000,0
1506664939,22510238,1.18009,50.00000,1
1506664894,22510203,1.18425,1486.63599,0
1506664894,22510202,1.18400,305.67840,0
1506664894,22510201,1.18400,518.51317,0
1506664889,22510195,1.18400,301.52996,0
1506664866,22510162,1.18400,105.29000,0
1506664865,22510159,1.18400,736.62253,0
1506664865,22510156,1.18400,302.37109,0
1506664864,22510150,1.18400,1930.65313,0
1506664552,22509925,1.18398,87.67936,0
1506664355,22509821,1.18003,353.49625,0
1506664352,22509818,1.18000,305.67840,1
1506664268,22509723,1.18400,305.67840,0
1506664268,22509722,1.18379,780.69521,0
1506664266,22509714,1.18377,105.03000,0
1506664266,22509711,1.18377,158.83730,0
1506664265,22509710,1.18376,86.11270,0
1506664264,22509704,1.18376,253.42975,0
1506664264,22509703,1.18376,100.45755,0
1506664250,22509678,1.18376,79.78000,0
1506664247,22509675,1.18376,1130.00000,0
1506664197,22509648,1.18376,464.03349,0
1506664192,22509633,1.18376,285.70646,0
1506664130,22509578,1.18378,443.78481,0
1506664129,22509572,1.18379,152.43479,0
1506664089,22509518,1.18378,171.60000,0
1506664039,22509465,1.18379,66.87000,0
1506663754,22509254,1.17890,50.00000,1
1506663697,22509207,1.17890,233.08877,1
1506663672,22509165,1.17890,67.31000,1
1506663672,22509164,1.18396,67.31000,0
1506663665,22509144,1.18398,301.54655,0
1506663569,22508981,1.18399,409.77000,0
1506663563,22508970,1.18394,509.70587,0
1506663516,22508899,1.17888,299.38394,1
1506663515,22508897,1.17889,316.41605,1
1506663515,22508896,1.17890,310.00000,1
1506663345,22508813,1.18397,521.60000,0
1506663280,22508764,1.17888,75.52000,1
1506663181,22508691,1.18391,299.18000,0
1506663030,22508597,1.17888,78.55000,1
1506663030,22508595,1.17889,100.00000,1
1506662831,22508503,1.17889,18.48725,1
1506662831,22508500,1.17889,105.86463,1
1506662827,22508497,1.18393,554.20812,0
1506662826,22508492,1.18394,381.68866,0
1506662786,22508431,1.18389,202.45548,0
1506662784,22508423,1.18390,258.43869,0
1506662784,22508421,1.18390,142.19287,0
1506662724,22508383,1.17889,59.62000,1
1506662627,22508267,1.17889,88.47580,1
1506662625,22508264,1.17889,143.94735,1
1506662477,22508032,1.18367,599.39173,0
1506662476,22508019,1.17888,273.15000,1
1506662457,22507971,1.17888,130.19269,1
1506662454,22507965,1.17889,235.91731,1
1506662428,22507933,1.17888,900.78000,1
1506662414,22507891,1.17888,920.20466,1
1506662413,22507890,1.17888,261.44528,1
1506662413,22507889,1.17889,260.71008,1
1506662407,22507877,1.17888,6690.76490,1
1506662404,22507868,1.17888,1569.23998,1
1506662396,22507842,1.17889,145.91610,0
1506662396,22507841,1.17889,142.19287,0
1506662396,22507840,1.17888,646.54533,1
1506662395,22507837,1.17888,778.01283,1
1506662356,22507720,1.17889,100.20829,0
1506662356,22507719,1.17889,291.29118,0
1506662345,22507702,1.17888,48.00000,1
1506662344,22507697,1.17888,52.56703,1
1506662344,22507696,1.17889,432.64293,1
1506662343,22507692,1.17888,1320.72000,1
1506662341,22507689,1.17889,49.51001,1
1506662320,22507648,1.17888,1400.00803,1
1506662318,22507645,1.17888,811.58953,1
1506662317,22507643,1.17889,588.41850,1
1506662312,22507633,1.17888,1.35513,1
1506662311,22507632,1.17889,282.29237,1
1506662305,22507613,1.17889,330.53290,1
1506662305,22507611,1.17890,6.81143,1
1506662305,22507609,1.17910,5277.56567,1
1506662295,22507580,1.17910,366.42999,1
1506662260,22507527,1.17910,68.10000,1
1506662259,22507522,1.17910,270.10023,1
1506662240,22507502,1.17911,300.65406,1
1506662231,22507493,1.17927,65.51515,1
1506661650,22507000,1.18394,1918.11205,0
1506661609,22506951,1.17910,60.00000,1
1506661114,22506749,1.17911,0.16327,0
1506661114,22506748,1.17911,32.48999,0
1506661113,22506747,1.17910,210.34999,1
1506661113,22506746,1.17910,196.42348,1
1506661113,22506745,1.17910,250.30231,1
1506661113,22506744,1.17910,69.39999,1
1506661113,22506743,1.17910,173.24758,1
1506661112,22506742,1.17911,366.32498,1
1506661092,22506732,1.17910,159.16000,1
1506661092,22506731,1.17912,130.00000,1
1506661052,22506708,1.18384,364.99053,0
1506661045,22506702,1.17910,79.46999,1
1506661045,22506701,1.17911,240.00000,1
1506661033,22506693,1.18395,199.33210,1
1506660869,22506601,1.18100,455.00000,0
1506660869,22506600,1.18099,1000.00000,0
1506660868,22506599,1.17911,0.46432,0
1506660684,22506439,1.17910,2927.07652,1
1506660684,22506437,1.17910,445.73347,1
1506660635,22506379,1.17911,395.54251,0
1506660635,22506378,1.17911,86.71206,0
1506660580,22506326,1.17910,304.63659,1
1506660579,22506324,1.17910,188.85936,1
1506660513,22506287,1.17910,539.57000,1
1506660510,22506281,1.17910,209.14632,1
1506660506,22506278,1.17910,209.14632,1
1506660502,22506274,1.17910,539.46000,1
1506660502,22506273,1.17910,199.05066,1
1506660498,22506267,1.17910,199.05066,1
1506660457,22506240,1.17910,303.89470,1
1506660456,22506236,1.17910,41.75911,1
1506660448,22506226,1.17910,1672.43336,1
1506660443,22506221,1.17910,1025.37327,1
1506660439,22506212,1.17910,1025.37327,1
1506660398,22506172,1.17910,360.15462,1
1506660394,22506169,1.17910,360.15462,1
1506660392,22506161,1.17910,360.42330,1
1506660376,22506145,1.17910,111.93457,1
1506660373,22506133,1.17911,22.03592,0
1506660373,22506132,1.17911,19.83348,0
1506660358,22506123,1.17910,242.99674,1
1506660357,22506122,1.17911,0.00326,1
1506660357,22506121,1.17911,32.65000,1
1506660167,22506001,1.17910,60.00000,1
1506660164,22505999,1.17910,852.69901,1
1506660111,22505978,1.17910,688.28000,1
1506660110,22505972,1.17910,957.77191,1
1506660036,22505931,1.17910,54.68913,1
1506660024,22505906,1.17910,433.71018,1
1506660023,22505904,1.17910,428.07787,1
1506660017,22505903,1.17910,33.24362,1
1506660010,22505893,1.17910,433.65938,1
1506660008,22505885,1.17910,205.23596,1
1506660006,22505878,1.17910,305.28936,1
1506660005,22505875,1.17910,171.98654,1
1506659995,22505864,1.17910,445.10423,1
1506659992,22505859,1.17910,1549.45162,1
1506659992,22505856,1.17911,396.00683,1
1506659977,22505838,1.17910,48.71513,1
1506659971,22505802,1.17910,48.71513,1
1506659969,22505800,1.17910,5829.86383,1
1506659969,22505799,1.17911,437.62361,1
1506659963,22505781,1.17911,44.56837,1
1506659636,22505660,1.17910,1019.83999,1
1506659624,22505657,1.17910,1033.77119,1
1506659624,22505656,1.17911,506.16606,1
1506659622,22505653,1.17910,862.71851,1
1506659622,22505650,1.17911,0.00607,1
1506659610,22505639,1.17911,706.39720,0
1506659610,22505637,1.17910,291.90901,1
1506659610,22505635,1.17911,706.40327,1
1506659475,22505581,1.17910,244.01000,1
1506659471,22505576,1.17910,20.13542,1
1506659471,22505575,1.17911,111.93457,1
1506659468,22505571,1.17911,765.13998,1
1506659430,22505554,1.17911,41.38318,1
1506659424,22505545,1.17910,90.24680,1
1506659419,22505530,1.17910,69.49000,1
1506659417,22505519,1.17911,523.84314,1
1506659417,22505518,1.17911,390.10999,1
1506659415,22505513,1.17911,102.82000,1
1506659412,22505507,1.17911,100.01996,1
1506659411,22505506,1.17911,102.83000,1
1506659411,22505504,1.17911,207.99605,1
1506659405,22505491,1.17911,100.00999,1
1506659402,22505484,1.17911,100.39610,1
1506659398,22505477,1.17911,54.27999,1
1506659397,22505474,1.17911,497.42771,1
1506659296,22505391,1.17910,2073.00439,1
1506659296,22505390,1.17910,2.51440,1
1506659295,22505388,1.17911,1202.66568,1
1506659291,22505384,1.17910,4.29588,1
1506659291,22505382,1.17911,1329.05330,1
1506659291,22505381,1.17911,774.51736,1
1506659274,22505366,1.17911,173.61105,1
1506659001,22505200,1.17912,1.49924,1
1506659001,22505198,1.17913,280.00000,1
1506658951,22505162,1.17911,2.86515,1
1506658951,22505160,1.17912,560.00000,1
1506658940,22505140,1.17911,562.88891,0
1506658938,22505138,1.17911,3445.84666,0
1506658938,22505137,1.17911,1480.39505,1
1506658934,22505132,1.17912,5.64666,1
1506658934,22505131,1.17913,1100.00000,1
1506658906,22505116,1.17913,100.00000,1
1506658634,22504857,1.17915,507.86999,1
1506658401,22504649,1.18427,185.65000,0
1506658139,22504377,1.18427,242.49000,0
1506658137,22504371,1.18426,30.80000,0
1506658135,22504365,1.18427,38.81000,0
1506658131,22504356,1.18427,45.37681,0
1506658130,22504354,1.18427,45.32000,0
1506658020,22504245,1.18430,443.83947,0
1506658018,22504233,1.18425,127.38535,0
1506658018,22504231,1.18427,699.85000,1
1506658014,22504220,1.18428,209.41985,0
1506658010,22504210,1.18428,627.80648,0
1506658008,22504202,1.18428,35.14000,0
1506658007,22504200,1.18428,420.92211,0
1506658004,22504185,1.18427,80.36633,0
1506658003,22504181,1.18428,209.39745,0
1506657999,22504173,1.18428,222.78492,0
1506657996,22504167,1.18428,77.23757,0
1506657987,22504133,1.18427,497.67286,1
1506657964,22504096,1.18423,420.46010,0
1506657936,22504035,1.18414,45.53000,0
1506657789,22503853,1.18427,590.57545,0
1506657671,22503646,1.17913,100.00000,1
1506657614,22503547,1.18418,81.57899,1
1506657611,22503537,1.18427,210.99809,0
1506657611,22503532,1.18428,1357.33386,1
1506657610,22503526,1.18428,336.45594,0
1506657609,22503522,1.18418,15.69217,1
1506657609,22503520,1.18419,81.88769,1
1506657607,22503515,1.18419,46.23508,0
1506657606,22503513,1.18419,81.88770,0
1506657603,22503498,1.18418,55.56966,0
1506657523,22503382,1.18421,79.50837,0
1506657521,22503372,1.18422,736.79000,0
1506657520,22503371,1.18422,122.66135,0
1506657340,22503085,1.17911,35.47999,0
1506657332,22503057,1.17911,102.71000,1
1506657325,22503016,1.17911,43.82162,1
1506657271,22502960,1.17929,510.01180,1
1506657266,22502949,1.17929,2973.02107,1
1506657077,22502699,1.17929,24.60839,1
1506657042,22502629,1.17929,627.34999,1
1506656998,22502551,1.17929,151.60779,1
1506656997,22502549,1.17929,205.52944,1
1506656996,22502543,1.17929,127.00940,1
1506656990,22502524,1.17929,126.97843,1
1506656988,22502519,1.17929,126.94756,1
1506656985,22502492,1.17929,126.93613,1
1506656959,22502431,1.17930,58.38386,1
1506656958,22502429,1.17930,151.63133,1
1506656957,22502425,1.17930,126.92928,1
1506656955,22502405,1.17930,278.47310,1
1506656954,22502403,1.17930,63.46462,1
1506656950,22502392,1.17930,63.45793,1
1506656945,22502375,1.17930,361.94089,1
1506656939,22502365,1.17930,622.68326,1
1506656938,22502362,1.17930,361.94089,1
1506656803,22502069,1.17930,4.98000,1
1506656675,22501930,1.17930,549.75088,1
1506656669,22501913,1.17930,377.89191,1
1506656666,22501903,1.17930,549.79095,1
1506656663,22501894,1.17930,658.10095,1
1506656613,22501854,1.17930,770.58015,1
1506656613,22501853,1.17930,985.50552,1
1506656611,22501844,1.17930,641.10681,1
1506656611,22501843,1.17930,1114.94712,1
1506656603,22501840,1.17930,212.63821,1
1506656591,22501820,1.17930,60.00000,1
1506656544,22501711,1.17930,767.97948,1
1506656531,22501663,1.17930,692.35130,1
1506656520,22501640,1.17930,118.03050,1
1506656512,22501615,1.17930,34.95364,1
1506656488,22501553,1.17930,240.59338,1
1506656486,22501536,1.17930,304.29358,1
1506656471,22501491,1.17930,256.34646,1
1506656471,22501488,1.17930,600.89534,1
1506656465,22501458,1.17930,63.72047,1
1506656463,22501426,1.17930,63.67741,1
1506656461,22501422,1.17930,63.67742,1
1506656461,22501421,1.17930,63.71164,1
1506656460,22501418,1.17930,63.63447,1
1506656458,22501415,1.17930,73.19276,1
1506656455,22501404,1.17930,63.59165,1
1506656455,22501400,1.17930,3.59299,1
1506656455,22501399,1.17931,781.58405,1
1506656451,22501390,1.17930,138.17218,1
1506656450,22501389,1.17930,713.29145,1
1506656450,22501384,1.17931,257.39000,1
1506656448,22501375,1.17930,644.28591,1
1506656448,22501374,1.17930,63.59409,1
1506656418,22501339,1.17930,3578.82855,1
1506656418,22501338,1.17930,1398.15618,1
1506656414,22501326,1.17930,675.87738,1
1506656391,22501294,1.17930,930.52745,1
1506656373,22501265,1.17930,304.95581,1
1506656371,22501255,1.17930,304.60966,1
1506656370,22501249,1.17930,293.00341,1
1506656359,22501229,1.17930,22.53032,1
1506656345,22501201,1.17930,476.94090,1
1506656341,22501182,1.17931,130.00000,0
1506656340,22501178,1.17931,1.30000,1
1506656340,22501175,1.17931,258.70000,1
1506656309,22501148,1.17930,303.40199,1
1506656306,22501141,1.17931,392.90038,1
1506656303,22501131,1.17932,215.80000,1
1506656303,22501129,1.17932,294.20000,1
1506656227,22500996,1.17932,306.87968,1
1506656222,22500988,1.17932,599.18569,1
1506656005,22500575,1.18488,601.05316,0
1506656004,22500560,1.18489,1325.50000,1
1506656003,22500552,1.18489,477.12533,0
1506655985,22500431,1.17930,289.99690,1
1506655985,22500427,1.17930,455.09765,1
1506655969,22500316,1.17930,1170.51999,1
1506655969,22500314,1.17931,0.05000,1
1506655958,22500239,1.17931,9.95000,1
1506655957,22500215,1.18499,92.31222,0
1506655951,22500156,1.17931,19.90000,1
1506655945,22500108,1.17930,256.53322,1
1506655945,22500106,1.17931,40.00000,1
1506655943,22500083,1.17931,90.00000,1
1506655938,22500054,1.17931,180.00000,1
1506655919,22499955,1.18506,602.18517,0
1506655902,22499824,1.18505,304.54164,0
1506655656,22499607,1.17930,1657.02536,1
1506655655,22499603,1.17930,166.70999,1
1506655655,22499600,1.17930,444.51000,1
1506655654,22499594,1.17930,849.60379,1
1506655654,22499593,1.17930,2839.20441,1
1506655644,22499576,1.17930,338.99881,1
1506655497,22499469,1.17930,19.01133,1
1506655491,22499465,1.17931,300.21602,1
1506655459,22499441,1.17930,120.81218,1
1506655393,22499375,1.17930,60.00000,1
1506655252,22499244,1.17930,608.97909,1
1506654445,22498582,1.17930,90.00000,1
1506654138,22498264,1.17930,142.82056,1
1506654111,22498239,1.17930,780.17362,1
1506654111,22498238,1.17930,1336.26804,1
1506654110,22498237,1.17930,463.09373,1
1506654109,22498231,1.17930,70.04590,1
1506654108,22498230,1.17930,992.94097,1
1506654108,22498228,1.17931,300.97028,1
1506654093,22498212,1.17931,202.22026,1
1506654090,22498205,1.17931,327.09790,1
1506654067,22498193,1.17930,633.69621,1
1506654067,22498192,1.17931,292.69796,1
1506654063,22498190,1.17931,74.16499,1
1506654030,22498132,1.17931,48.77999,1
1506654008,22498110,1.17931,194.34621,1
1506654008,22498109,1.17931,38.88189,1
1506653978,22498106,1.17931,69.18703,1
1506653969,22498096,1.17931,156.14999,1
1506653968,22498094,1.17931,48.77999,1
1506653957,22498083,1.17930,240.04729,1
1506653957,22498082,1.17931,201.38681,1
1506653952,22498080,1.17931,85.16068,1
1506653939,22498066,1.17931,306.85108,1
1506653818,22497959,1.17930,464.19202,1
1506653817,22497958,1.17931,334.62246,1
1506653816,22497950,1.17931,16.92507,0
1506653806,22497936,1.17930,799.71584,1
1506653806,22497935,1.17930,224.62915,1
1506653805,22497934,1.17931,377.04922,1
1506653805,22497933,1.17931,513.58168,1
1506653361,22497522,1.18499,512.10924,0
1506653352,22497474,1.17930,255.85999,1
1506653345,22497448,1.17930,2335.50806,1
1506653344,22497445,1.17930,102.72000,1
1506653343,22497441,1.17930,49.55803,1
1506653343,22497440,1.17931,205.80196,1
1506653341,22497429,1.17931,102.71000,1
1506653305,22497371,1.17931,380.96909,1
1506653300,22497361,1.17931,380.96909,1
1506653252,22497313,1.17930,1714.97195,1
1506653250,22497302,1.17931,38.43556,1
1506653249,22497301,1.17931,382.56999,1
1506653248,22497299,1.17930,49.00000,1
1506652918,22496701,1.17931,29.25997,0
1506652918,22496700,1.17931,18.94657,0
1506652918,22496699,1.17931,90.46083,0
1506652913,22496691,1.17931,90.41817,1
1506652906,22496675,1.17931,175.02002,1
1506652906,22496674,1.17931,29.25998,1
1506652893,22496640,1.17931,84.56000,1
1506652891,22496628,1.17930,18.95000,1
1506652878,22496602,1.17931,132.70864,0
1506652878,22496601,1.17931,163.75236,0
1506652870,22496584,1.17930,248.80282,1
1506652870,22496583,1.17930,6.78369,1
1506652869,22496582,1.17931,389.54431,1
1506652869,22496581,1.17931,7.46818,1
1506652864,22496564,1.17931,48.66000,1
1506652845,22496510,1.17931,876.27647,1
1506652824,22496448,1.18030,418.74859,0
1506652821,22496434,1.17931,78.62000,1
1506652800,22496374,1.17931,212.44865,1
1506652800,22496373,1.17931,272.61135,1
1506652798,22496368,1.17931,134.45000,1
1506652788,22496349,1.17931,272.61135,1
1506652788,22496348,1.17931,155.38665,1
1506652772,22496310,1.17931,347.00740,1
1506652768,22496293,1.17931,85.22767,1
1506652768,22496292,1.17931,30.84043,1
1506652768,22496288,1.17931,134.18808,1
1506652767,22496280,1.17931,346.86623,1
1506652760,22496263,1.17931,134.44547,1
1506652759,22496261,1.17931,1016.85453,1
1506652759,22496257,1.17931,203.38647,1
1506652752,22496240,1.17931,583.46099,1
1506652749,22496235,1.17931,1521.26000,1
1506652747,22496228,1.17931,583.46099,1
1506652741,22496203,1.17931,262.73136,1
1506652736,22496188,1.17931,583.46099,1
1506652731,22496170,1.17931,43.93846,1
1506652729,22496167,1.17931,248.57289,1
1506652726,22496150,1.17931,43.93846,1
1506652721,22496115,1.17931,43.93846,1
1506652705,22496030,1.17931,6267.14776,1
1506652702,22496004,1.17931,48.88000,1
1506652700,22495986,1.17931,85.16325,1
1506652690,22495944,1.17931,2814.45068,1
1506652683,22495919,1.17931,121.25395,1
1506652675,22495887,1.17931,2596.76403,1
1506652651,22495805,1.17931,0.42974,1
1506652651,22495804,1.17932,292.15495,1
1506652638,22495745,1.17931,37.63480,1
1506652636,22495737,1.18027,151.65536,1
1506652635,22495734,1.18027,0.76305,0
1506652635,22495733,1.18027,479.36080,0
1506652631,22495717,1.17931,49.26126,1
1506652630,22495714,1.17931,374.19202,1
1506652630,22495711,1.17932,50.64394,1
1506652629,22495705,1.17932,214.81489,1
1506652627,22495692,1.17931,214.43069,1
1506652626,22495673,1.17931,417.02214,1
1506652625,22495665,1.17931,2135.02524,1
1506652625,22495663,1.17933,0.41361,1
1506652623,22495655,1.17933,82.30860,1
1506652621,22495647,1.17932,73.45779,0
1506652620,22495643,1.17932,252.67354,1
1506652619,22495632,1.17932,75.09664,1
1506652616,22495616,1.18000,0.00452,0
1506652616,22495615,1.18000,23.92729,0
1506652608,22495592,1.17932,159.13865,1
1506652602,22495575,1.17932,159.03413,1
1506652599,22495557,1.18000,61.26271,0
1506652598,22495555,1.17931,61.43423,1
1506652598,22495553,1.17931,158.96212,1
1506652595,22495547,1.17931,158.78468,1
1506652589,22495521,1.17931,2891.84426,1
1506652589,22495520,1.17932,183.27807,1
1506652588,22495519,1.17932,212.37549,0
1506652587,22495516,1.17931,256.60794,1
1506652583,22495506,1.17931,61.44000,1
1506652581,22495499,1.17931,827.36227,1
1506652581,22495496,1.17932,9.18773,1
1506652580,22495491,1.17932,203.18776,1
1506652579,22495484,1.17932,158.70459,1
1506652568,22495445,1.17931,40.45697,1
1506652557,22495414,1.17931,178.20354,1
1506652556,22495412,1.17931,80.90999,1
1506652554,22495398,1.17931,102.96000,1
1506652549,22495372,1.17932,403.28717,1
1506652549,22495366,1.17932,91.95000,1
1506652547,22495347,1.17932,94.76000,1
1506652547,22495344,1.17932,416.21567,1
1506652534,22495312,1.17931,1747.26691,1
1506652534,22495309,1.17932,341.25644,1
1506652532,22495290,1.17932,109.71786,1
1506652531,22495287,1.17940,6.78311,1
1506652531,22495286,1.17950,6.78253,1
1506652531,22495285,1.17960,6.78196,1
1506652531,22495284,1.17970,6.78139,1
1506652531,22495282,1.17980,6.78081,1
1506652531,22495280,1.18000,307.34409,1
1506652530,22495274,1.18000,157.63560,1
1506652530,22495272,1.18000,887.55266,1
1506652528,22495255,1.18000,159.94350,1
1506652527,22495245,1.18000,2363.14912,1
1506652527,22495243,1.18000,157.64397,1
1506652526,22495234,1.18000,556.17000,1
1506652513,22495191,1.18000,160.66144,1
1506652510,22495180,1.18000,1666.91728,1
1506652507,22495172,1.18029,1186.79343,1
1506652505,22495167,1.18029,732.57999,1
1506652504,22495164,1.18029,30.00000,1
1506652501,22495156,1.18029,50.00000,1
1506652501,22495152,1.18029,3000.62658,1
1506652501,22495150,1.18030,393.31882,1
1506652500,22495148,1.18031,50.00000,1
1506652474,22495122,1.18030,286.30264,1
1506652474,22495121,1.18031,100.00000,1
1506652469,22495114,1.18030,758.12466,1
1506652468,22495107,1.18030,273.60098,1
1506652467,22495106,1.18030,463.43000,1
1506652467,22495105,1.18031,190.00000,1
1506652465,22495103,1.18030,1.97075,1
1506652465,22495102,1.18031,370.00000,1
1506652460,22495079,1.18030,3.91306,1
1506652460,22495078,1.18031,730.00000,1
1506652426,22494982,1.18030,869.45176,1
1506652425,22494975,1.18031,66.09000,0
1506652424,22494964,1.18031,1500.00000,1
1506652215,22494673,1.18600,3875.62497,0
1506652214,22494672,1.18600,2541.39269,0
1506652214,22494671,1.18600,940.00000,1
1506652214,22494670,1.18596,1000.00000,0
1506652213,22494668,1.18595,1830.00000,0
1506652213,22494666,1.18134,355.82553,1
1506652213,22494664,1.18134,272.78002,0
1506652213,22494662,1.18134,49.72999,0
1506652212,22494661,1.18129,253.66002,0
1506652212,22494660,1.18129,94.66352,0
1506652212,22494659,1.18129,157.29999,0
1506652212,22494658,1.18129,531.87905,0
1506652211,22494656,1.18129,724.18999,0
1506652208,22494643,1.18030,533.86428,1
1506652207,22494636,1.18030,1221.74025,1
1506652185,22494569,1.18030,194.28280,1
1506652183,22494552,1.18129,494.03094,1
1506652182,22494544,1.18129,102.93000,1
1506652181,22494533,1.18129,185.06000,1
1506652180,22494529,1.18129,52.04054,1
1506652179,22494514,1.18129,102.95000,1
1506652175,22494489,1.18129,245.92361,1
1506652175,22494485,1.18129,637.22996,1
1506652174,22494484,1.18129,17.59998,1
1506652171,22494467,1.18129,245.80352,1
1506652167,22494453,1.18129,245.67342,1
1506652148,22494422,1.18129,82.09000,1
1506652147,22494414,1.18129,48.57000,1
1506652147,22494413,1.18129,46.11000,1
1506652146,22494411,1.18129,32.80000,1
1506652145,22494406,1.18129,46.36000,1
1506652137,22494397,1.18129,306.08817,1
1506652133,22494392,1.18129,364.74000,1
1506652131,22494388,1.18129,305.77561,1
1506652130,22494380,1.18129,103.00000,1
1506652129,22494378,1.18129,309.23468,1
1506652125,22494368,1.18129,36.88594,1
1506652119,22494349,1.18129,743.50232,1
1506652114,22494335,1.18129,245.60131,1
1506652112,22494328,1.18131,270.00000,0
1506652110,22494324,1.18130,32.79059,1
1506652102,22494302,1.18134,543.25414,1
1506651613,22493615,1.18402,230.37107,1
1506651545,22493525,1.18400,15.42725,0
1506651544,22493524,1.18400,166.54190,0
1506651544,22493523,1.18400,62.96292,0
1506651544,22493522,1.18400,148.91709,0
1506651544,22493520,1.18400,1192.96999,0
1506651543,22493518,1.18400,62.96000,0
1506651543,22493516,1.18400,667.70839,0
1506651543,22493514,1.18400,164.89482,0
1506651543,22493512,1.18400,135.26108,0
1506651543,22493510,1.18400,135.26108,0
1506651543,22493509,1.18400,1550.71552,0
1506651542,22493508,1.18400,109.10000,0
1506651542,22493505,1.18400,109.88000,0
1506651542,22493503,1.18400,62.89999,0
1506651541,22493501,1.18400,126.74999,0
1506651541,22493499,1.18400,663.86307,0
1506651537,22493491,1.18400,104.99000,0
1506651535,22493476,1.18400,246.82805,0
1506651534,22493474,1.18400,105.56000,0
1506651511,22493442,1.18400,246.66517,0
1506651508,22493435,1.18400,246.44725,0
1506651507,22493433,1.18400,105.57000,0
1506651507,22493430,1.18400,316.30082,0
1506651507,22493429,1.18400,351.23236,0
1506651506,22493426,1.18400,177.54327,0
1506651506,22493425,1.18400,276.62677,0
1506651496,22493385,1.18400,185.64992,0
1506651496,22493384,1.18130,60.67756,0
1506651496,22493382,1.18130,40.61614,1
1506651495,22493380,1.18130,24.78630,1
1506651494,22493377,1.18400,240.79000,0
1506651493,22493371,1.18400,110.73351,0
1506651492,22493369,1.18400,304.69475,0
1506651491,22493367,1.18400,303.32937,0
1506651490,22493361,1.18130,27.66000,1
1506651489,22493358,1.18400,27.66000,0
1506651488,22493351,1.18400,246.14782,0
1506651487,22493344,1.18400,307.58174,0
1506651484,22493324,1.18400,246.01975,0
1506651481,22493304,1.18400,295.97310,0
1506651478,22493294,1.18400,18.37209,0
1506651418,22493194,1.18400,159.17117,0
1506651242,22493104,1.18130,26.96629,1
1506651017,22493008,1.18130,553.10492,1
1506650834,22492970,1.18130,698.08999,1
1506650766,22492919,1.18130,128.26000,1
1506650560,22492832,1.18130,252.17299,1
1506650557,22492826,1.18130,252.17299,1
1506650554,22492819,1.18130,50.43155,1
1506650337,22492743,1.18130,1477.03371,1
1506650288,22492731,1.18141,498.37388,1
1506650287,22492730,1.18145,26.96629,1
1506650264,22492714,1.18145,62.96085,1
1506650214,22492670,1.18200,181.96915,1
1506650214,22492669,1.18200,62.96292,1
1506650153,22492656,1.18200,148.91709,1
1506650142,22492653,1.18200,1192.96999,1
1506650141,22492651,1.18200,62.96000,1
1506650129,22492641,1.18200,667.70839,1
1506649893,22492485,1.18200,164.89482,1
1506649893,22492481,1.18200,135.26108,1
1506649887,22492463,1.18200,135.26108,1
1506649884,22492456,1.18200,1550.71552,1
1506649876,22492437,1.18200,109.10000,1
1506649875,22492436,1.18200,109.88000,1
1506649796,22492370,1.18200,62.89999,1
1506649783,22492352,1.18200,126.74999,1
1506649762,22492345,1.18200,2387.45672,1
1506649761,22492343,1.18200,177.54327,1
1506649761,22492341,1.18200,2545.20673,1
1506649760,22492338,1.18200,177.54326,1
1506649742,22492329,1.18209,835.76674,1
1506649741,22492326,1.18209,177.54000,1
1506649724,22492319,1.18209,746.42000,1
1506649723,22492315,1.18209,177.53999,1
1506649600,22492274,1.18209,1239.91999,1
1506649479,22492254,1.18209,508.05999,1
1506648480,22491984,1.18209,1366.56999,1
1506647328,22491512,1.18596,0.14002,0
1506647328,22491511,1.18595,208.18998,0
1506646370,22491121,1.18209,211.45441,1
