date,tid,price,amount,type
1506729532,22556460,44.63,2.66900000,0
1506727799,22556108,44.53,46.21165083,0
1506727753,22556071,44.48,2.76000000,1
1506727753,22556070,44.48,15.00000000,1
1506727689,22556037,44.34,17.76000000,0
1506727675,22556023,44.47,17.76000000,1
1506727532,22555996,44.46,15.00000000,0
1506727531,22555995,44.47,4.40009085,0
1506727157,22555889,44.28,50.00000000,1
1506727157,22555888,44.28,0.00040425,1
1506727157,22555887,44.29,7.99959575,0
1506727152,22555885,44.28,18.94205821,1
1506727152,22555884,44.29,0.83538271,1
1506727152,22555882,44.29,0.83537549,1
1506727151,22555881,44.31,17.97981827,1
1506727151,22555880,44.34,111.00000000,1
1506727151,22555879,44.44,0.29462905,1
1506727151,22555878,44.44,0.11273627,1
1506727147,22555875,44.47,0.55850000,0
1506727145,22555873,44.50,1.00000000,1
1506727061,22555831,44.59,0.17010000,0
1506727018,22555793,44.60,41.38700000,1
1506726878,22555750,44.66,3.28000000,1
1506726850,22555737,44.61,1.84807781,1
1506726826,22555707,44.66,0.11218092,1
1506726510,22555578,44.70,1.82147600,1
1506726435,22555549,44.70,1.17852400,1
1506726435,22555547,44.73,17.76000000,1
1506726396,22555538,44.80,5.00000000,1
1506725734,22555299,44.86,0.51471244,0
1506725728,22555296,44.86,0.83556000,0
1506725710,22555294,44.86,0.22100000,0
1506725685,22555288,44.86,0.22090000,0
1506725680,22555285,44.87,0.20000000,0
1506725675,22555284,44.88,0.32620000,0
1506725670,22555283,44.92,0.48160000,0
1506725664,22555281,44.92,0.61101000,0
1506725658,22555280,44.92,1.49400000,0
1506725034,22555085,44.80,0.20000000,0
1506725029,22555083,44.80,1.80000000,0
1506724849,22554955,44.70,33.21492752,1
1506724849,22554954,44.74,5.00000000,1
1506724849,22554953,44.76,3.52000000,1
1506724848,22554952,44.78,1.84271819,1
1506724848,22554950,44.80,17.60000000,1
1506724848,22554949,44.86,19.16839193,1
1506724846,22554947,44.90,23.65396236,1
1506724845,22554945,44.90,25.73358200,1
1506724845,22554944,44.90,5.00000000,1
1506724842,22554939,44.93,1.33670253,1
1506724808,22554906,44.93,0.49987600,1
1506724779,22554885,45.00,0.17401593,1
1506724774,22554878,45.02,0.00000041,1
1506724754,22554798,45.02,1.85027800,1
1506724538,22554573,45.14,69.00000000,0
1506724260,22554476,45.11,0.00000107,1
1506723934,22554427,45.16,1.29537376,0
1506723410,22554307,45.11,14.51003700,1
1506723409,22554306,45.11,7.19414600,1
1506723336,22554288,45.11,9.59522600,1
1506723333,22554287,45.11,1.79442300,1
1506723317,22554281,45.12,22.93976100,1
1506723303,22554275,45.11,3.88791600,1
1506723289,22554271,45.11,3.88791600,1
1506723270,22554265,45.11,3.88791500,1
1506723255,22554256,45.11,3.88791600,1
1506723240,22554250,45.12,3.00000000,1
1506723208,22554232,45.11,3.88791600,1
1506723178,22554219,45.11,2.77583200,1
1506723178,22554218,45.14,1.11208400,1
1506723165,22554212,45.14,3.88791600,1
1506723148,22554198,45.15,3.88791600,1
1506723134,22554189,45.15,3.88791600,1
1506723119,22554182,45.15,3.88791600,0
1506723101,22554161,45.15,3.88791500,0
1506722402,22553760,45.20,0.01318500,1
1506722397,22553756,45.21,1.00000000,0
1506722397,22553755,45.21,0.90000000,0
1506722170,22553698,45.20,1.67681500,1
1506721903,22553645,45.28,9.33105123,1
1506721902,22553644,45.19,0.12000000,0
1506721694,22553570,45.17,1.00023000,0
1506720941,22553357,45.14,99.12339389,0
1506720932,22553349,45.12,10.35080100,1
1506720930,22553345,45.12,10.35593972,1
1506720925,22553339,45.12,6.06816000,0
1506720882,22553331,45.09,0.12000000,0
1506720015,22553072,45.14,0.87660611,0
1506720013,22553071,45.09,0.12000000,0
1506719536,22552950,44.96,15.00000000,1
1506719130,22552847,45.14,31.14121423,0
1506719130,22552846,45.13,0.66792452,0
1506717435,22552223,45.26,15.61668954,0
1506717435,22552222,45.26,24.50306300,1
1506717435,22552221,45.25,3.96000000,0
1506717274,22552128,45.19,0.20539000,0
1506717255,22552115,45.21,1.10307454,1
1506716590,22551703,45.19,0.76272864,1
1506716589,22551702,45.19,0.12000000,0
1506716532,22551646,45.12,4.21697100,0
1506716457,22551506,45.08,158.20425461,0
1506716450,22551498,45.06,30.76238100,1
1506716439,22551480,45.08,208.00000000,0
1506716272,22551362,44.96,76.96101600,1
1506716232,22551350,45.08,3.79023000,0
1506716231,22551348,45.07,5.64000000,0
1506716090,22551314,45.10,0.44235033,0
1506715821,22551197,45.16,2.78000000,1
1506715819,22551195,45.16,7.22000000,0
1506715722,22551171,44.96,5.38256206,1
1506715095,22550901,45.16,1.67092000,1
1506715094,22550899,45.16,8.89000000,0
1506715069,22550893,45.17,3.88023000,1
1506715068,22550892,45.09,0.12000000,0
1506715029,22550880,45.18,0.00000002,1
1506714907,22550863,45.18,2.06440900,1
1506714776,22550827,45.03,2.57249217,1
1506714645,22550787,45.18,37.70119521,0
1506714645,22550786,45.17,10.56000000,0
1506714643,22550784,45.09,0.12000000,0
1506714366,22550698,45.24,84.68611847,0
1506714365,22550697,45.23,2.61000000,0
1506714365,22550696,45.19,0.12000000,0
1506714365,22550695,45.18,106.00000000,0
1506714364,22550694,45.15,0.10999770,0
1506714364,22550693,45.14,113.00000000,0
1506714364,22550691,45.13,13.04000000,0
1506714364,22550690,45.13,114.00000000,0
1506714363,22550689,45.11,8.18560283,0
1506714125,22550645,45.12,2.01339241,0
1506714125,22550644,45.09,0.12000000,0
1506714005,22550620,45.12,0.85239362,0
1506713996,22550610,45.05,14.26037737,1
1506713714,22550478,45.15,0.98997930,0
1506713709,22550475,45.15,4.89979300,0
1506713709,22550474,45.14,0.50000000,0
1506713672,22550432,45.05,16.65225500,1
1506713654,22550418,45.15,4.00023000,0
1506713643,22550407,45.13,4.44420000,0
1506713643,22550406,45.09,0.12000000,0
1506712788,22550116,45.07,0.49900000,0
1506712786,22550115,45.06,2.00000000,1
1506712761,22550103,45.07,2.00000000,0
1506712338,22549920,45.13,21.94885397,1
1506712108,22549762,45.09,0.12000000,0
1506712089,22549745,45.08,21.30000000,0
1506711954,22549647,45.18,1.01549358,0
1506711884,22549620,45.06,5.76485829,1
1506711691,22549565,45.09,1.83794000,1
1506711571,22549526,45.18,5.59907038,0
1506710749,22549248,45.10,7.60372761,0
1506710694,22549237,45.09,0.12000000,1
1506710678,22549234,45.10,5.88497000,0
1506710673,22549233,45.30,8.35205997,1
1506710673,22549232,45.29,0.12000000,0
1506710672,22549229,45.19,0.12000000,0
1506710353,22549174,45.16,4.05915000,0
1506710352,22549173,45.16,1.97689000,0
1506710330,22549167,44.97,22.62546380,1
1506709344,22548754,45.00,0.58700000,1
1506709063,22548633,45.09,0.12000000,0
1506708917,22548580,45.17,8.15000000,0
1506708917,22548579,45.09,0.12000000,0
1506708887,22548570,45.08,29.09000000,1
1506708269,22548205,45.09,0.12000000,0
1506707859,22548032,45.20,1.83657853,0
1506707855,22548031,45.19,0.12000000,0
1506707787,22547981,45.10,2.46836000,1
1506707711,22547921,45.15,6.51486300,1
1506707703,22547913,45.14,6.31704000,1
1506707524,22547818,45.02,1.15477700,1
1506707523,22547817,45.03,19.15000000,1
1506707521,22547813,45.03,3.25252500,0
1506707520,22547812,45.03,2.27643000,1
1506707520,22547810,45.04,17.30000000,1
1506707502,22547775,45.02,1.95733000,1
1506707501,22547773,45.05,27.68975700,1
1506707499,22547772,45.03,5.90930700,1
1506707428,22547735,45.15,5.01506091,0
1506707385,22547693,44.99,0.00377583,1
1506707385,22547692,45.01,5.38835417,1
1506707164,22547582,45.20,6.80070805,0
1506707164,22547581,45.19,6.68000000,0
1506707164,22547579,45.19,0.12000000,0
1506707164,22547578,45.17,1.34000000,0
1506707164,22547577,45.09,0.12000000,0
1506707164,22547575,45.09,4.81929195,0
1506707163,22547574,44.99,0.12000000,0
1506707108,22547509,45.03,3.68727500,0
1506707107,22547502,45.03,8.38272500,0
1506707107,22547500,44.99,0.12000000,0
1506707050,22547404,45.01,5.99101065,1
1506706788,22547243,45.01,1.74539000,1
1506706708,22547181,45.01,4.53850000,1
1506706659,22547142,45.09,71.75680673,0
1506706659,22547141,45.08,18.09004333,0
1506706653,22547132,45.01,1.20706510,1
1506706639,22547101,45.01,22.59760200,1
1506706623,22547089,45.01,8.43170000,1
1506706611,22547072,45.01,4.17832000,1
1506706610,22547064,45.01,1.99842600,1
1506706537,22546964,45.03,21.51559427,0
1506706522,22546924,44.93,1.83657853,1
1506706522,22546923,44.93,0.15106835,1
1506706522,22546921,45.01,0.81619602,1
1506706521,22546920,45.01,4.79052900,1
1506706474,22546833,45.01,36.18115900,1
1506706474,22546832,45.01,28.80000000,1
1506706458,22546788,45.01,5.60672500,1
1506706435,22546764,45.10,6.00000000,1
1506706419,22546702,45.09,9.63714091,1
1506706378,22546623,45.18,4.13957000,1
1506706330,22546564,45.19,0.12000000,0
1506706329,22546562,45.13,6.92043000,0
1506706326,22546560,45.13,7.26957000,0
1506706299,22546510,45.21,7.24418000,0
1506706298,22546507,45.10,13.21249953,1
1506706298,22546505,45.11,17.27200576,1
1506706298,22546504,45.13,1.51549471,1
1506706295,22546498,45.12,0.31000000,0
1506706294,22546494,45.12,17.69000000,1
1506706268,22546437,45.36,10.00023000,0
1506705915,22546145,45.59,15.53500000,1
1506705865,22546129,45.59,0.11000000,0
1506705682,22545988,45.65,0.14000000,0
1506705577,22545941,45.71,34.81076350,0
1506705577,22545940,45.70,3.69000000,0
1506705576,22545939,45.69,0.11000000,0
1506705576,22545937,45.67,18.43000000,0
1506705576,22545936,45.60,52.71700000,0
1506705575,22545935,45.59,0.11000000,0
1506705463,22545904,45.45,15.75746000,1
1506705405,22545846,45.50,0.50000000,1
1506705367,22545793,45.55,1.40653072,1
1506705166,22545640,45.55,0.40509867,1
1506705164,22545639,45.60,0.59490133,1
1506705025,22545566,45.65,2.30000000,0
1506704715,22545420,45.78,2.00023000,0
1506704596,22545374,45.61,0.00002435,0
1506704596,22545373,45.61,4.80606365,1
1506704594,22545372,45.61,7.12000000,1
1506704545,22545348,45.72,0.10892388,1
1506704077,22545168,45.61,17.49293286,1
1506703824,22544973,45.79,6.69000000,0
1506703824,22544972,45.79,0.11000000,0
1506703038,22544570,45.64,0.15000000,0
1506702806,22544411,45.85,9.83596300,0
1506702806,22544410,45.79,0.11000000,0
1506702583,22544155,45.86,8.44000000,0
1506702583,22544154,45.84,27.56404205,1
1506702581,22544153,45.85,8.44000000,0
1506702581,22544152,45.85,27.75196832,0
1506702578,22544150,45.79,0.11000000,0
1506702554,22544144,45.85,22.24803168,0
1506702554,22544143,45.84,10.02000000,0
1506702554,22544142,45.84,10.00000000,0
1506702553,22544140,45.79,0.11000000,0
1506702347,22543909,45.79,0.11000000,0
1506702340,22543907,45.79,0.11000000,0
1506702186,22543808,45.83,0.99000000,1
1506702179,22543804,45.83,10.44000000,0
1506702179,22543803,45.82,57.46000000,0
1506702179,22543802,45.79,0.11000000,0
1506702095,22543751,45.64,16.79000000,0
1506702092,22543746,45.64,16.79000000,1
1506702079,22543730,45.69,0.11000000,0
1506701987,22543570,45.69,0.11000000,0
1506701957,22543496,45.69,0.12000000,0
1506701939,22543462,45.72,22.66524500,1
1506701899,22543393,45.77,0.53000000,0
1506701899,22543391,45.77,2.58000000,0
1506701899,22543389,45.77,12.89000000,0
1506701877,22543341,45.73,3.28013000,1
1506701871,22543331,45.74,15.61278000,1
1506701871,22543330,45.74,1.19916000,1
1506701870,22543324,45.67,4.45308881,1
1506701869,22543323,45.74,1.00000000,1
1506701869,22543322,45.74,0.92411119,1
1506701867,22543319,45.74,0.88080896,0
1506701864,22543314,45.67,6.37720000,1
1506701864,22543313,45.67,10.50000000,1
1506701858,22543297,45.73,1.81516542,0
1506701835,22543233,45.62,22.03225600,1
1506701835,22543232,45.62,0.51345376,1
1506701834,22543230,45.69,1.69664224,1
1506701832,22543223,45.69,0.11000000,0
1506701830,22543217,45.65,1.81847469,0
1506701822,22543194,45.62,11.65450600,1
1506701821,22543191,45.62,5.32131000,1
1506701793,22543117,45.55,0.71516100,1
1506701781,22543073,45.64,1.88000000,0
1506701780,22543071,45.59,0.12000000,0
1506701777,22543061,45.58,10.00000000,0
1506701717,22542995,45.46,1.14276000,1
1506701711,22542992,45.61,1.17443270,1
1506701710,22542991,45.61,0.63251700,1
1506701704,22542982,45.62,3.60460818,0
1506701704,22542978,45.60,0.46000000,1
1506701704,22542977,45.60,3.00000000,0
1506701703,22542976,45.59,1.70072909,0
1506701703,22542975,45.59,0.12000518,0
1506701703,22542974,45.59,0.11000000,0
1506701703,22542973,45.55,1.82241052,0
1506701702,22542972,45.49,0.12000000,0
1506701249,22542520,45.50,0.34438452,0
1506701249,22542519,45.50,0.10923076,0
1506701247,22542518,45.49,0.11000000,0
1506701114,22542407,45.39,0.12000000,0
1506701039,22542356,45.29,0.12000000,0
1506701037,22542354,45.28,21.78000000,0
1506700998,22542340,45.28,1.10004767,0
1506700502,22542075,45.22,1.72079000,1
1506700469,22542053,45.19,0.12000000,0
1506699861,22541748,45.06,5.48618200,1
1506699861,22541746,45.06,9.44381800,1
1506699450,22541492,45.28,1.82241052,1
1506699419,22541360,45.29,0.12000000,1
1506699416,22541354,45.29,0.12000000,0
1506699412,22541344,45.36,10.68339226,0
1506699410,22541342,45.29,0.12000000,0
1506699357,22541276,45.36,0.69246031,1
1506699272,22541236,45.37,22.64053050,1
1506699140,22541160,45.40,6.91988986,1
1506699140,22541159,45.43,84.56966762,1
1506699139,22541158,45.42,1.82764733,0
1506699139,22541157,45.40,13.65000000,0
1506699137,22541156,45.39,0.12000000,0
1506699132,22541153,45.40,0.24851175,0
1506699126,22541152,45.40,1.78660566,0
1506699117,22541144,45.40,9.00000000,0
1506699111,22541140,45.40,1.59452610,0
1506699111,22541138,45.39,0.05035649,0
1506699109,22541135,45.39,12.94864351,0
1506699109,22541134,45.39,0.02556815,0
1506699109,22541133,45.37,0.16994334,0
1506699109,22541132,45.29,0.12000000,0
1506699059,22541113,45.36,6.79763038,0
1506699059,22541112,45.36,2.20236962,0
1506699053,22541111,45.36,0.29762949,0
1506699047,22541107,45.37,1.52949002,0
1506699039,22541095,45.37,0.62046000,0
1506699024,22541089,45.37,3.68010664,0
1506699018,22541079,45.37,9.00000000,0
1506698834,22541004,45.39,0.09443185,0
1506698832,22541003,45.29,0.12000000,0
1506698690,22540944,45.31,2.49999911,1
1506698611,22540916,45.37,3.29777386,0
1506698595,22540914,45.29,0.12000000,0
1506698368,22540790,45.37,4.88000000,0
1506698368,22540789,45.29,0.12000000,0
1506698296,22540757,45.29,0.12000000,0
1506698287,22540753,45.28,2.87000000,0
1506698287,22540752,45.19,0.12000000,0
1506698129,22540611,45.19,0.12000000,0
1506698080,22540542,45.28,2.14929328,0
1506698078,22540541,45.19,0.12000000,0
1506698026,22540505,45.28,9.88000000,0
1506698026,22540504,45.19,0.12000000,0
1506697889,22540447,45.28,0.10998233,0
1506697856,22540423,45.12,2.30000000,1
1506697615,22540303,45.32,11.41067078,0
1506697615,22540302,45.19,0.12000000,0
1506697514,22540265,45.09,34.05000000,1
1506697513,22540261,45.09,0.12000000,0
1506697488,22540235,45.14,7.54597000,1
1506697487,22540234,45.09,0.12000000,0
1506697484,22540229,45.08,7.14814524,0
1506697023,22539972,45.29,1.63120000,1
1506697023,22539971,45.29,1.63120000,1
1506697023,22539970,45.29,1.63120000,1
1506697023,22539968,45.29,1.63120000,1
1506697023,22539967,45.29,1.63120000,1
1506697023,22539966,45.29,1.63120000,1
1506697023,22539965,45.29,1.51120000,1
1506697020,22539964,45.29,0.12000000,0
1506697020,22539963,45.24,1.63120000,0
1506697020,22539962,45.24,1.63120000,0
1506697020,22539961,45.24,1.63120000,0
1506697019,22539960,45.28,1.63120000,0
1506697019,22539959,45.28,1.63120000,0
1506697018,22539958,45.28,1.63120000,0
1506697018,22539957,45.28,1.63120000,0
1506697018,22539956,45.28,1.63120000,0
1506697018,22539955,45.28,1.63120000,0
1506697018,22539954,45.28,1.63120000,0
1506697018,22539953,45.28,1.63120000,0
1506697017,22539952,45.28,1.63120000,0
1506697017,22539951,45.28,1.63120000,0
1506697017,22539950,45.28,1.63120000,0
1506697017,22539949,45.28,1.63120000,0
1506697016,22539948,45.27,1.63150000,0
1506697016,22539947,45.27,1.63120000,0
1506697016,22539946,45.27,1.23440000,0
1506697016,22539945,45.24,0.39680000,0
1506697016,22539944,45.24,1.63120000,0
1506697015,22539943,45.24,1.63120000,0
1506697015,22539942,45.24,1.63120000,0
1506697015,22539940,45.24,0.12000000,0
1506697014,22539939,45.24,1.63120000,0
1506697014,22539938,45.24,1.63120000,0
1506697014,22539937,45.24,1.63120000,0
1506697014,22539934,45.24,1.63300000,0
1506697013,22539933,45.23,1.63300000,0
1506697013,22539931,45.24,1.51300000,0
1506697013,22539930,45.19,0.12000000,0
1506696994,22539915,45.02,46.79075700,0
1506696993,22539914,45.02,13.60139900,0
1506696993,22539913,45.02,43.42184400,0
1506696991,22539912,45.03,1.56000000,1
1506696991,22539911,45.04,69.62600000,1
1506696970,22539904,45.23,0.12000000,1
1506696961,22539894,45.23,0.12000000,1
1506696961,22539893,45.23,0.12000000,1
1506696960,22539892,45.23,0.12000000,1
1506696955,22539888,45.24,0.12000000,1
1506696955,22539887,45.24,0.12000000,1
1506696955,22539886,45.24,0.12000000,1
1506696952,22539885,45.24,0.12000000,1
1506696952,22539884,45.24,0.12000000,1
1506696952,22539883,45.24,0.12000000,1
1506696949,22539882,45.25,0.12000000,1
1506696949,22539881,45.25,0.12000000,1
1506696949,22539880,45.25,0.11000000,1
1506696946,22539879,45.25,0.01000000,1
1506696946,22539877,45.25,0.12000000,1
1506696946,22539876,45.25,0.12000000,1
1506696946,22539874,45.25,0.12000000,1
1506696946,22539873,45.25,0.12000000,1
1506696946,22539871,45.25,0.12000000,1
1506696946,22539870,45.25,0.12000000,1
1506696945,22539868,45.25,0.12000000,1
1506696945,22539867,45.25,0.12000000,1
1506696945,22539866,45.26,15.00000000,1
1506696938,22539854,45.19,0.12000000,0
1506696931,22539843,45.04,39.97235267,1
1506696931,22539842,45.05,58.00000000,1
1506696931,22539841,45.15,1.82764733,1
1506696931,22539840,45.18,0.20000000,1
1506696916,22539814,45.19,0.12000000,0
1506696882,22539800,45.22,9.48437300,0
1506696881,22539796,45.19,0.12000000,0
1506696817,22539770,45.25,15.00000000,0
1506696792,22539764,45.28,1.49668728,0
1506696791,22539763,45.22,13.24000000,0
1506696749,22539743,45.23,15.00000000,0
1506696635,22539686,45.19,4.83500000,1
1506696620,22539663,45.18,17.79000000,0
1506696558,22539590,45.23,17.00000000,1
1506696386,22539501,45.39,19.59332797,1
1506695861,22539163,45.43,23.21173800,0
1506695814,22539124,45.39,0.01430000,1
1506695814,22539123,45.40,5.11220000,1
1506695814,22539122,45.40,5.11220000,1
1506695813,22539121,45.40,5.11220000,1
1506695813,22539120,45.40,5.11220000,1
1506695780,22539094,45.41,18.70000000,0
1506695780,22539091,45.40,5.11220000,0
1506695779,22539088,45.40,5.11220000,0
1506695779,22539087,45.40,5.11220000,0
1506695779,22539086,45.40,5.11220000,0
1506695773,22539080,45.40,15.00000000,1
1506695752,22539065,45.39,2.37269000,1
1506695557,22538911,45.39,0.12000000,0
1506695530,22538900,45.29,0.12000000,0
1506695462,22538838,45.47,1.81516542,0
1506695460,22538836,45.23,7.88383000,1
1506695455,22538824,45.45,1.12103083,0
1506695455,22538822,45.45,0.70098400,0
1506695455,22538820,45.39,0.12000000,0
1506695453,22538808,45.19,27.96918479,1
1506695453,22538807,45.26,113.00000000,1
1506695452,22538806,45.28,70.23378240,0
1506695452,22538804,45.28,17.19000000,0
1506695379,22538675,45.23,0.00139980,1
1506695379,22538673,45.36,2.03123020,1
1506695378,22538671,45.36,10.22280000,1
1506695343,22538643,45.36,5.25437000,1
1506695335,22538639,45.36,0.01159980,0
1506695325,22538638,45.26,3.59452091,1
1506695325,22538637,45.34,1.70072909,1
1506695295,22538611,45.34,1.59093400,0
1506695295,22538610,45.34,0.12000000,0
1506695294,22538609,45.29,0.12000000,0
1506695202,22538550,45.22,21.19530000,1
1506695201,22538549,45.22,4.21409000,1
1506695200,22538547,45.22,2.18550000,1
1506695053,22538439,45.32,4.29062234,0
1506695011,22538426,45.31,2.99823181,0
1506695009,22538425,45.29,0.12000000,0
1506694894,22538295,45.28,1.83332074,0
1506694881,22538277,45.19,0.11999969,0
1506694881,22538276,45.27,0.00000031,1
1506694880,22538275,45.27,18.71194669,0
1506694807,22538209,45.22,3.75400000,1
1506694759,22538171,45.19,0.12000000,0
1506694675,22538100,45.09,0.12000000,0
1506694569,22537996,45.24,1.43514719,1
1506694569,22537995,45.24,20.96538331,1
1506694569,22537994,45.19,0.12000000,0
1506694567,22537993,45.09,0.12000000,0
1506694293,22537720,44.99,0.12000000,0
1506694154,22537643,45.16,1.88023000,0
1506694152,22537640,45.09,0.12000000,0
1506694033,22537569,44.99,0.12000000,0
1506693983,22537549,44.96,4.29046688,0
1506693982,22537547,44.98,10.70953312,1
1506693975,22537542,44.98,0.12000000,1
1506693972,22537540,44.89,0.12000000,0
1506693971,22537537,44.98,10.93374833,0
1506693781,22537410,45.12,11.63975177,1
1506693781,22537406,45.12,5.00000000,0
1506693781,22537405,45.09,0.12000000,0
1506693780,22537402,44.99,0.12000000,0
1506693624,22537324,45.06,50.19640000,1
1506693550,22537288,45.09,0.12000000,0
1506693465,22537174,45.05,9.72620000,1
1506693448,22537164,45.05,33.25420400,1
1506693442,22537162,45.05,14.79440000,1
1506693440,22537159,45.05,3.25000000,1
1506693437,22537158,45.05,26.35069800,1
1506693403,22537129,45.04,25.02146082,1
1506693403,22537128,45.09,1.71093918,1
1506693396,22537124,45.09,0.12000000,0
1506693394,22537122,45.04,4.53300000,1
1506693389,22537116,45.05,0.00000037,0
1506693389,22537115,45.05,1.03374264,0
1506693344,22537074,45.00,70.00000000,0
1506693344,22537073,44.99,0.12000000,0
1506693256,22537004,45.05,0.80901136,0
1506693254,22537003,45.03,1.84353992,0
1506693215,22536974,44.88,9.39000000,1
1506693206,22536957,45.01,0.86825149,0
1506693206,22536956,44.99,0.12000000,0
1506693204,22536955,44.89,0.12000000,0
1506693180,22536926,44.87,10.70000000,1
1506693117,22536848,44.82,2.90074323,1
1506693087,22536811,44.87,10.95452500,1
1506693087,22536810,44.87,33.80918400,1
1506693086,22536803,44.86,38.80602300,1
1506693083,22536790,44.89,0.12000000,0
1506693082,22536783,44.88,57.90000000,0
1506693071,22536765,44.77,12.23122000,1
1506693067,22536753,44.80,29.70602300,1
1506693067,22536750,44.80,28.81636100,1
1506693066,22536748,44.80,33.24639600,1
1506693066,22536747,44.82,1.00000000,1
1506693062,22536742,44.82,2.04636958,1
1506693050,22536737,44.80,3.57072060,1
1506693042,22536732,44.79,0.12000000,0
1506693022,22536719,44.75,9.76173300,1
1506692992,22536685,44.75,11.14525140,0
1506692986,22536675,44.74,17.12685500,1
1506692985,22536672,44.76,24.30000000,1
1506692985,22536670,44.76,1.84353992,1
1506692984,22536669,44.79,0.11185532,1
1506692984,22536668,44.80,0.00000037,1
1506692984,22536664,44.80,1.84275400,1
1506692880,22536595,44.88,0.20000000,0
1506692851,22536546,44.80,3.61495700,0
1506692849,22536529,44.81,4.72534566,1
1506692849,22536527,44.87,0.27465434,1
1506692808,22536404,44.87,1.53464144,1
1506692808,22536402,44.87,0.96535856,1
1506692632,22536182,44.87,0.84393722,1
1506692632,22536181,44.87,1.80929578,1
1506692623,22536170,44.90,5.00000000,1
1506692609,22536156,44.97,0.11140761,1
1506692609,22536155,44.99,0.03332074,1
1506692606,22536153,44.99,0.16667926,0
1506692604,22536151,44.99,1.00000000,1
1506692604,22536149,45.01,1.83332074,1
1506692409,22535994,45.08,1.00000000,0
1506692343,22535911,45.08,1.00000000,0
1506692278,22535875,45.07,0.20000000,0
1506692243,22535833,45.08,22.12732919,0
1506692071,22535659,45.05,4.20562481,1
1506692071,22535658,45.09,1.83007449,1
1506692071,22535657,45.11,29.25430070,1
1506692070,22535654,45.18,0.31000000,0
1506692070,22535653,45.18,0.20000000,1
1506692067,22535650,45.11,3.24569930,1
1506692067,22535649,45.17,0.11091432,1
1506692065,22535648,45.18,1.12103083,1
1506691952,22535605,45.18,0.70098400,1
1506691829,22535441,45.28,0.20000000,0
1506691816,22535422,45.30,16.00000000,1
1506691443,22534851,45.47,0.20000000,0
1506691259,22534757,45.34,20.52042247,1
1506691259,22534756,45.35,35.39000000,1
1506691081,22534620,45.41,0.24000000,1
1506691033,22534604,45.62,18.68000000,0
1506691032,22534603,45.61,5.21000000,1
1506691032,22534602,45.59,0.11000000,0
1506690919,22534557,45.76,0.04145400,0
1506690919,22534556,45.71,1.84877600,1
1506690917,22534555,45.71,0.11000000,1
1506690897,22534540,45.74,2.97463926,1
1506690896,22534539,45.69,0.11000000,0
1506690896,22534538,45.68,1.29000000,0
1506690896,22534537,45.68,6.43000000,0
1506690894,22534536,45.59,0.11000000,0
1506690764,22534439,45.49,22.34058421,0
1506690701,22534377,45.43,11.68007559,1
1506690701,22534376,45.44,2.17105841,1
1506690690,22534369,45.43,0.39736200,1
1506690376,22534065,45.52,3.41888994,0
1506690375,22534058,45.53,2.17039964,1
1506690374,22534052,45.53,18.10960036,0
1506690373,22534050,45.53,2.17039964,0
1506690363,22534032,45.57,0.20000000,0
1506690357,22534026,45.59,0.21000000,0
1506690349,22534021,45.59,1.86300000,0
1506689924,22533698,45.79,9.91780000,0
1506689924,22533697,45.79,0.11000000,0
1506689803,22533563,45.78,2.00458716,0
1506689740,22533502,45.78,32.82485259,0
1506689570,22533373,45.79,13.09605700,1
1506689551,22533363,45.80,16.63000000,1
1506689544,22533351,45.80,9.00000000,1
1506689527,22533337,45.79,1.40692000,1
1506689523,22533326,45.80,1.62200000,1
1506689474,22533230,45.88,0.78023000,0
1506689474,22533229,45.86,0.11000000,0
1506689472,22533227,45.79,0.11000000,0
1506689456,22533199,45.69,0.11000000,0
1506689456,22533198,45.68,0.39751672,0
1506689440,22533185,45.61,5.50000000,0
1506689399,22533125,45.59,0.11000000,0
1506689339,22532924,45.49,0.11000000,0
1506689217,22532747,45.56,2.07967515,0
1506689215,22532744,45.49,0.11000000,0
1506689087,22532645,45.58,0.00003971,1
1506689016,22532618,45.66,1.31077530,0
1506688997,22532547,45.58,7.83698969,1
1506688992,22532542,45.67,2.73771841,1
1506688992,22532541,45.67,1.52000000,0
1506688991,22532540,45.59,0.11000000,0
1506688990,22532539,45.59,0.00076552,0
1506688907,22532493,45.59,0.10923448,0
1506688694,22532329,45.61,1.80925088,1
1506688599,22532271,45.62,3.00000000,1
1506688521,22532178,45.69,0.11000000,0
1506688520,22532177,45.68,16.48106726,1
1506688509,22532170,45.69,0.11000000,0
1506688503,22532166,45.69,0.11000000,1
1506688488,22532153,45.75,4.36109290,0
1506688461,22532149,45.69,0.11000000,0
1506688450,22532146,45.68,7.08828100,1
1506688378,22532107,45.68,6.71299900,1
1506688359,22532093,45.68,2.05450600,1
1506688247,22532010,45.68,43.24387041,1
1506688243,22532004,45.68,1.49850837,1
1506688156,22531897,45.85,2.13925743,0
1506688056,22531839,45.85,0.38023000,0
1506688054,22531837,45.79,0.12000000,0
1506687938,22531662,45.76,4.45000000,0
1506687938,22531661,45.68,0.11000000,0
1506687704,22531407,45.69,4.14673013,0
1506687704,22531406,45.69,0.11000000,0
1506687703,22531402,45.59,0.11000000,0
1506687665,22531359,45.77,1.80319571,0
1506687659,22531349,45.69,2.18581746,1
1506687658,22531348,45.78,3.12422516,1
1506687657,22531347,45.76,0.12000000,0
1506687657,22531346,45.74,0.00000048,0
1506687657,22531345,45.74,1.57483900,0
1506687657,22531344,45.74,0.12000000,0
1506687657,22531343,45.74,0.12000000,0
1506687656,22531342,45.72,1.81400351,0
1506687656,22531341,45.69,0.12000000,0
1506687656,22531340,45.69,0.12000000,0
1506687656,22531339,45.68,0.11000000,0
1506687655,22531338,45.65,1.81840291,0
1506687655,22531337,45.62,5.02770148,0
1506687653,22531336,45.59,0.12000000,0
1506687647,22531326,45.49,1.00000000,1
1506687603,22531278,45.49,0.11000000,0
1506687458,22531140,45.36,4.07677000,1
1506687457,22531138,45.37,4.07677000,1
1506687448,22531128,45.34,11.99810000,0
1506687448,22531127,45.34,20.83190000,0
1506687445,22531121,45.38,15.00000000,1
1506687444,22531116,45.39,0.12000000,0
1506687425,22531100,45.34,1.00000000,1
1506687390,22531049,45.41,18.05000000,0
1506687389,22531044,45.39,0.12000000,0
1506687307,22530890,45.59,166.13884623,1
1506687306,22530889,45.57,101.00000000,0
1506687306,22530888,45.57,5.59884000,1
1506687305,22530886,45.50,111.00000000,0
1506687305,22530884,45.50,48.96296300,1
1506687305,22530883,45.49,0.00000038,0
1506687304,22530882,45.49,1.79878400,0
1506687304,22530881,45.49,0.12000000,0
1506687304,22530880,45.49,0.02603940,0
1506687304,22530879,45.48,1.22000000,0
1506687303,22530878,45.48,97.00000000,1
1506687303,22530876,45.45,117.00000000,0
1506687303,22530874,45.40,0.00832700,0
1506687302,22530872,45.39,6.11000000,0
1506687302,22530869,45.39,0.00000010,0
1506687302,22530868,45.39,1.82886000,0
1506687302,22530867,45.39,0.12000000,0
1506687300,22530865,45.29,0.12000000,0
1506687158,22530759,45.22,9.10714800,1
1506687152,22530752,45.22,6.66074500,1
1506687147,22530750,45.21,6.72541300,1
1506687121,22530720,45.19,0.12000000,0
1506687104,22530693,45.16,7.71365000,1
1506687017,22530581,45.11,0.42770700,1
1506686989,22530553,45.09,0.12000000,0
1506686944,22530527,45.02,0.21429475,1
1506686944,22530526,45.07,0.20000000,1
1506686942,22530523,45.09,0.58570525,1
1506686812,22530415,45.18,5.55379000,0
1506686793,22530413,45.09,0.12000000,0
1506686660,22530312,45.05,23.20438584,0
1506686659,22530311,45.06,0.39747006,1
1506686659,22530310,45.12,0.00000010,1
1506686640,22530281,45.12,1.82886000,1
1506686587,22530252,45.28,0.20000000,0
1506686539,22530219,45.22,6.04724700,1
1506686526,22530195,45.19,2.13901662,1
1506686526,22530194,45.22,28.78098338,1
1506686519,22530192,45.23,17.20812700,1
1506686512,22530179,45.22,1.65901700,1
1506686508,22530177,45.22,19.55999962,1
1506686507,22530176,45.22,0.00000038,1
1506686448,22530123,45.22,1.79878400,1
1506686366,22530018,45.22,0.02603940,1
1506686365,22530017,45.28,37.26526060,1
1506686247,22529911,45.50,11.83067300,1
1506686234,22529892,45.61,0.09639991,0
1506686233,22529891,45.61,0.12000000,0
1506686233,22529890,45.59,0.12000000,0
1506686231,22529885,45.54,2.73000000,0
1506686181,22529830,45.50,31.16932700,1
1506686180,22529829,45.56,3.42000000,1
1506686172,22529825,45.56,0.50000000,1
1506686127,22529782,45.56,0.50000000,1
1506686041,22529718,45.54,2.43582711,0
1506685996,22529685,45.55,19.88023000,0
1506685994,22529683,45.49,0.12000000,0
1506685974,22529672,45.54,4.76000048,0
1506685974,22529671,45.54,0.12000000,0
1506685972,22529668,45.49,0.11999952,0
1506685852,22529506,45.49,0.00000048,1
1506685851,22529505,45.52,1.06748560,0
1506685825,22529442,45.50,9.93339154,1
1506685799,22529400,45.50,0.12000000,1
1506685796,22529388,45.50,0.44660846,0
1506685796,22529387,45.50,3.50000000,0
1506685796,22529386,45.50,1.00000000,0
1506685794,22529384,45.49,1.57483900,1
1506685789,22529378,45.49,0.12000000,0
1506685789,22529376,45.49,0.12000000,0
1506685784,22529368,45.39,0.12000000,0
1506685784,22529367,45.39,0.00764000,0
1506685671,22529185,45.32,11.00000000,0
1506685649,22529170,45.29,0.12000000,1
1506685635,22529161,45.29,0.12000000,0
1506685615,22529128,45.39,0.11236000,0
1506685562,22529069,45.25,0.50000000,1
1506685559,22529065,45.26,0.50000000,0
1506685481,22528870,45.29,11.79000000,1
1506685478,22528867,45.29,0.50000000,1
1506685419,22528760,45.16,0.65013168,1
1506685328,22528624,45.29,0.23404725,0
1506685269,22528558,45.30,15.76379690,0
1506685269,22528557,45.29,3.46000000,0
1506685268,22528555,45.25,2.80213600,1
1506685205,22528479,45.32,1.81840291,0
1506685203,22528474,45.38,19.79018225,0
1506685203,22528473,45.38,2.40000000,0
1506685203,22528472,45.38,1.80893630,1
1506685203,22528470,45.35,0.12000000,0
1506685202,22528468,45.33,1.83134848,0
1506685202,22528467,45.33,0.12000000,0
1506685202,22528466,45.32,0.85000000,1
1506685201,22528465,45.29,0.12000000,0
1506685201,22528464,45.29,0.12000000,0
1506685201,22528463,45.28,1.83256488,0
1506685200,22528462,45.27,4.27000000,1
1506685200,22528460,45.22,1.83586583,0
1506685199,22528459,45.22,0.12000000,0
1506685199,22528458,45.21,26.96000000,0
1506685199,22528457,45.19,1.71705046,0
1506685198,22528456,45.19,0.12000000,0
1506685198,22528455,45.19,0.12000000,0
1506685198,22528454,45.17,0.12000000,0
1506685196,22528452,45.12,1.83984274,0
1506685170,22528417,45.09,0.12000000,0
1506685168,22528411,45.08,1.72144751,0
1506685168,22528410,45.08,0.12000000,0
1506685165,22528405,45.06,41.83180598,0
1506685126,22528355,44.99,0.12000000,0
1506685085,22528275,44.89,25.00000000,1
1506685066,22528224,44.85,1.80893630,1
1506685013,22528200,44.89,0.12000000,0
1506685011,22528199,44.88,23.69000000,0
1506685010,22528197,44.88,16.08668644,1
1506685008,22528196,44.88,17.92348200,1
1506684839,22528067,44.94,0.12000000,1
1506684717,22527965,44.94,8.49000000,1
1506684628,22527901,45.07,1.83134848,0
1506684620,22527896,45.07,2.22529667,0
1506684619,22527895,45.07,1.84193208,0
1506684619,22527894,45.05,0.12000000,0
1506684619,22527893,45.05,0.12000000,0
1506684617,22527891,44.99,0.12000000,0
1506684380,22527691,45.03,2.21785476,0
1506684378,22527687,45.03,21.58821168,0
1506684376,22527686,44.99,0.12000000,0
1506684369,22527677,44.89,0.12000000,0
1506684317,22527611,44.96,5.00023000,0
1506684283,22527577,44.96,2.35600000,0
1506684276,22527566,44.81,0.50000000,1
1506684224,22527485,44.95,10.00000000,1
1506684224,22527483,44.96,1.83586583,0
1506684222,22527481,44.96,1.54703880,0
1506684220,22527474,44.96,1.79942433,0
1506684220,22527473,44.96,1.41573290,0
1506684220,22527471,44.96,0.12000000,0
1506684219,22527468,44.96,0.31067005,0
1506684219,22527465,44.96,0.11240225,0
1506684216,22527452,44.90,3.00490000,1
1506684212,22527441,44.91,40.83014954,1
1506684212,22527440,44.94,1.71705046,1
1506684204,22527421,44.94,0.12000000,0
1506684197,22527416,44.89,0.09193208,0
1506684196,22527414,44.89,1.75000000,0
1506684196,22527413,44.89,1.84932191,0
1506684196,22527412,44.89,0.00000031,0
1506684195,22527411,44.89,0.12000000,0
1506684184,22527390,44.86,0.12000000,0
1506684184,22527389,44.86,0.11391000,0
1506684184,22527388,44.86,0.12000000,0
1506684184,22527387,44.84,0.12000000,0
1506684184,22527386,44.84,1.85138301,0
1506684164,22527289,44.77,5.65018000,1
1506684137,22527242,44.83,4.33080526,0
1506684137,22527240,44.80,4.33456600,1
1506684135,22527232,44.79,0.12000000,0
1506684129,22527221,44.69,0.12000000,0
1506684103,22527138,44.59,35.68000000,1
1506684103,22527135,44.59,0.12000000,0
1506683819,22526901,44.70,4.22393736,1
1506683819,22526900,44.69,0.12000000,0
1506683817,22526899,44.59,0.12000000,0
1506683703,22526853,44.50,2.95902000,1
1506683576,22526802,44.58,0.20000000,0
1506683467,22526632,44.49,0.12000000,0
1506683397,22526598,44.44,6.60486000,1
1506683287,22526497,44.58,7.15977000,1
1506683280,22526493,44.70,4.99331756,1
1506683252,22526475,44.71,26.31181400,0
1506683245,22526460,44.70,2.26479000,1
1506683221,22526448,44.70,0.12000000,1
1506683217,22526446,44.70,5.48000000,1
1506683215,22526444,44.70,117.00000000,0
1506683215,22526443,44.69,0.12000000,0
1506683215,22526442,44.68,0.49000000,0
1506683187,22526426,44.68,0.11213071,1
1506683186,22526425,44.69,0.12000000,0
1506683175,22526414,44.69,0.12000000,1
1506683161,22526400,44.69,0.12000000,1
1506683154,22526397,44.69,0.12000000,0
1506683129,22526389,44.69,0.12000000,0
1506683124,22526388,44.68,200.00000000,1
1506683013,22526364,44.68,34.64000000,0
1506682852,22526243,44.76,1.98874888,0
1506682852,22526242,44.69,0.12000000,0
1506682850,22526241,44.59,0.12000000,0
1506682718,22526088,44.67,1.00470114,0
1506682704,22526066,44.67,9.94023000,0
1506682702,22526065,44.59,0.12000000,0
1506682645,22525995,44.50,5.49529700,1
1506682645,22525993,44.50,1.34593700,1
1506682627,22525971,44.49,0.12000000,0
1506682480,22525843,44.39,0.18810442,1
1506682403,22525818,44.49,0.12000000,0
1506682397,22525816,44.56,1.67100538,0
1506682396,22525815,44.49,0.12000000,0
1506682309,22525781,44.67,0.44660846,0
1506682297,22525768,44.72,8.38023000,1
1506682295,22525766,44.69,0.12000000,0
1506682292,22525761,44.67,1.42286110,1
1506682292,22525760,44.70,2.43646532,1
1506682291,22525758,44.67,0.45289444,0
1506682290,22525757,44.67,22.86060189,1
1506682287,22525751,44.70,1.32125279,1
1506682284,22525745,44.70,14.64161073,0
1506682279,22525732,44.68,6.86700000,0
1506682273,22525716,44.67,3.25041000,1
1506682271,22525715,44.67,29.79941058,0
1506682239,22525698,44.69,8.84064891,0
1506682239,22525697,44.68,9.06000000,0
1506682224,22525670,44.69,13.89505482,0
1506682224,22525667,44.69,3.82962557,0
1506682224,22525666,44.69,0.12000000,0
1506682224,22525664,44.68,0.92327664,0
1506682223,22525660,44.68,12.97672336,0
1506682071,22525474,44.64,0.09193208,1
1506682056,22525460,44.64,1.75000000,1
1506681974,22525287,44.83,1.72144751,0
1506681971,22525271,44.83,4.22529556,1
1506681970,22525268,44.82,0.12000000,0
1506681970,22525266,44.79,0.12000000,0
1506681969,22525262,44.75,1.85499182,0
1506681969,22525260,44.74,0.12000000,0
1506681969,22525258,44.74,0.12000000,0
1506681967,22525255,44.69,0.12000000,0
1506681923,22525095,44.66,28.93371000,1
1506681911,22525046,44.66,1.28629000,0
1506681899,22524992,44.69,0.12000000,0
1506681898,22524988,44.66,3.36831000,1
1506681880,22524972,44.64,0.20000000,1
1506681878,22524966,44.64,0.12000000,0
1506681872,22524956,44.59,0.12000000,0
1506681872,22524955,44.53,0.12000000,0
1506681872,22524954,44.53,0.12000000,0
1506681871,22524952,44.49,0.12000000,0
1506681782,22524784,44.35,24.98950943,1
1506681782,22524782,44.49,8.96808327,1
1506681781,22524780,44.50,3.40807563,0
1506681732,22524719,44.41,21.03030000,1
1506681729,22524715,44.37,1.11641000,1
1506681687,22524669,44.34,24.11930000,1
1506681679,22524659,44.50,1.85499182,0
1506681675,22524654,44.50,19.73693278,0
1506681675,22524652,44.49,0.12000000,0
1506681674,22524651,44.49,0.12000000,0
1506681674,22524650,44.44,0.12000000,0
1506681672,22524648,44.38,1.86689825,0
1506681588,22524495,44.34,14.93000000,0
1506681588,22524494,44.33,35.07000000,0
1506681588,22524493,44.32,0.12000000,0
1506681587,22524491,44.30,0.12000000,0
1506681587,22524490,44.30,0.86406515,0
1506681587,22524489,44.29,0.83434212,0
1506681564,22524452,44.16,85.58980978,0
1506681468,22524398,44.16,0.20000000,0
1506681458,22524386,44.16,2.01019022,0
1506681317,22524316,44.16,2.00000000,0
1506681174,22524278,44.16,0.20000000,0
1506681153,22524268,44.11,7.78573800,1
1506681153,22524266,44.11,0.20000000,1
1506681152,22524262,44.16,10.00000000,0
1506681118,22524252,44.14,21.23317355,1
1506680875,22523974,44.10,7.46018700,0
1506680874,22523968,44.10,0.10031025,1
1506680874,22523966,44.11,2.15053275,1
1506680832,22523951,44.22,0.22013346,0
1506680747,22523893,44.14,5.01676484,0
1506680647,22523821,44.11,4.52074359,1
1506680647,22523820,44.11,8.22080000,1
1506680644,22523819,44.11,4.68180000,1
1506680643,22523818,44.12,12.90260000,1
1506680643,22523817,44.12,12.90260000,1
1506680643,22523816,44.12,12.90260000,1
1506680643,22523815,44.12,12.90260000,1
1506680643,22523814,44.12,12.90260000,1
1506680643,22523813,44.12,12.90260000,1
1506680643,22523812,44.12,12.90260000,1
1506680639,22523785,44.11,12.90260000,0
1506680636,22523783,44.11,48.18870000,0
1506680636,22523782,44.11,48.18870000,0
1506680633,22523781,44.11,0.72000000,0
1506680629,22523780,44.16,7.20000000,1
1506680607,22523762,44.17,0.20000000,0
1506680470,22523700,44.23,3.88491000,0
1506680469,22523698,44.23,14.35680000,0
1506680264,22523621,44.29,17.07584200,0
1506680133,22523560,44.29,0.97875205,0
1506680131,22523555,44.23,0.12000000,0
1506679912,22523362,44.12,33.88879922,1
1506679908,22523359,44.12,11.19196200,0
1506679885,22523333,44.14,6.55105700,1
1506679880,22523326,44.13,6.55000000,0
1506679624,22523131,44.09,0.11317759,0
1506679478,22523073,44.01,1.00000000,1
1506679167,22522883,44.14,1.00023000,0
1506679136,22522862,44.14,7.80064800,0
1506679128,22522856,44.20,0.12828054,0
1506679127,22522855,44.19,7.78000000,0
1506679107,22522843,44.17,1.46029812,1
1506679107,22522842,44.17,4.18538900,0
1506679076,22522816,44.02,4.00000000,1
1506679066,22522813,44.17,0.37545618,0
1506679066,22522812,44.17,7.53647500,0
1506679034,22522793,44.17,7.91193118,0
1506679022,22522782,44.18,7.91014033,0
1506678998,22522771,44.19,7.90835031,0
1506678988,22522763,44.18,3.76390015,0
1506678988,22522762,44.18,7.53646200,0
1506678857,22522711,44.13,13.00000000,0
1506678599,22522477,44.08,5.01463000,0
1506678582,22522459,44.13,0.99456152,0
1506678399,22522312,44.01,1.00000000,1
1506678326,22522257,44.13,11.30183549,0
1506678065,22521954,44.03,25.05280000,1
1506677941,22521874,44.13,20.18150918,0
1506677810,22521751,44.00,30.00000000,1
1506677810,22521750,44.01,1.00000000,1
1506677754,22521726,44.04,0.45289444,0
1506677606,22521673,44.05,7.64061947,0
1506677606,22521672,44.05,7.53577100,0
1506677547,22521649,44.05,20.95275379,0
1506677485,22521623,44.06,0.22706600,0
1506677317,22521468,43.83,0.00000155,1
1506677316,22521467,43.91,0.28922000,0
1506677315,22521464,43.91,1.00000000,1
1506677262,22521436,43.96,7.52455000,0
1506677113,22521318,43.84,2.16000000,1
1506677113,22521317,43.84,31.04000000,1
1506677113,22521316,43.91,1.00000000,1
1506677108,22521306,43.99,0.20000000,0
1506677105,22521304,44.01,40.14221151,1
1506677081,22521259,44.01,9.85778849,1
1506677081,22521257,44.01,1.00000000,1
1506677046,22521228,44.02,29.08166600,1
1506677046,22521227,44.03,3.68000000,1
1506676993,22521193,44.11,9.00000000,1
1506676976,22521185,44.12,14.51382592,1
1506676965,22521176,44.13,1.86689825,1
1506676961,22521170,44.19,0.20000000,0
1506676948,22521154,44.19,0.20000000,0
1506676916,22521123,44.25,21.13801354,1
1506676857,22521094,44.25,4.59571527,1
1506676792,22521046,44.25,8.09000000,0
1506676757,22521028,44.26,9.89776300,0
1506676756,22521026,44.26,5.22672600,0
1506676756,22521025,44.25,9.90000000,0
1506676620,22520946,44.19,7.00000000,1
1506676612,22520910,44.27,0.72000000,1
1506676571,22520884,44.27,0.20000000,1
1506676560,22520870,44.29,0.34868448,0
1506676556,22520868,44.30,0.20401893,0
1506676555,22520867,44.20,20.00000000,1
1506676508,22520708,44.19,3.00000000,1
1506676439,22520598,44.31,0.86408262,1
1506676289,22520457,44.44,45.68238848,1
1506676002,22520261,44.50,1.27000000,0
1506676002,22520260,44.49,0.12000000,0
1506675998,22520259,44.44,2.31761152,1
1506675941,22520220,44.44,2.00000000,1
1506675755,22519915,44.50,0.13000000,1
1506675592,22519785,44.49,0.12000000,0
1506675537,22519746,44.49,0.12000000,0
1506675319,22519634,44.55,6.49958800,0
1506675319,22519633,44.54,4.16041200,0
1506675318,22519632,44.54,6.37958800,0
1506675318,22519631,44.49,0.12000000,0
1506675107,22519541,44.52,1.41752828,1
1506675098,22519535,44.52,0.12000000,1
1506675054,22519512,44.49,0.12000000,0
1506675024,22519492,44.50,8.10381654,1
1506675023,22519491,44.49,0.12000000,0
1506675023,22519490,44.45,0.00043206,0
1506675022,22519489,44.45,12.51956794,0
1506675019,22519485,44.45,2.22000000,1
1506675014,22519482,44.46,6.00000000,0
1506675010,22519475,44.46,2.81958360,0
1506675007,22519473,44.46,1.00000000,1
1506674954,22519445,44.53,8.43119893,1
1506674954,22519444,44.53,3.18000000,1
1506674954,22519443,44.53,4.34175375,1
1506674940,22519424,44.53,15.59160652,0
1506674870,22519316,44.40,140.71000000,1
1506674869,22519315,44.47,0.80000000,1
1506674838,22519295,44.62,10.32211208,0
1506674819,22519270,44.45,4.81103836,1
1506674818,22519269,44.45,26.44000000,1
1506674818,22519268,44.46,19.86896164,1
1506674818,22519267,44.69,57.88000000,1
1506674792,22519255,44.69,0.12000000,0
1506674789,22519253,44.68,3.00000000,0
1506674736,22519219,44.65,2.01951000,0
1506674733,22519215,44.38,2.14318606,1
1506674733,22519212,44.40,24.24631314,0
1506674732,22519211,44.44,110.00000000,1
1506674732,22519210,44.46,29.86474165,1
1506674732,22519209,44.51,53.00000000,1
1506674732,22519208,44.52,5.96000000,1
1506674732,22519207,44.56,44.00000000,1
1506674732,22519206,44.58,29.75000000,1
1506674732,22519205,44.59,3.17894521,1
1506674724,22519188,44.59,0.12000000,0
1506674656,22519134,44.56,14.00000000,1
1506674628,22519120,44.56,25.00000000,1
1506674471,22519021,44.55,0.12000000,1
1506674402,22518986,44.45,0.14861699,0
1506674402,22518985,44.57,1.85138301,1
1506674374,22518965,44.59,0.12000000,1
1506674353,22518956,44.63,29.99960164,0
1506674318,22518937,44.63,0.12000000,0
1506674145,22518786,44.62,3.00000000,0
1506673945,22518447,44.83,1.73181121,0
1506673945,22518445,44.79,0.12000000,0
1506673944,22518442,44.69,0.12000000,0
1506673821,22518363,44.62,20.44070000,1
1506673800,22518348,44.62,0.00018922,0
1506673749,22518319,44.62,4.72389028,0
1506673747,22518312,44.62,5.27592050,0
1506673696,22518276,44.61,1.83137519,0
1506673694,22518274,44.64,1.84932191,1
1506673694,22518273,44.69,1.41573290,1
1506673658,22518242,44.82,1.84193208,0
1506673656,22518236,44.82,4.33668005,0
1506673656,22518235,44.79,0.12000000,0
1506673652,22518234,44.69,0.12000000,0
1506673650,22518231,44.69,0.18659420,0
1506673649,22518230,44.69,1.36000000,0
1506673649,22518229,44.69,1.85730141,0
1506673649,22518228,44.69,1.85728228,0
1506673602,22518160,44.64,0.00000031,0
1506673600,22518154,44.64,0.11910248,0
1506673600,22518153,44.64,1.85863028,0
1506673600,22518152,44.63,1.36279917,0
1506673600,22518151,44.63,0.49732007,0
1506673568,22518113,44.59,0.12000000,0
1506673433,22517982,44.45,0.76391079,1
1506673342,22517801,44.58,1.85181121,0
1506673340,22517796,44.57,10.10374691,1
1506673340,22517795,44.57,6.80000000,0
1506673339,22517794,44.50,1.75019847,0
1506673339,22517793,44.50,0.11517241,0
1506673339,22517792,44.50,3.50000000,0
1506673337,22517788,44.49,0.12000000,0
1506673271,22517681,44.35,13.41550000,0
1506673203,22517647,44.35,1.58450000,0
1506673012,22517493,44.32,0.56237311,0
1506672750,22517275,44.39,0.76391079,1
1506672724,22517254,44.40,2.00000000,0
1506672556,22517136,44.40,3.00000000,0
1506672465,22517107,44.37,2.93000000,1
1506672281,22517000,44.33,4.00000000,1
1506672244,22516960,44.49,17.59000000,0
1506672244,22516958,44.49,0.12000000,0
1506671913,22516750,44.44,6.56000000,0
1506671566,22516481,44.46,3.42794872,1
1506671566,22516480,44.46,7.79000000,0
1506671477,22516377,44.38,21.00000000,1
1506671426,22516320,44.49,0.00002719,1
1506671424,22516318,44.49,9.87997281,1
1506671408,22516305,44.49,0.12000000,0
1506671324,22516191,44.49,17.71000000,0
1506671324,22516190,44.49,0.12000000,0
1506671324,22516189,44.48,2.09000000,0
1506671324,22516188,44.48,0.18924330,0
1506671127,22515849,44.28,16.94000000,1
1506671126,22515844,44.34,1.68585289,1
1506671125,22515838,44.34,3.73000000,0
1506671125,22515836,44.29,0.52962925,0
1506671125,22515835,44.29,0.52962925,0
1506671125,22515833,44.29,1.25911861,0
1506671124,22515829,44.28,1.68044389,0
1506671124,22515828,44.28,2.31837700,0
1506671124,22515827,44.28,3.73000000,0
1506671114,22515776,44.28,10.94117911,0
1506671063,22515677,44.18,37.08187873,1
1506671063,22515674,44.05,36.91812127,0
1506671062,22515668,44.04,3.92077185,0
1506671061,22515665,44.05,10.00000000,0
1506671060,22515660,44.05,30.46000000,0
1506671060,22515657,44.05,11.13732964,0
1506671059,22515654,44.05,1.97401000,0
1506671058,22515646,44.05,44.41003196,0
1506671057,22515644,44.05,50.06000000,0
1506671057,22515642,44.07,64.26519240,1
1506671057,22515641,44.12,113.00000000,1
1506671027,22515596,44.17,0.20018300,1
1506671009,22515556,44.16,8.01381300,1
1506671009,22515555,44.17,33.59000000,1
1506670773,22515365,44.20,7.56367000,1
1506670732,22515335,44.14,27.00000000,0
1506670731,22515334,44.14,20.41144100,0
1506670728,22515328,44.11,2.15892000,0
1506670701,22515270,44.29,1.26000000,0
1506670701,22515268,44.22,6.30000000,0
1506670698,22515256,44.08,0.68939190,0
1506670653,22515111,43.97,1.70646500,0
1506670605,22515062,43.90,0.68942507,1
1506670605,22515061,43.91,1.00000000,1
1506670605,22515060,43.95,11.76555139,1
1506670604,22515059,43.96,17.42000000,1
1506670554,22515028,43.96,0.29000000,0
1506670553,22515027,43.96,17.71000000,1
1506670541,22515021,44.01,1.00000000,1
1506670530,22514999,44.01,1.00000000,1
1506670497,22514986,44.01,1.00000000,1
1506670447,22514956,44.09,28.30399507,1
1506670447,22514955,44.09,5.91000000,0
1506670355,22514815,44.22,50.00000000,0
1506670354,22514812,44.21,50.00000000,0
1506670354,22514811,44.21,40.60839571,0
1506670353,22514809,44.21,9.39160429,0
1506670353,22514800,44.17,44.86000000,0
1506670352,22514797,44.16,5.14000000,0
1506670054,22514576,44.20,25.00000000,1
1506670041,22514550,44.21,0.00699511,1
1506670036,22514541,44.21,9.99300489,1
1506669932,22514409,44.23,5.00000000,0
1506669777,22514120,44.39,1.10163452,1
1506669718,22514041,44.39,6.23539000,1
1506669718,22514040,44.39,2.52118000,1
1506669717,22514032,44.39,4.93482800,1
1506669678,22513989,44.39,3.59000000,0
1506669665,22513976,44.39,0.15000000,0
1506669623,22513928,44.46,0.40485829,0
1506669622,22513924,44.45,0.89000000,1
1506669622,22513921,44.45,4.47000000,1
1506669577,22513861,44.39,3.00000000,1
1506669569,22513851,44.39,3.00000000,1
1506669538,22513818,44.33,4.45522220,0
1506669526,22513807,44.40,47.41000000,0
1506669524,22513806,44.37,7.59000000,0
1506669462,22513705,44.33,1.00000000,0
1506669292,22513548,44.18,5.55782211,1
1506669292,22513547,44.17,5.02648146,0
1506669286,22513539,44.38,1.36279917,0
1506669286,22513537,44.17,0.49732007,0
1506669280,22513527,44.39,105.33357791,0
1506669280,22513526,44.38,7.49000000,1
1506669280,22513525,44.30,1.87382928,0
1506669279,22513522,44.24,1.56360294,0
1506669279,22513521,44.23,1.50000000,1
1506669278,22513518,44.14,13.87293871,0
1506669198,22513457,44.05,1.32067631,0
1506669187,22513436,44.05,1.87382928,0
1506669184,22513427,44.03,0.68122491,0
1506669138,22513363,43.92,2.73291000,1
1506669117,22513339,43.93,0.00238792,0
1506669114,22513335,43.99,3.40519208,1
1506669112,22513332,43.99,1.59480792,1
1506669070,22513310,44.03,0.20000000,0
1506669029,22513254,44.02,0.79303670,1
1506669027,22513253,44.02,1.01589960,0
1506669021,22513252,44.02,0.98410018,0
1506668964,22513203,43.90,1.00000000,0
1506668924,22513177,43.81,1.48957000,1
1506668900,22513151,43.96,0.13696783,0
1506668853,22513127,43.90,2.00000000,1
1506668785,22513097,44.00,13.80489964,0
1506668785,22513096,44.00,10.00000000,0
1506668785,22513095,44.00,36.65090910,0
1506668784,22513094,43.99,93.00000000,1
1506668784,22513093,43.97,0.88200000,0
1506668784,22513092,43.90,30.00000000,0
1506668784,22513091,43.90,5.03763000,1
1506668783,22513090,43.89,1.12000000,0
1506668783,22513089,43.89,5.58000000,0
1506668783,22513088,43.86,0.35777332,0
1506668781,22513087,43.78,31.95975513,0
1506668690,22513038,43.78,8.36000000,0
1506668690,22513037,43.77,6.64000000,0
1506668666,22513019,43.78,4.00000000,0
1506668662,22513010,43.78,2.59526387,0
1506668662,22513008,43.77,1.51473613,0
1506668662,22513006,43.77,2.89000000,0
1506668659,22512996,43.77,5.00000000,0
1506668654,22512988,43.78,5.00023000,0
1506668653,22512986,43.78,4.00000000,0
1506668645,22512979,43.76,1.51393968,0
1506668636,22512960,43.65,10.41810000,0
1506668633,22512952,43.76,20.58000000,0
1506668628,22512944,43.76,27.00000000,0
1506668607,22512926,43.73,12.00000000,0
1506668603,22512920,43.73,9.00000000,0
1506668600,22512919,43.73,4.00000000,0
1506668577,22512874,43.70,6.74401000,1
1506668488,22512806,43.54,11.05680000,1
1506668413,22512753,43.67,1.49000000,0
1506668382,22512734,43.60,20.00000000,1
1506668374,22512730,43.54,1.55815000,1
1506668121,22512516,43.59,24.75420934,1
1506668120,22512515,43.59,46.06643628,1
1506668120,22512514,43.59,2.04000000,0
1506668120,22512513,43.52,10.19000000,0
1506668018,22512451,43.35,1.20000000,1
1506667928,22512377,43.56,10.41919191,1
1506667908,22512366,43.40,15.01050000,1
1506667812,22512270,43.47,5.11463060,0
1506667812,22512269,43.46,6.20000000,0
1506667754,22512246,43.48,2.33457495,0
1506667677,22512202,43.49,0.60580022,0
1506667524,22511988,43.45,7.73000000,0
1506667517,22511967,43.39,13.73563000,0
1506667517,22511966,43.39,1.46998300,0
1506667387,22511846,43.29,2.76196670,0
1506667382,22511840,43.29,3.77038577,0
1506667381,22511837,43.29,9.46764753,0
1506667373,22511817,43.29,3.00000000,0
1506667367,22511802,43.28,17.00000000,0
1506667300,22511665,43.25,0.68624277,1
1506667299,22511660,43.19,0.00565116,0
1506666937,22511401,43.13,5.00000000,1
1506666646,22511222,43.15,10.28100000,0
1506666645,22511221,43.15,7.41904000,0
1506666370,22511075,43.24,8.07436884,1
1506666357,22511069,43.24,0.00543000,1
1506666357,22511068,43.25,7.76000000,1
1506666266,22511037,43.30,12.00000100,0
1506666225,22511007,43.25,5.00000000,1
1506666114,22510968,43.30,3.20140000,1
1506665948,22510873,43.24,1.92020116,1
1506665946,22510872,43.35,2.37979884,1
1506665894,22510843,43.39,4.59571527,0
1506665763,22510751,43.35,1.71585162,1
1506665762,22510748,43.35,5.90434954,1
1506665705,22510709,43.51,3.13123420,1
1506665586,22510651,43.36,6.68800363,1
1506665571,22510647,43.36,2.28328500,1
1506665571,22510646,43.36,3.47353500,1
1506665472,22510605,43.36,6.52646500,1
1506665472,22510604,43.37,4.89000000,1
1506665457,22510602,43.39,1.57294300,1
1506665389,22510559,43.39,39.98000000,1
1506665342,22510528,43.50,11.46551724,0
1506665300,22510507,43.35,4.89000000,1
1506665298,22510505,43.36,7.00000000,1
1506665206,22510461,43.34,10.11000000,0
1506665149,22510417,43.35,0.00002000,1
1506665149,22510416,43.35,35.38970000,1
1506665124,22510389,43.35,4.61028000,1
1506665085,22510355,43.36,22.72000000,1
1506665082,22510353,43.37,0.50000000,0
1506665081,22510352,43.37,5.50000000,0
1506665077,22510348,43.37,0.50000000,0
1506665072,22510345,43.37,0.50000000,0
1506665071,22510343,43.37,1.00000000,0
1506665067,22510338,43.37,0.50000000,0
1506665062,22510322,43.37,0.35766332,0
1506665053,22510318,43.38,0.50000000,0
1506665050,22510316,43.38,23.09000000,1
1506664976,22510266,43.36,5.19142600,1
1506664867,22510165,43.37,25.66626600,0
1506664837,22510116,43.55,16.85000000,1
1506664832,22510115,43.55,8.15000000,0
1506664809,22510102,43.57,25.00000000,0
1506664743,22510010,43.64,1.60632447,1
1506664708,22509976,43.61,5.03411000,0
1506664707,22509975,43.58,8.68659930,1
1506664706,22509974,43.59,48.94420000,0
1506664704,22509972,43.64,1.00000000,1
1506664699,22509970,43.64,45.38430000,1
1506664699,22509969,43.63,9.69000000,0
1506664383,22509836,43.56,14.87860000,1
1506664332,22509778,43.69,48.90922000,1
1506664327,22509770,43.68,4.04539000,1
1506664322,22509766,43.78,2.28414801,0
1506664309,22509760,43.52,1.00964088,1
1506664308,22509759,44.00,23.34909090,0
1506664307,22509757,43.98,1.81000000,0
1506664307,22509756,43.98,9.05000000,0
1506664307,22509755,43.97,158.86400000,0
1506664306,22509754,43.96,33.84474028,1
1506664211,22509659,43.87,31.81296102,1
1506664210,22509658,43.87,2.24000000,0
1506664210,22509657,43.87,11.18000000,0
1506664150,22509606,43.79,2.00000000,0
1506664147,22509605,43.45,17.14167105,1
1506664146,22509603,43.81,2.77000000,0
1506664146,22509602,43.76,11.23000000,0
1506664142,22509594,43.75,27.00000000,0
1506664139,22509591,43.77,20.00000000,0
1506664112,22509546,43.58,58.23995500,0
1506663998,22509407,43.51,16.70000000,1
1506663966,22509392,43.47,0.50000000,1
1506663961,22509390,43.48,38.26660000,1
1506663948,22509387,43.40,0.02170000,0
1506663944,22509384,43.49,31.00000000,1
1506663880,22509363,43.49,14.51307046,1
1506663836,22509331,43.49,7.54585000,1
1506663785,22509299,43.52,0.16535000,1
1506663771,22509283,43.51,1.53847000,1
1506663769,22509280,43.51,23.68230000,1
1506663766,22509273,43.51,9.08653200,1
1506663758,22509260,43.54,4.75348000,1
1506663710,22509219,43.43,3.02667000,0
1506663708,22509218,43.48,42.00000000,1
1506663689,22509190,43.42,2.33116900,1
1506663687,22509187,43.42,13.69120000,1
1506663681,22509177,43.36,23.32750000,1
1506663679,22509175,43.43,18.55536100,1
1506663679,22509174,43.44,1.03116900,1
1506663678,22509170,43.44,22.96883100,1
1506663670,22509161,43.43,23.89330000,1
1506663649,22509118,43.43,2.56519000,1
1506663649,22509117,43.43,23.67500000,1
1506663645,22509111,43.46,60.00000000,1
1506663621,22509070,43.36,1.99970000,1
1506663619,22509063,43.36,1.49898800,1
1506663619,22509061,43.36,15.18493000,1
1506663618,22509059,43.36,0.79967000,1
1506663615,22509045,43.36,2.20033000,0
1506663609,22509033,43.36,2.41855000,1
1506663606,22509028,43.35,4.31784000,1
1506663560,22508966,43.23,1.61821000,1
1506663559,22508964,43.23,26.20000000,1
1506663552,22508956,43.44,3.99539595,0
1506663514,22508894,43.20,1.18533200,1
1506663398,22508846,43.20,34.98127500,1
1506663385,22508838,43.20,0.60504200,1
1506663332,22508799,43.37,1.72515564,0
1506663204,22508704,43.21,4.46793300,1
1506663164,22508664,43.20,19.14360000,1
1506663147,22508659,43.22,6.94845000,1
1506663111,22508640,43.22,25.86000000,1
1506663110,22508639,43.23,5.17000000,1
1506663032,22508601,43.22,1.12251038,0
1506663032,22508600,43.27,0.35748962,1
1506663030,22508598,43.29,28.52000000,1
1506662910,22508546,43.35,21.83798400,0
1506662910,22508545,43.36,4.09000000,1
1506662816,22508478,43.44,4.70000000,1
1506662664,22508300,43.33,5.06600508,0
1506662652,22508290,43.33,0.50000000,0
1506662633,22508270,43.09,5.80488182,1
1506662618,22508253,43.29,1.00000000,0
1506662550,22508157,43.34,0.50000000,0
1506662400,22507847,43.38,64.99678900,0
1506662400,22507846,43.38,34.69504500,0
1506662400,22507845,43.38,6.30816600,0
1506662383,22507804,43.40,90.00000000,1
1506662347,22507707,43.43,55.03224500,0
1506662346,22507705,43.41,1.00000000,1
1506662330,22507669,43.51,1.00000000,1
1506661714,22507057,44.00,4.65000000,1
1506661613,22506959,43.82,25.36193800,1
1506661602,22506944,43.80,5.21806200,1
1506661593,22506940,43.83,4.60000000,1
1506661213,22506780,44.03,1.00023000,0
1506660855,22506586,43.74,13.29382524,0
1506660629,22506370,43.61,1.00000000,1
1506660608,22506357,43.71,1.00000000,1
1506660605,22506355,43.72,1.88145491,1
1506660512,22506285,43.73,12.33872765,1
1506660501,22506271,43.73,12.33620650,1
1506660441,22506217,43.81,1.00000000,1
1506660179,22506010,43.91,1.00000000,1
1506660086,22505959,44.00,24.40726700,0
1506660044,22505942,44.00,0.56659091,0
1506660042,22505941,44.00,4.61417800,0
1506660042,22505940,43.99,0.25000000,0
1506660035,22505922,43.99,17.71000000,1
1506660032,22505919,44.00,17.71000000,0
1506660031,22505918,44.00,17.71000000,0
1506660030,22505916,44.00,17.42000000,0
1506660030,22505915,43.98,0.29000000,0
1506660029,22505912,43.98,17.71000000,1
1506660010,22505894,44.01,1.00000000,1
1506659929,22505760,44.13,4.70000000,0
1506659600,22505626,44.08,1.59738474,1
1506659397,22505475,44.12,1.10227000,0
1506659397,22505472,44.12,10.89758100,0
1506659068,22505251,44.29,2.39382524,1
1506658924,22505122,44.29,10.90000000,1
1506658893,22505110,44.23,7.80980153,1
1506658892,22505109,44.24,1.75019847,1
1506658886,22505104,44.45,0.31067005,1
1506658886,22505103,44.45,0.18659420,1
1506658884,22505101,44.45,1.36000000,0
1506658879,22505091,44.45,1.85730141,0
1506658874,22505088,44.26,0.11581137,0
1506658869,22505081,44.24,0.11517241,0
1506658862,22505077,44.19,1.75842139,0
1506658861,22505076,44.19,0.12000000,0
1506658854,22505070,44.12,0.11549101,0
1506658609,22504838,44.02,0.11581137,0
1506658600,22504824,44.01,1.88574082,0
1506658579,22504776,43.93,0.75926097,0
1506658561,22504761,43.93,134.38000000,0
1506658560,22504760,43.92,1.62000000,0
1506658556,22504757,43.93,53.00000000,0
1506658507,22504714,43.93,2.40261600,0
1506658234,22504491,43.93,1.75842139,1
1506658065,22504293,43.93,0.12000000,0
1506658056,22504288,43.84,0.03285829,0
1506658056,22504286,43.84,1.86065198,0
1506658040,22504273,43.79,0.52000000,0
1506658034,22504265,43.74,2.62000000,0
1506658024,22504258,43.80,35.82607211,0
1506658021,22504251,43.80,45.70221760,0
1506658021,22504250,43.76,0.80000000,0
1506658020,22504247,43.76,4.01000000,0
1506658020,22504243,43.75,73.48778240,0
1506658017,22504230,43.79,4.01000000,0
1506658017,22504229,43.78,0.21435142,0
1506658017,22504228,43.60,0.12000000,0
1506657992,22504145,43.69,11.92000000,0
1506657954,22504078,43.64,21.95701700,0
1506657886,22503958,43.50,3.27960451,1
1506657773,22503832,43.51,6.06883500,1
1506657716,22503733,43.53,7.90815900,0
1506657714,22503732,43.52,0.50000000,1
1506657704,22503716,43.53,9.69000000,1
1506657700,22503714,43.51,1.73628700,1
1506657669,22503642,43.60,20.00000000,1
1506657659,22503617,43.57,2.24117903,0
1506657618,22503554,43.33,13.00000000,1
1506657600,22503492,43.60,0.03285829,0
1506657600,22503491,43.56,1.86065198,0
1506657599,22503490,43.60,11.51116944,0
1506657598,22503488,43.57,127.00000000,0
1506657598,22503486,43.53,0.11670161,0
1506657598,22503484,43.50,21.58156525,1
1506657597,22503482,43.50,0.52000000,0
1506657597,22503481,43.50,1.86000000,1
1506657597,22503476,43.45,0.11752287,0
1506657596,22503472,43.43,9.31000000,1
1506657596,22503470,43.43,18.13094547,1
1506657596,22503469,43.35,0.11724784,0
1506657596,22503467,43.35,0.11702873,0
1506657594,22503464,43.28,1.91811715,0
1506657467,22503313,43.05,0.71823461,0
1506657344,22503102,42.63,2.00000000,0
1506657339,22503083,42.61,21.02517656,1
1506657339,22503081,42.61,4.96802400,0
1506657339,22503079,42.63,15.28000000,1
1506657339,22503078,42.63,0.11752287,1
1506657338,22503076,42.64,3.05000000,1
1506657338,22503074,42.65,3.00000000,1
1506657338,22503073,42.67,0.70000000,1
1506657337,22503071,42.73,0.11724784,1
1506657337,22503070,42.76,3.62500000,1
1506657337,22503069,42.81,0.11702873,1
1506657334,22503063,42.85,4.00000000,1
1506657334,22503062,42.93,0.11670161,1
1506657222,22502904,43.04,2.31761152,0
1506657111,22502770,43.03,113.23000000,0
1506657111,22502768,43.02,15.88000000,0
1506657111,22502767,43.01,3.18000000,0
1506657110,22502766,43.00,17.71000000,0
1506657089,22502732,43.00,20.00000000,1
1506657089,22502731,43.00,10.00000000,1
1506657089,22502730,43.00,0.52000000,1
1506657089,22502729,43.00,44.05222678,1
1506657077,22502700,43.00,8.39282300,1
1506657071,22502680,43.00,7.86298600,1
1506657060,22502657,43.02,0.50000000,0
1506657041,22502627,43.00,14.58953466,1
1506657029,22502594,43.00,16.88275800,1
1506657028,22502592,43.00,1.29198900,1
1506657028,22502591,43.00,0.70801100,1
1506657024,22502585,43.00,0.59198900,1
1506657024,22502584,43.01,1.00000000,1
1506656969,22502457,43.07,0.50000000,0
1506656929,22502335,43.07,0.50000000,0
1506656891,22502266,43.09,9.26061731,0
1506656888,22502265,43.09,0.50000000,0
1506656875,22502241,43.15,1.00000000,0
1506656848,22502192,43.16,0.50000000,0
1506656814,22502092,43.02,11.38000000,0
1506656813,22502090,43.02,4.41584385,0
1506656811,22502082,43.02,1.91811715,0
1506656809,22502080,43.08,11.37603900,1
1506656808,22502077,43.30,0.50000000,1
1506656808,22502074,43.07,17.71000000,1
1506656768,22502035,43.26,0.50000000,0
1506656727,22501995,43.26,0.50000000,0
1506656711,22501985,43.28,1.00000000,0
1506656686,22501952,43.29,16.92000000,0
1506656682,22501945,43.29,0.79000000,1
1506656681,22501942,43.29,17.21000000,0
1506656678,22501937,43.29,0.50000000,0
1506656667,22501905,43.31,2.29000000,0
1506656666,22501904,43.31,9.71000000,0
1506656660,22501889,43.31,8.00000000,0
1506656555,22501773,43.53,0.50000000,0
1506656538,22501687,43.22,0.22350300,0
1506656534,22501671,43.22,1.00000000,0
1506656527,22501654,43.26,7.88540800,1
1506656511,22501612,43.19,14.34337900,0
1506656511,22501611,43.19,19.72251500,0
1506656499,22501583,43.26,7.79765300,0
1506656497,22501579,43.32,1.00000000,0
1506656488,22501556,43.32,1.00000000,0
1506656486,22501537,43.31,1.24355600,0
1506656485,22501532,43.31,0.58936100,0
1506656484,22501526,43.31,1.54500000,0
1506656483,22501521,43.31,2.50000000,0
1506656481,22501512,43.30,2.60000000,0
1506656474,22501501,43.33,0.89417300,0
1506656458,22501410,43.37,0.50000000,0
1506656455,22501402,43.33,4.46476227,0
1506656452,22501394,43.37,1.46588289,0
1506656450,22501385,43.37,6.95064900,0
1506656449,22501376,43.33,52.20000000,1
1506656446,22501372,43.37,16.32182523,1
1506656443,22501367,43.15,0.50000000,1
1506656441,22501360,43.39,8.77603900,1
1506656345,22501204,43.12,8.12000000,1
1506656345,22501203,43.32,4.78000000,1
1506656344,22501199,43.02,2.48557333,0
1506656344,22501197,43.02,7.12409109,0
1506656343,22501196,43.02,23.88000000,0
1506656343,22501195,43.05,0.11637631,1
1506656342,22501190,43.11,1.00000000,1
1506656342,22501189,43.12,0.51000000,1
1506656342,22501186,43.18,0.11602594,1
1506656341,22501185,43.18,1.09349925,1
1506656341,22501183,43.18,2.88000000,1
1506656341,22501181,43.18,0.34001426,1
1506656341,22501179,43.21,1.00000000,1
1506656340,22501177,43.26,0.11581137,1
1506656340,22501176,43.31,1.00000000,1
1506656340,22501174,43.31,1.07372700,0
1506656339,22501173,43.38,12.31522085,1
1506656339,22501171,43.39,4.78000000,1
1506656339,22501169,43.39,23.89000000,1
1506656337,22501167,43.40,24.32737700,1
1506656230,22501008,43.73,1.43000000,0
1506656230,22501007,43.72,0.57000000,0
1506656229,22501005,43.72,0.50000000,0
1506656218,22500966,43.60,6.40988400,0
1506656158,22500896,43.50,3.00000000,0
1506656148,22500871,43.47,0.50000000,1
1506656111,22500816,43.33,8.51383400,1
1506656085,22500767,43.49,0.50000000,0
1506656044,22500718,43.62,0.19000000,0
1506656033,22500700,43.64,0.50000000,0
1506656025,22500667,43.66,0.50000000,0
1506656006,22500581,43.32,72.36784114,1
1506656002,22500544,43.32,37.16908200,1
1506656002,22500542,43.32,100.70375877,1
1506656002,22500540,43.33,58.61000000,1
1506656001,22500538,43.38,0.11549101,1
1506656001,22500536,43.39,4.93000000,1
1506656001,22500534,43.41,1.00000000,1
1506656001,22500532,43.41,6.89357291,1
1506656001,22500531,43.42,5.44717731,1
1506656000,22500522,43.42,19.20282269,1
1506656000,22500520,43.43,0.30000000,1
1506656000,22500517,43.50,2.30000000,1
1506656000,22500516,43.50,0.11517241,1
1506655999,22500515,43.50,0.65851690,1
1506655991,22500474,43.51,11.26726200,1
1506655976,22500378,43.70,0.50000000,0
1506655961,22500259,43.55,17.10894490,1
1506655953,22500167,43.74,1.59738474,1
1506655952,22500165,43.75,18.12218025,1
1506655951,22500151,43.75,7.02781975,1
1506655948,22500125,43.76,17.71000000,0
1506655947,22500121,43.76,1.88574082,1
1506655943,22500091,43.88,2.05000000,0
1506655943,22500086,43.88,7.13000000,1
1506655943,22500085,43.88,8.51895169,1
1506655942,22500080,43.88,2.05104831,1
1506655915,22499912,43.77,15.77600000,0
1506655914,22499910,43.88,7.13590000,1
1506655914,22499907,43.88,9.48410000,1
1506655907,22499862,43.98,19.30000000,0
1506655906,22499860,43.97,28.30000000,0
1506655903,22499835,43.88,1.09406800,1
1506655903,22499832,43.88,16.61593200,1
1506655543,22499496,43.99,0.50000000,0
1506655495,22499468,43.99,0.50000000,0
1506655455,22499433,44.00,0.50000000,0
1506655384,22499371,44.00,84.47801800,0
1506655276,22499280,44.07,0.68902700,1
1506655187,22499193,44.31,27.55105100,1
1506654767,22498894,44.50,18.08858900,0
1506654764,22498893,44.49,22.62958800,1
1506654763,22498892,44.46,5.28000000,0
1506654519,22498649,44.43,7.46000000,0
1506654487,22498622,44.21,1.93086400,1
1506654487,22498621,44.23,31.06913600,1
1506654449,22498586,44.26,8.86000000,0
1506654436,22498563,44.29,10.63000000,0
1506654432,22498554,44.27,10.90000000,0
1506654335,22498392,43.93,7.69200000,0
1506654269,22498334,43.98,0.11391000,1
1506654046,22498144,44.22,1.00000000,1
1506653952,22498081,44.20,9.10962600,0
1506653777,22497906,43.93,12.59000000,0
1506653546,22497687,43.92,31.78146061,1
1506653546,22497686,43.95,25.69000000,1
1506653494,22497631,43.90,5.00000000,1
1506653353,22497484,43.94,29.76837300,1
1506653237,22497284,44.59,77.58286611,1
1506653236,22497282,44.58,0.85000000,0
1506653236,22497281,44.50,0.52000000,0
1506653234,22497278,44.44,4.23000000,0
1506653211,22497234,44.20,17.71000000,1
1506653131,22497154,44.47,10.85000000,0
1506653027,22496945,44.37,0.50000000,0
1506653022,22496938,44.15,3.41067000,1
1506653008,22496901,44.43,1.85728228,0
1506653005,22496900,44.13,1.88010466,0
1506653005,22496899,44.12,28.34516712,0
1506653005,22496898,44.12,18.13094547,0
1506653001,22496889,44.06,1.55562116,1
1506653001,22496888,44.07,0.50000000,1
1506652999,22496884,44.06,5.38173700,1
1506652999,22496883,44.07,5.01903600,1
1506652995,22496876,44.06,11.67590559,1
1506652995,22496874,44.12,0.66000000,1
1506652994,22496868,44.12,12.34000000,0
1506652959,22496804,44.05,14.66000000,0
1506652959,22496803,44.00,0.52000000,0
1506652958,22496801,44.00,13.26975951,0
1506652896,22496651,43.89,5.53926000,0
1506652896,22496650,43.88,38.40588300,0
1506652877,22496598,43.75,17.42000000,0
1506652824,22496446,43.50,19.95000000,1
1506652822,22496438,43.50,18.77558443,1
1506652822,22496436,43.50,0.52000000,1
1506652821,22496432,43.51,1.00000000,1
1506652821,22496428,43.61,1.00000000,1
1506652820,22496425,43.62,0.11485557,1
1506652820,22496422,43.67,0.70756000,1
1506652820,22496419,43.68,21.88000000,0
1506652818,22496412,43.68,6.00400000,1
1506652810,22496390,43.67,1.90000000,0
1506652809,22496385,43.67,4.25000000,0
1506652796,22496365,43.67,4.25000000,0
1506652782,22496331,43.65,6.26524525,0
1506652782,22496329,43.65,143.70475475,1
1506652780,22496326,43.65,6.30124525,1
1506652780,22496325,43.66,11.40875475,1
1506652779,22496323,43.65,17.71000000,1
1506652770,22496306,43.63,36.86362345,1
1506652770,22496305,43.65,20.00000000,1
1506652769,22496302,43.69,1.00000000,1
1506652769,22496300,43.70,0.11464531,1
1506652769,22496297,43.71,1.00000000,1
1506652769,22496295,43.71,10.00000000,1
1506652768,22496291,43.72,3.62500000,1
1506652768,22496286,43.77,100.00000000,1
1506652768,22496284,43.80,0.11438356,1
1506652767,22496283,43.80,0.56930000,1
1506652767,22496282,43.80,0.52000000,1
1506652767,22496281,43.81,1.00000000,1
1506652767,22496278,43.88,0.11417502,1
1506652765,22496272,43.89,1.88010466,1
1506652760,22496267,43.91,1.00000000,1
1506652760,22496266,43.92,0.20000000,1
1506652760,22496265,43.93,0.11404507,1
1506652759,22496255,43.94,29.34606009,1
1506652750,22496236,44.00,0.00001259,1
1506652749,22496234,44.00,0.14998741,1
1506652748,22496233,44.00,37.47968238,1
1506652747,22496224,44.00,13.26975951,1
1506652746,22496222,44.00,3.76913100,1
1506652746,22496220,44.00,15.00000000,1
1506652746,22496218,44.00,20.66365300,1
1506652745,22496217,44.00,7.24716500,1
1506652745,22496216,44.00,2.57060911,1
1506652745,22496215,44.00,2.49473289,1
1506652741,22496202,44.00,5.97534713,1
1506652736,22496187,44.00,13.26975951,1
1506652733,22496179,44.00,0.20901444,1
1506652732,22496177,44.00,8.19705856,1
1506652731,22496171,44.00,0.99930048,1
1506652726,22496149,44.00,0.99930048,1
1506652724,22496137,44.00,5.65504000,1
1506652720,22496112,44.00,0.99930048,1
1506652701,22495988,44.00,7.80000000,1
1506652700,22495985,44.00,5.35000000,1
1506652700,22495983,44.00,8.00000000,1
1506652699,22495980,44.00,2.00000000,1
1506652696,22495961,44.00,1.00000000,1
1506652695,22495958,44.01,1.00000000,1
1506652694,22495956,44.01,0.11383776,1
1506652694,22495955,44.01,0.11383776,1
1506652676,22495899,44.10,3.00000000,1
1506652676,22495897,44.11,0.11357969,1
1506652675,22495890,44.14,4.00000000,1
1506652666,22495851,44.19,0.50000000,0
1506652664,22495845,44.18,6.77342689,1
1506652663,22495840,44.19,0.11337407,1
1506652651,22495806,44.26,0.50000000,0
1506652636,22495741,44.26,7.38070397,1
1506652636,22495736,44.26,3.44228478,1
1506652626,22495674,44.27,0.93276799,0
1506652625,22495670,44.22,0.90485622,0
1506652624,22495658,44.22,29.09514378,1
1506652623,22495653,44.27,1.65876242,0
1506652619,22495633,44.27,2.11322034,0
1506652619,22495631,44.25,0.88677966,0
1506652618,22495626,44.25,0.11322034,1
1506652613,22495608,44.28,3.00000000,0
1506652608,22495593,44.28,71.70860500,0
1506652601,22495572,44.30,2.38144078,1
1506652601,22495571,44.35,0.11296505,1
1506652600,22495570,44.36,1.85863028,1
1506652586,22495514,44.38,0.15000000,1
1506652551,22495381,44.52,29.93978773,1
1506652511,22495187,44.52,16.95876000,0
1506652425,22494972,44.82,6.23533300,0
1506652328,22494859,44.86,1.83984274,0
1506652318,22494851,44.91,22.75617902,0
1506652318,22494850,44.90,3.35000000,1
1506652317,22494849,44.85,1.84708486,0
1506652317,22494848,44.84,2.77000000,1
1506652316,22494847,44.74,13.87000000,1
1506652285,22494809,44.61,16.48000000,0
1506652261,22494763,44.62,0.50000000,0
1506652221,22494681,44.61,0.50000000,1
1506652197,22494607,44.62,0.50000000,0
1506652187,22494575,44.62,4.72867300,0
1506652186,22494571,44.63,73.56520000,0
1506652186,22494570,44.61,15.39000000,0
1506652184,22494556,44.63,18.50450000,0
1506652183,22494555,44.62,6.96166100,0
1506652181,22494535,44.63,15.52421100,0
1506652181,22494531,44.63,0.50000000,0
1506652179,22494522,44.61,7.09856000,0
1506652178,22494507,44.62,3.00000000,0
1506652178,22494503,44.62,17.99778500,0
1506652173,22494480,44.57,10.61824100,0
1506652173,22494478,44.36,1.26290600,1
1506652172,22494475,44.50,23.23709400,0
1506652172,22494473,44.36,34.92756922,1
1506652171,22494468,44.43,2.00000000,1
1506652171,22494466,44.43,0.11276165,1
1506652170,22494465,44.50,0.11258427,1
1506652170,22494463,44.50,1.00000000,1
1506652170,22494459,44.52,1.84708486,1
1506652164,22494443,44.53,3.00000000,1
1506652130,22494383,44.62,0.11228149,1
1506652128,22494375,44.63,9.00000000,1
1506652126,22494372,44.64,0.50000000,0
1506652120,22494354,44.65,3.67345140,1
1506652056,22494249,44.65,16.32654860,1
1506652056,22494248,44.72,8.61345140,1
1506652052,22494228,44.72,91.38654860,1
1506652052,22494226,44.72,0.11203041,1
1506652052,22494224,44.73,1.50788199,1
1506651967,22494036,44.77,2.00000000,1
1506651962,22494034,44.77,0.10092770,1
1506651962,22494033,44.78,0.11188030,1
1506651930,22493993,44.88,0.11163102,1
1506651856,22493925,44.92,1.98500000,1
1506651829,22493901,44.92,1.64000000,1
1506651829,22493900,44.95,1.30000000,1
1506651829,22493899,44.95,3.70000000,1
1506651823,22493892,45.00,0.40000000,1
1506651823,22493891,45.00,2.00000000,1
1506651823,22493890,45.00,0.11133333,1
1506651823,22493889,45.00,39.20000000,1
1506651822,22493888,45.00,2.00000000,1
1506651822,22493886,45.00,0.74000000,1
1506651822,22493884,45.00,1.00000000,1
1506651822,22493883,45.00,8.00000000,1
1506651822,22493882,45.00,6.50000000,1
1506651822,22493881,45.00,1.10800000,1
1506651806,22493861,45.02,0.51412985,1
1506651801,22493857,45.03,1.83256488,1
1506651765,22493828,45.02,7.67434100,1
1506651759,22493826,45.02,1.81152915,1
1506651759,22493825,45.03,10.26847085,1
1506651758,22493824,45.03,7.43846100,1
1506651755,22493819,45.03,0.00306815,1
1506651755,22493818,45.10,0.40000000,1
1506651755,22493817,45.11,0.11106185,1
1506651534,22493472,45.20,14.09734000,1
1506651522,22493456,45.28,2.00530035,0
1506651490,22493364,45.20,10.30000000,1
1506651490,22493362,45.20,7.50000000,1
1506651486,22493338,45.20,8.59987398,1
1506651486,22493336,45.21,11.14000000,1
1506651486,22493334,45.21,0.11081619,1
1506651485,22493333,45.29,2.00000000,1
1506651485,22493332,45.29,0.90000000,1
1506651485,22493330,45.33,0.14722000,1
1506651485,22493329,45.33,0.11052283,1
1506651427,22493206,45.38,1.00000000,1
1506651252,22493114,45.43,1.04800000,1
1506651251,22493113,45.43,0.12000000,1
1506651251,22493112,45.43,0.64600376,1
1506651250,22493111,45.43,9.66525349,1
1506651250,22493110,45.44,1.81400351,1
1506651246,22493106,45.50,0.14992286,1
1506651153,22493077,45.50,0.00007714,0
1506650832,22492968,45.50,1.95000000,1
1506650832,22492966,45.50,13.39256001,1
1506650765,22492918,45.50,2.81890088,1
1506650670,22492882,45.58,1.83931000,0
1506650619,22492870,45.50,0.30300000,1
1506650617,22492869,45.50,23.48553911,1
1506650616,22492868,45.50,10.00000000,1
1506650616,22492867,45.50,1.00000000,1
1506650616,22492866,45.50,10.00000000,1
1506650616,22492865,45.51,0.12000000,1
1506650614,22492861,45.56,67.26133050,1
1506650337,22492742,45.56,32.73866950,1
1506650337,22492741,45.57,0.12000000,1
1506650336,22492740,45.70,0.15274381,1
1506650272,22492723,45.71,24.16628400,1
1506650272,22492722,45.71,9.51022900,1
1506650269,22492721,45.70,1.40295100,1
1506650266,22492720,45.71,7.91404629,1
1506650264,22492715,45.72,7.91484100,1
1506650264,22492713,45.72,1.55569500,1
1506650246,22492699,45.71,1.55569500,1
1506650246,22492698,45.71,23.89584400,1
1506650245,22492697,45.71,9.51022900,1
1506650240,22492695,45.71,29.74834800,1
1506650240,22492694,45.71,1.55569500,1
1506650240,22492693,45.71,22.84846100,1
1506650240,22492692,45.71,1.41803200,1
1506650225,22492677,45.71,7.86172500,1
1506650225,22492676,45.71,36.57057900,1
1506650216,22492673,45.71,100.00284000,1
1506650213,22492668,45.71,5.35839139,1
1506650203,22492664,45.71,50.00000000,1
1506650192,22492662,45.71,11.98261800,1
1506650165,22492659,45.72,0.00003478,0
1506650141,22492652,45.72,27.47000000,1
1506650128,22492639,45.72,12.09692600,1
1506650107,22492627,45.73,12.09501225,0
1506650102,22492622,45.71,9.17455200,1
1506650100,22492620,45.71,172.19100000,1
1506650098,22492614,45.71,26.99360800,1
1506649987,22492574,45.72,10.20000000,1
1506649902,22492529,45.72,15.60470527,0
1506649902,22492528,45.76,1.80333185,1
1506649902,22492526,45.76,1.79802082,0
1506649901,22492523,45.86,1.79394206,1
1506649899,22492513,45.86,0.00546524,1
1506649899,22492512,45.93,1.79394176,1
1506649895,22492492,45.93,0.00272850,1
1506649895,22492489,45.97,1.79394150,1
1506649886,22492461,45.97,0.00116847,1
1506649886,22492459,46.00,1.79394153,1
1506649886,22492458,46.02,2.94329693,1
1506648411,22491941,46.06,2.00000000,1
1506648399,22491928,46.12,0.19288000,1
1506646957,22491415,46.34,0.11006000,1
1506646452,22491249,46.35,1.77881372,1
1506645938,22490939,46.05,0.00232660,0
1506645937,22490938,46.12,1.78928295,1
1506645936,22490937,46.12,0.25696000,1
1506645936,22490936,46.13,1.27876045,1
1506645797,22490892,46.13,0.00252000,1
1506645797,22490891,46.20,3.60000000,1
