date,tid,price,amount,type
1506729639,22556480,52.84,9.11800000,0
1506729188,22556398,52.82,19.87560000,1
1506728894,22556376,52.77,0.58400000,0
1506728892,22556375,52.63,2.00000000,1
1506728480,22556267,52.48,456.55613800,1
1506728480,22556266,52.48,115.00000000,1
1506728480,22556264,52.49,108.00000000,1
1506728480,22556263,52.53,2.51000000,1
1506728480,22556262,52.55,116.00000000,1
1506728479,22556261,52.63,105.00000000,1
1506728479,22556260,52.64,31.93386200,1
1506728467,22556258,52.64,0.64480000,1
1506728464,22556257,52.90,0.92592600,0
1506728338,22556236,52.81,9.98000000,1
1506727829,22556146,52.61,2.80000000,0
1506727829,22556145,52.61,0.48498647,0
1506727827,22556140,52.61,1.59501353,0
1506727827,22556139,52.61,5.27578000,0
1506727825,22556137,52.61,2.79369800,0
1506727824,22556134,52.64,2.08052200,1
1506727823,22556132,52.64,10.15000000,1
1506727822,22556131,52.64,10.15000000,1
1506727821,22556130,52.64,10.15000000,1
1506727820,22556129,52.69,10.15289000,0
1506727758,22556077,52.54,20.00000000,1
1506727532,22555998,52.50,4.40107973,0
1506727066,22555839,52.65,8.10000000,0
1506726919,22555770,52.54,26.37680185,1
1506726849,22555734,52.51,3.92110000,1
1506726847,22555726,52.62,0.07890000,1
1506726825,22555706,52.62,2.92110000,1
1506726825,22555705,52.70,9.63290000,1
1506726819,22555701,52.70,10.36710000,1
1506726815,22555698,52.82,3.00000000,1
1506726815,22555697,52.83,1.55845113,1
1506725891,22555418,52.94,7.47526491,0
1506725862,22555413,52.95,27.55960000,1
1506724874,22554976,53.05,1.00000000,0
1506724866,22554970,53.06,2.60099000,0
1506724824,22554923,53.20,12.03112100,0
1506724824,22554922,53.20,14.59000000,0
1506724767,22554852,53.31,2.00000000,0
1506724748,22554761,52.97,17.30000000,1
1506724745,22554741,53.06,0.20000000,0
1506724745,22554733,53.05,82.16264000,1
1506724742,22554711,52.97,15.41868000,1
1506724741,22554708,53.06,15.41867951,0
1506724741,22554706,53.06,27.97961800,1
1506724741,22554704,53.06,92.02038200,1
1506724741,22554702,53.10,19.97961800,1
1506724740,22554695,53.10,57.27872200,1
1506724740,22554691,53.10,20.64962600,1
1506724740,22554687,53.10,5.09203400,1
1506724261,22554477,53.22,50.00000000,1
1506723795,22554409,53.30,1.39141189,1
1506723569,22554366,53.35,8.46495700,1
1506723567,22554365,53.35,30.87752600,1
1506723045,22554096,53.46,7.17769100,1
1506722463,22553785,53.58,0.51870210,0
1506721996,22553673,53.34,7.61040000,1
1506721996,22553672,53.35,35.13000000,1
1506721989,22553670,53.76,40.79985119,1
1506721989,22553669,53.71,1.98000000,0
1506721988,22553668,53.70,73.98778240,1
1506721988,22553667,53.68,9.88000000,0
1506721988,22553666,53.58,18.65048718,0
1506721987,22553665,53.57,15.00000000,0
1506721615,22553553,53.21,0.48785300,1
1506721156,22553410,53.36,0.04304388,1
1506721156,22553409,53.36,20.68000000,1
1506720933,22553352,53.42,26.54610000,1
1506720932,22553350,53.42,4.66873000,1
1506720849,22553321,53.51,2.23696505,0
1506720542,22553248,53.29,4.33706935,1
1506720542,22553247,53.33,34.69000000,1
1506720541,22553246,53.34,26.70970967,1
1506720144,22553104,53.32,4.02249585,1
1506719579,22552963,53.26,32.50000000,1
1506719498,22552945,53.39,2.88164300,0
1506719273,22552896,53.42,9.98000000,1
1506719263,22552893,53.29,0.29940000,1
1506719230,22552877,53.28,13.97200000,1
1506719227,22552876,53.53,3.23612300,0
1506719219,22552873,53.53,27.32138800,1
1506719219,22552872,53.53,15.00000000,0
1506719210,22552871,53.48,5.02000000,1
1506719208,22552870,53.53,9.98000000,0
1506719037,22552771,53.26,0.10000000,1
1506718516,22552561,53.23,0.31540000,1
1506718506,22552560,53.23,2.66070000,1
1506718496,22552556,53.21,7.31940000,1
1506718396,22552504,53.26,0.10000000,1
1506718213,22552461,53.29,20.14696488,1
1506718203,22552456,53.25,5.32213806,1
1506718178,22552452,53.30,37.05000000,0
1506717845,22552308,53.57,8.48497293,0
1506717812,22552299,53.38,0.10000000,1
1506716723,22551812,53.60,45.43320895,0
1506716723,22551811,53.59,30.63000000,0
1506716722,22551809,53.51,2.00468687,0
1506716627,22551737,53.51,12.99531313,0
1506716617,22551730,53.70,163.83594040,1
1506716617,22551729,53.66,107.00000000,0
1506716616,22551727,53.58,118.00000000,0
1506716616,22551726,53.57,4.74000000,0
1506716614,22551724,53.52,15.00000000,0
1506716548,22551665,53.54,14.43817706,0
1506716546,22551661,53.47,4.21697100,0
1506716528,22551644,53.47,5.00000000,0
1506716517,22551618,53.48,15.00000000,0
1506716408,22551449,53.30,19.57600900,1
1506716402,22551442,53.35,55.00000000,0
1506716402,22551440,53.34,15.00000000,0
1506714407,22550701,53.23,2.08000000,1
1506714376,22550700,53.26,11.05463841,1
1506714050,22550623,53.40,0.13500000,0
1506713713,22550477,53.12,0.10000000,1
1506713593,22550397,53.16,3.00000000,1
1506713431,22550349,53.39,2.00000000,1
1506713377,22550306,53.40,2.00000000,0
1506713357,22550296,53.41,2.00000000,0
1506712617,22550063,53.42,0.10000000,1
1506711544,22549516,53.54,0.10000000,1
1506711535,22549511,53.54,0.50000000,1
1506711520,22549507,53.47,4.40000000,0
1506711516,22549506,53.47,0.15000000,0
1506711515,22549505,53.48,0.15000000,1
1506711515,22549504,53.49,0.15000000,1
1506711515,22549503,53.50,0.15000000,1
1506711506,22549502,53.50,5.00000000,1
1506711379,22549449,53.55,5.05695611,0
1506711378,22549448,53.53,33.72852694,1
1506711378,22549447,53.53,11.02000000,0
1506711233,22549405,53.44,0.05000000,1
1506711202,22549390,53.44,0.10000000,1
1506711202,22549389,53.45,0.15000000,1
1506711191,22549385,53.45,0.10000000,1
1506711191,22549384,53.46,0.15000000,1
1506710190,22549111,53.22,0.10000000,1
1506710070,22549078,53.29,6.88451701,0
1506710068,22549077,53.44,11.11548299,1
1506710055,22549072,53.44,3.39551701,1
1506709651,22548921,53.57,3.18509000,1
1506709647,22548919,53.55,11.80740000,0
1506709646,22548918,53.54,11.80740000,0
1506709611,22548901,53.34,3.49485503,1
1506709585,22548880,53.34,1.03183154,1
1506709583,22548878,53.57,0.00395000,1
1506709580,22548873,53.50,5.64000000,0
1506709398,22548778,53.50,17.99160000,1
1506709398,22548776,53.50,2.00840000,1
1506709079,22548637,53.55,1.86239731,0
1506708896,22548571,53.43,1.98046100,0
1506708806,22548461,53.33,1.91618300,1
1506708634,22548404,53.44,2.00000000,0
1506708548,22548353,53.33,15.41585700,1
1506708387,22548301,53.40,1.75000000,0
1506708387,22548300,53.40,0.25000000,0
1506708241,22548202,53.35,2.95000000,1
1506708204,22548192,53.43,1.24676312,0
1506707913,22548051,53.44,24.48000000,1
1506707688,22547907,53.35,0.24443396,1
1506707564,22547839,53.55,1.54099275,0
1506707553,22547837,53.34,0.00000005,0
1506707553,22547836,53.34,1.55049600,0
1506707107,22547501,53.30,9.87441000,0
1506707104,22547490,53.28,16.88433600,0
1506707030,22547384,53.34,2.29733783,1
1506707030,22547382,53.33,14.34000000,1
1506707028,22547378,53.20,14.01000000,0
1506706995,22547369,53.19,3.33383838,0
1506706697,22547175,53.31,9.72730174,0
1506706658,22547139,53.30,17.60863039,1
1506706657,22547137,53.30,2.39136961,1
1506706635,22547097,53.03,0.21600000,1
1506706547,22546981,52.96,2.59425465,0
1506706542,22546976,52.84,3.51870795,0
1506706541,22546975,52.84,59.15900451,0
1506706541,22546974,52.90,1.00000000,1
1506706541,22546973,52.94,5.71000000,1
1506706540,22546971,52.95,28.54000000,1
1506706540,22546970,52.96,0.59099544,1
1506706539,22546969,53.00,5.00000000,1
1506706539,22546967,53.02,0.00000005,1
1506706536,22546962,53.02,1.55049600,1
1506706535,22546961,53.06,17.40574535,1
1506706516,22546910,53.34,0.28755842,1
1506706516,22546909,53.34,2.19000000,1
1506706516,22546906,53.23,10.96000000,0
1506706480,22546851,53.21,16.55420000,1
1506706410,22546680,53.34,6.20175140,0
1506706355,22546596,53.40,8.41040000,0
1506706340,22546580,53.39,2.20474860,1
1506706334,22546567,53.36,22.63139744,1
1506706315,22546531,53.42,23.13981510,0
1506706315,22546530,53.42,16.86000000,0
1506706303,22546515,53.36,8.24376600,1
1506706303,22546514,53.37,41.75623400,1
1506706300,22546511,53.43,1.28800000,0
1506706299,22546509,53.36,50.00000000,1
1506706299,22546508,53.36,50.00000000,1
1506706294,22546492,53.36,1.89510000,0
1506706292,22546490,53.37,0.69412400,0
1506706291,22546486,53.38,43.30587600,1
1506706289,22546475,53.38,20.00000000,0
1506706269,22546442,53.33,189.68696102,1
1506706269,22546440,53.50,75.00000000,1
1506706268,22546439,53.51,1.53554552,1
1506706268,22546436,53.55,99.24145546,1
1506706268,22546435,53.55,2.41075400,0
1506706266,22546431,53.56,44.12528400,1
1506706266,22546430,53.67,1.00000000,0
1506705987,22546184,53.75,80.92305901,1
1506705986,22546183,53.78,1.69000000,1
1506705986,22546182,53.78,29.60051378,0
1506705986,22546181,53.80,7.78642721,0
1506705776,22546028,54.00,5.54166667,0
1506705742,22546004,54.00,22.63139744,0
1506705343,22545784,53.87,29.60051378,0
1506705336,22545783,53.88,1.59720000,0
1506705104,22545612,53.74,1.11600000,1
1506703702,22544921,53.86,9.15470000,1
1506703693,22544917,53.76,0.57565600,1
1506703693,22544916,53.83,0.02800600,1
1506703693,22544915,53.85,38.48900000,1
1506703692,22544914,53.86,47.54573800,1
1506703683,22544911,53.86,41.42500000,1
1506703674,22544908,53.83,14.26250000,1
1506703665,22544904,53.83,0.64949400,1
1506703665,22544903,53.84,49.25050600,1
1506703654,22544900,53.82,49.90000000,1
1506703645,22544899,53.82,49.90000000,1
1506703635,22544893,53.82,49.90000000,1
1506703592,22544870,53.88,35.80030000,1
1506703582,22544865,53.86,99.80000000,1
1506703568,22544862,53.77,49.80000000,1
1506703568,22544861,53.84,50.00000000,1
1506703552,22544849,53.77,13.09700000,1
1506703551,22544848,53.86,50.00000000,1
1506703551,22544847,53.87,36.70300000,1
1506703541,22544842,53.77,15.80100000,1
1506703541,22544841,53.83,83.99900000,1
1506703532,22544840,53.78,11.45400000,1
1506703532,22544839,53.80,38.44600000,1
1506703522,22544831,53.86,51.05970000,1
1506703486,22544813,53.87,7.06590000,1
1506703476,22544809,53.86,14.43110000,1
1506703469,22544802,53.87,0.10000000,1
1506703466,22544801,53.87,42.16550000,1
1506703456,22544788,53.90,43.20350000,1
1506703447,22544786,53.92,4.99000000,1
1506703438,22544770,53.90,1.15970000,1
1506703012,22544559,53.95,53.10000000,1
1506703011,22544558,53.97,46.90000000,1
1506702567,22544146,54.26,149.00000000,1
1506702467,22544007,53.97,6.09284135,1
1506702455,22543996,54.05,7.00721554,0
1506702451,22543994,54.05,2.00000000,0
1506702450,22543993,54.04,8.80210132,1
1506702448,22543991,54.05,16.09784179,0
1506702321,22543903,54.27,14.57830000,0
1506702320,22543902,54.25,14.57830000,0
1506702042,22543675,54.22,55.11710356,1
1506702042,22543674,54.22,0.82308588,1
1506702007,22543629,54.33,1.00000000,0
1506702007,22543628,54.33,3.00000000,1
1506702007,22543627,54.33,3.00000000,1
1506702004,22543622,54.33,10.00000000,1
1506702004,22543621,54.33,30.00000000,1
1506701993,22543573,54.33,100.00000000,1
1506701982,22543567,54.22,24.90934857,1
1506701982,22543564,54.33,7.69432643,1
1506701981,22543562,54.30,47.30570000,0
1506701981,22543561,54.30,29.99997357,0
1506701981,22543560,54.29,15.00000000,0
1506701979,22543559,54.22,7.39632500,1
1506701975,22543553,54.30,17.30572643,0
1506701975,22543552,54.30,50.00000000,0
1506701975,22543551,54.30,32.69427357,0
1506701975,22543547,54.30,17.30572643,0
1506701974,22543546,54.30,50.00000000,0
1506701974,22543545,54.30,17.69427357,0
1506701974,22543544,54.28,15.00000000,0
1506701970,22543535,54.30,32.30572643,0
1506701970,22543534,54.30,50.00000000,0
1506701970,22543533,54.30,2.69427357,0
1506701970,22543530,54.28,15.00000000,0
1506701967,22543516,54.29,1.51954179,0
1506701964,22543513,54.33,47.30572643,1
1506701963,22543511,54.33,5.03523100,1
1506701963,22543510,54.33,43.05291900,1
1506701963,22543509,54.33,1.07568700,1
1506701961,22543505,54.33,2.00000000,0
1506701961,22543504,54.24,1.53043657,0
1506701946,22543484,54.22,7.23690200,1
1506701941,22543472,54.22,9.60834303,0
1506701928,22543450,54.22,8.46040000,1
1506701883,22543352,54.23,15.00000000,0
1506701869,22543321,54.22,20.00000000,1
1506701857,22543296,54.22,36.03774766,1
1506701854,22543292,54.22,7.85886000,1
1506701854,22543291,54.22,14.94844000,1
1506701851,22543278,54.22,14.94000000,1
1506701849,22543271,54.22,14.94000000,1
1506701848,22543269,54.22,2.87563000,1
1506701848,22543266,54.22,5.63518000,1
1506701845,22543257,54.22,1.35075000,1
1506701844,22543254,54.22,15.00000000,1
1506701843,22543253,54.22,15.31000000,0
1506701843,22543252,54.21,15.00000000,0
1506701823,22543198,54.00,19.78715900,1
1506701822,22543196,54.00,4.53900332,1
1506701822,22543195,54.22,14.00493468,1
1506701821,22543190,54.22,1.07938300,1
1506701821,22543189,54.22,0.58952000,1
1506701820,22543185,54.22,56.98000000,1
1506701820,22543184,54.21,1.53116232,0
1506701820,22543182,54.18,18.19000000,0
1506701820,22543180,54.11,1.52500000,0
1506701820,22543179,54.11,1.52500000,0
1506701820,22543178,54.11,1.52500000,0
1506701819,22543177,54.11,1.52500000,0
1506701819,22543175,54.10,1.52500000,0
1506701794,22543121,54.07,12.11903550,1
1506701784,22543095,54.13,1.52504045,1
1506701780,22543072,53.99,6.34138800,1
1506701778,22543067,53.92,1.53957650,0
1506701609,22542884,53.65,37.47100000,1
1506701600,22542870,53.66,60.44500000,1
1506701600,22542869,53.67,39.35500000,1
1506701589,22542856,53.70,39.27830000,1
1506701580,22542851,53.71,89.60350000,1
1506701571,22542845,53.69,14.21660000,1
1506701562,22542840,53.73,92.81400000,1
1506701544,22542794,53.69,99.80000000,1
1506701508,22542736,53.62,17.12070000,1
1506701485,22542714,53.70,91.57000000,1
1506701485,22542713,53.71,8.23000000,1
1506701452,22542696,53.62,8.22360000,1
1506701442,22542690,53.69,4.99000000,1
1506701433,22542672,53.62,0.99800000,1
1506701388,22542638,53.79,0.82308588,0
1506701346,22542603,53.62,0.99800000,1
1506701332,22542592,53.58,0.99800000,1
1506701294,22542573,53.62,10.06114720,1
1506701133,22542419,53.62,1.99210000,1
1506701123,22542418,53.69,4.99000000,1
1506701114,22542406,53.70,36.00000000,0
1506701113,22542405,53.70,5.00000000,0
1506700888,22542267,53.46,2.60682000,1
1506700887,22542266,53.68,34.25738000,1
1506700884,22542260,53.68,2.68072000,1
1506700872,22542247,53.68,3.06190000,1
1506700576,22542092,53.48,35.00000000,1
1506700500,22542074,53.48,0.21400000,1
1506700468,22542052,53.62,1.69933000,1
1506700466,22542050,53.62,1.69933000,1
1506700448,22542043,53.37,19.51090000,1
1506700438,22542040,53.37,0.14970000,1
1506700429,22542038,53.37,0.14970000,1
1506700420,22542035,53.37,0.14970000,1
1506699629,22541677,53.32,6.97153700,1
1506699628,22541676,53.33,31.60816300,1
1506699619,22541671,53.33,32.58080000,1
1506699609,22541670,53.33,32.55231760,1
1506699609,22541669,53.40,0.02848240,1
1506699600,22541666,53.40,14.16770000,1
1506699591,22541665,53.40,85.52241760,1
1506699591,22541664,53.41,13.99718240,1
1506699581,22541660,53.41,7.30540000,1
1506699570,22541657,53.42,2.24060000,1
1506699511,22541619,53.42,37.75000000,1
1506699429,22541411,53.45,20.00000000,1
1506698842,22541008,53.71,20.08650206,1
1506698842,22541007,53.68,67.75300641,0
1506698820,22540998,53.47,14.65570000,1
1506698809,22540994,53.51,46.35810000,1
1506698798,22540985,53.46,5.09880000,1
1506698662,22540929,53.49,1.99210000,1
1506698307,22540763,53.42,0.59390000,1
1506698298,22540760,53.72,0.00000028,1
1506698297,22540759,53.72,8.75732400,1
1506698242,22540710,53.40,0.28140000,1
1506698242,22540709,53.44,0.02200000,1
1506698232,22540705,53.44,10.97800000,1
1506697609,22540299,53.34,19.99000000,1
1506697495,22540243,53.62,3.53299331,1
1506696610,22539649,53.29,5.05000000,1
1506696609,22539644,53.53,4.95000000,1
1506696150,22539333,53.91,0.87145242,1
1506696148,22539332,53.59,66.23600000,0
1506696146,22539329,53.70,22.00000000,1
1506696034,22539269,53.91,2.51641625,0
1506695972,22539238,53.91,1.53043657,0
1506695968,22539237,53.90,30.57333077,0
1506695968,22539236,53.90,53.98778240,1
1506695967,22539235,53.90,15.74000000,1
1506695967,22539234,53.82,1.53568885,0
1506695965,22539233,53.74,0.00260036,0
1506695479,22538871,53.79,3.70923964,1
1506694852,22538246,53.67,20.00000000,0
1506694839,22538237,53.30,30.96155445,0
1506694839,22538236,53.30,50.00000000,0
1506694839,22538235,53.30,3.00000000,0
1506694838,22538232,53.30,18.71194669,0
1506694838,22538231,53.30,50.00000000,0
1506694837,22538230,53.30,30.72815300,0
1506694836,22538228,53.30,115.00000000,0
1506694835,22538227,53.30,114.00000000,0
1506694834,22538224,53.39,8.09000000,1
1506694834,22538223,53.44,11.71000000,1
1506694834,22538222,53.45,33.67300000,1
1506694661,22538085,53.41,0.19061200,0
1506694629,22538067,53.69,3.79273251,1
1506694629,22538066,53.69,9.36306000,1
1506694602,22538033,53.69,3.60870795,0
1506694539,22537953,53.62,0.19061200,1
1506694516,22537939,53.30,8.75961795,0
1506694516,22537938,53.30,13.55000000,0
1506694512,22537936,53.36,15.53000000,1
1506694512,22537935,53.37,69.98778240,1
1506694086,22537601,53.28,4.00000000,0
1506693974,22537541,53.51,1.71000000,1
1506693972,22537538,53.50,10.93370318,1
1506693971,22537535,53.50,29.96740400,1
1506693970,22537534,53.50,10.91795701,1
1506693970,22537533,53.50,2.68261598,1
1506693968,22537532,53.50,73.98778240,1
1506693968,22537531,53.50,2.12000000,0
1506693968,22537530,53.49,10.58000000,0
1506693968,22537529,53.49,15.79500000,0
1506693931,22537520,53.52,6.16062149,0
1506693931,22537519,53.51,3.15925893,0
1506693837,22537435,53.37,2.73999597,1
1506693837,22537434,53.38,37.27789403,1
1506693782,22537411,53.63,31.57018161,1
1506693781,22537409,53.64,15.00000000,0
1506693780,22537401,53.63,23.15881839,1
1506693780,22537400,53.63,15.00000000,1
1506693779,22537399,53.63,2.71100000,1
1506693778,22537398,53.63,15.00000000,1
1506693777,22537397,53.63,12.56000000,0
1506693651,22537339,53.63,1.14600037,1
1506693456,22537168,53.40,1.49229543,0
1506693431,22537154,53.62,1.53957650,0
1506693429,22537153,53.55,4.21209000,0
1506693429,22537152,53.43,3.15816000,0
1506693424,22537148,53.58,5.31466965,0
1506693424,22537147,53.57,14.93000000,0
1506693424,22537146,53.48,1.55214502,0
1506693423,22537144,53.40,0.52614325,0
1506693422,22537138,53.40,0.68707865,0
1506693393,22537121,53.40,0.34000000,0
1506693343,22537072,53.39,2.43771000,1
1506693317,22537054,53.39,12.16500000,1
1506693316,22537052,53.39,12.51638000,1
1506693284,22537023,53.39,5.51066000,1
1506693274,22537014,53.20,49.87999268,0
1506693249,22537002,53.20,0.81710132,0
1506693243,22536997,53.20,18.27010000,0
1506693238,22536994,53.20,11.94515600,0
1506693214,22536972,53.20,19.08765000,0
1506693197,22536949,53.19,9.49005000,1
1506693195,22536943,53.19,5.07407000,1
1506693195,22536940,53.19,4.52353000,1
1506693051,22536738,53.18,0.00000049,1
1506692985,22536673,53.18,1.11779400,1
1506692868,22536584,53.20,0.33847021,0
1506692666,22536209,52.96,3.29750000,1
1506692665,22536208,53.00,15.18000000,0
1506692664,22536207,53.00,0.00045014,0
1506692661,22536205,52.98,4.00000000,0
1506692652,22536200,53.00,1.80848607,0
1506692645,22536196,53.11,35.00000000,0
1506692642,22536191,53.11,1.00000000,0
1506692640,22536187,53.10,1.00000000,1
1506692635,22536184,53.11,1.55322190,1
1506692626,22536174,53.15,92.66647300,1
1506692616,22536163,53.15,4.34352700,1
1506692599,22536141,53.15,2.99000000,1
1506692599,22536140,53.16,2.00000000,1
1506692560,22536103,53.16,21.00785498,0
1506692559,22536101,53.16,1.55214502,1
1506692540,22536080,53.31,72.13974864,1
1506692463,22536024,53.35,1.00112465,0
1506692295,22535897,53.20,6.83695749,1
1506692295,22535896,53.36,2.00000000,1
1506692240,22535828,53.37,70.86651935,1
1506692240,22535827,53.43,1.53568885,1
1506691598,22535053,53.53,39.21000000,0
1506691598,22535052,53.54,10.29000000,1
1506691469,22534881,53.79,0.15000000,1
1506691423,22534844,53.86,0.51784723,0
1506691005,22534585,53.97,0.15000000,0
1506691004,22534584,53.97,0.15000000,1
1506690651,22534349,54.01,0.77943500,0
1506690651,22534347,54.00,6.80000000,1
1506690650,22534343,53.98,15.39346500,0
1506690610,22534274,53.58,22.63500000,1
1506690610,22534272,53.63,4.04000000,1
1506690610,22534270,53.65,20.18000000,1
1506690609,22534269,53.83,15.24000000,1
1506690527,22534185,53.89,3.12126305,1
1506690527,22534184,53.89,1.53116232,1
1506690470,22534150,53.91,6.80352000,1
1506690465,22534145,54.00,5.95315000,1
1506690458,22534139,54.09,0.09206877,0
1506690458,22534138,54.00,9.04685000,1
1506690376,22534063,54.25,56.73025441,0
1506690376,22534062,54.25,2.17039075,1
1506690375,22534059,54.24,0.67000000,0
1506690375,22534057,54.18,108.00000000,0
1506690375,22534056,54.10,106.00000000,0
1506690374,22534055,54.07,3.36000000,0
1506690374,22534054,54.06,9.25345857,0
1506690373,22534048,54.05,22.43869714,1
1506690372,22534047,54.05,68.77470596,1
1506690372,22534046,54.05,22.62000000,0
1506690364,22534034,54.02,3.24716845,1
1506690270,22533950,54.09,0.00648196,0
1506690270,22533949,54.04,9.26165804,0
1506690147,22533903,54.02,1.75283155,1
1506690059,22533840,54.25,2.00000000,0
1506690029,22533802,54.08,27.86516273,0
1506690024,22533799,54.08,6.98483727,1
1506689826,22533613,54.30,2.00000000,0
1506689404,22533144,54.00,81.54753076,0
1506689355,22532963,54.00,2.00000000,0
1506689337,22532920,53.87,35.00000000,0
1506689330,22532908,53.87,2.00000000,0
1506689325,22532895,53.87,2.00000000,0
1506689319,22532879,53.87,2.00000000,0
1506689311,22532863,53.87,2.00000000,0
1506689300,22532857,53.87,2.00000000,0
1506689293,22532808,53.87,2.00000000,0
1506689285,22532803,53.87,2.00000000,0
1506689279,22532801,53.87,2.00000000,0
1506689270,22532799,53.87,2.00000000,0
1506689266,22532781,53.87,2.00000000,0
1506689261,22532773,53.87,2.00000000,0
1506689255,22532772,53.87,2.00000000,0
1506689249,22532770,53.87,2.00000000,0
1506689241,22532764,53.87,2.00000000,0
1506689231,22532755,53.87,2.00000000,0
1506689227,22532751,53.87,2.00000000,0
1506689223,22532748,53.87,2.00000000,0
1506689216,22532746,53.87,2.00000000,0
1506689211,22532738,53.87,2.00000000,0
1506689205,22532734,53.87,2.00000000,0
1506689199,22532727,53.87,2.00000000,0
1506689194,22532725,53.87,2.00000000,0
1506689188,22532723,53.87,2.00000000,0
1506689182,22532721,53.87,2.00000000,0
1506689177,22532720,53.87,2.00000000,0
1506689165,22532713,53.75,0.00000571,0
1506689111,22532669,53.75,21.79569600,0
1506689030,22532630,53.75,2.00000000,0
1506689022,22532625,53.75,2.00000000,0
1506689021,22532624,53.73,68.77470596,1
1506689016,22532614,53.75,2.00000000,0
1506689013,22532611,53.75,8.83695749,0
1506689004,22532563,53.75,0.74997400,0
1506689000,22532550,53.75,7.60135200,0
1506688999,22532549,53.75,15.26577600,0
1506688996,22532543,53.75,7.83698969,0
1506688966,22532522,53.71,2.11000000,0
1506688884,22532469,53.87,15.00000000,1
1506688880,22532465,54.00,0.85000000,1
1506688880,22532464,54.01,30.20000000,1
1506688879,22532463,54.01,2.99000000,1
1506688876,22532457,54.00,1.81000000,0
1506688875,22532456,53.99,15.00000000,0
1506688831,22532411,54.04,18.99999350,1
1506688828,22532410,54.04,15.00000000,0
1506688828,22532409,54.02,0.00000650,0
1506688822,22532400,54.02,1.91089350,1
1506688804,22532390,54.02,12.00000000,1
1506688780,22532371,54.02,13.02499200,1
1506688778,22532370,54.02,33.02859600,1
1506688778,22532369,54.02,26.90000000,1
1506688767,22532362,54.02,13.13551850,1
1506688617,22532278,54.14,5.60293337,0
1506688617,22532277,54.13,2.15000000,0
1506688616,22532276,54.12,15.00000000,0
1506688354,22532091,54.13,82.45000000,1
1506688352,22532089,54.13,2.55000000,0
1506688352,22532088,54.13,15.00000000,0
1506688282,22532024,54.17,1.84142514,1
1506688260,22532019,54.21,52.98000000,0
1506688260,22532017,54.20,3.04000000,1
1506688260,22532016,54.15,24.00000000,0
1506688258,22532015,54.11,19.98000000,0
1506688247,22532009,54.00,19.88000000,1
1506687971,22531715,53.97,0.09980000,1
1506687960,22531704,53.96,6.17270000,1
1506687950,22531695,53.95,98.27427374,1
1506687950,22531694,54.11,1.52572626,1
1506687949,22531692,54.12,1.52400583,0
1506687948,22531687,54.37,92.87235152,1
1506687948,22531686,54.37,26.90470527,1
1506687948,22531685,54.37,10.34010340,1
1506687947,22531684,54.32,3.00000000,0
1506687947,22531681,54.31,1.52840592,0
1506687946,22531680,54.31,116.00000000,1
1506687946,22531678,54.18,1.53195487,0
1506687946,22531677,54.16,1.53252363,0
1506687945,22531676,54.13,1.53334687,0
1506687945,22531674,54.12,3.00000000,0
1506687944,22531673,54.11,0.75000000,1
1506687944,22531672,54.09,0.75065420,0
1506687944,22531671,54.09,0.78391828,0
1506687943,22531670,54.08,3.75000000,1
1506687943,22531667,54.02,1.53650456,0
1506687941,22531666,54.00,323.98108048,0
1506687940,22531665,54.00,1.52840592,0
1506687939,22531664,54.00,12.57155000,0
1506687939,22531663,54.00,5.00000000,0
1506687935,22531660,53.99,1.53759283,0
1506687935,22531659,53.90,4.48106100,0
1506687921,22531638,53.90,34.41721100,0
1506687898,22531624,53.90,11.10172800,0
1506687509,22531167,53.82,5.29158459,1
1506687509,22531166,53.82,9.29022700,1
1506687315,22530896,53.53,1.60587811,0
1506687310,22530893,53.71,1.53650456,0
1506687302,22530871,53.65,1.54700787,0
1506687030,22530596,53.35,7.65390000,1
1506686889,22530478,53.35,8.96808327,1
1506686652,22530305,53.29,13.23919913,1
1506686652,22530304,53.33,1.54700787,1
1506686650,22530303,53.41,0.01379300,1
1506686646,22530291,53.34,19.65810700,0
1506686294,22529950,53.77,0.75065420,1
1506686155,22529805,53.83,1.99600000,1
1506686077,22529751,53.89,20.41640379,0
1506685993,22529682,53.86,1.43900000,1
1506685927,22529610,53.77,0.78391828,1
1506685927,22529609,53.80,7.91824172,1
1506685913,22529596,53.88,2.00000000,1
1506685898,22529572,53.88,44.45946916,1
1506685859,22529517,53.89,1.53195487,0
1506685856,22529513,53.88,1.54053084,0
1506685846,22529480,53.80,74.78733500,1
1506685811,22529415,53.80,41.16103700,1
1506685789,22529377,53.80,0.12751000,1
1506685787,22529375,53.80,3.20660000,1
1506685786,22529374,53.80,7.20086500,1
1506685786,22529373,53.80,20.85434500,1
1506685785,22529372,53.80,29.40805500,1
1506685785,22529371,53.80,1.63307300,1
1506685785,22529370,53.80,51.34724700,1
1506685785,22529369,53.80,46.95820800,1
1506685665,22529180,53.78,12.41822727,0
1506685634,22529160,53.87,1.53252363,0
1506685628,22529158,53.81,21.74651551,1
1506685627,22529154,53.76,1.54393707,0
1506685627,22529153,53.75,2.00000000,0
1506685627,22529152,53.74,3.71000000,0
1506685626,22529151,53.72,3.00000000,0
1506685626,22529150,53.70,50.00000000,0
1506685624,22529145,53.65,1.54707818,0
1506685551,22529060,53.60,12.75438169,0
1506685531,22529028,53.60,4.65242537,0
1506685519,22528972,53.60,1.53759283,0
1506685516,22528954,53.60,12.11971000,0
1506685514,22528944,53.60,5.92354100,0
1506685513,22528942,53.60,13.01234911,0
1506685513,22528940,53.59,0.00850989,0
1506685493,22528878,53.52,5.01300000,1
1506685468,22528850,53.58,1.54928883,0
1506685464,22528840,53.52,3.00000000,0
1506685463,22528839,53.52,1.55062727,0
1506685463,22528836,53.50,20.02777800,0
1506685463,22528835,53.50,17.66400000,0
1506685463,22528832,53.50,6.75375500,0
1506685462,22528831,53.50,5.55446700,0
1506685099,22528311,53.45,1.54393707,0
1506685098,22528305,53.46,15.42318863,1
1506685098,22528303,53.46,16.71944900,1
1506685097,22528301,53.46,8.04816200,1
1506685097,22528298,53.46,20.66933091,1
1506685096,22528296,53.46,1.19125600,1
1506685096,22528295,53.46,93.95640000,1
1506685096,22528294,53.46,6.44587300,1
1506685096,22528293,53.46,2.79238900,1
1506685095,22528291,53.46,37.19131200,1
1506685094,22528289,53.46,10.33492100,1
1506685093,22528288,53.46,118.00000000,0
1506685093,22528287,53.45,1.06000000,0
1506685093,22528286,53.36,5.28000000,0
1506685093,22528285,53.35,1.54940112,0
1506685093,22528284,53.31,3.96000000,0
1506685093,22528283,53.26,1.80893621,0
1506685092,22528282,53.26,1.80893621,0
1506685066,22528226,53.26,1.80893621,1
1506684716,22527964,53.00,44.52359751,0
1506684714,22527963,53.06,1.54940112,1
1506684714,22527962,53.10,10.00000000,1
1506684587,22527867,53.28,0.00000004,1
1506684539,22527831,53.28,18.39610300,1
1506684518,22527813,53.28,37.16284200,1
1506684515,22527808,53.28,12.96605500,1
1506684510,22527802,53.28,5.43004800,1
1506684504,22527798,53.28,68.52500000,0
1506684437,22527762,53.14,210.00000000,0
1506684434,22527758,53.14,73.98778240,0
1506684434,22527757,53.17,9.09000000,1
1506684400,22527722,53.25,3.78610329,0
1506684232,22527502,53.08,3.95910000,1
1506684219,22527470,53.36,1.54707818,1
1506684219,22527464,53.46,48.09608214,0
1506684219,22527463,53.46,72.10017597,1
1506684219,22527462,53.46,3.75753912,1
1506684218,22527461,53.36,1.55562814,0
1506684218,22527460,53.35,0.17345050,0
1506684218,22527459,53.35,1.38243200,0
1506684217,22527458,53.35,4.99000000,1
1506684217,22527456,53.34,0.89000000,0
1506684217,22527454,53.32,3.00000000,0
1506684216,22527453,53.31,1.55700687,0
1506684216,22527451,53.30,1.55742175,0
1506684216,22527449,53.29,4.45000000,0
1506684215,22527446,53.20,50.00000000,0
1506684215,22527443,53.18,22.33197361,0
1506684215,22527442,53.18,1.56082609,0
1506684208,22527431,53.11,20.00000000,0
1506684208,22527430,53.10,9.50495983,0
1506684203,22527420,53.04,19.96000000,1
1506684178,22527373,53.04,24.48650700,1
1506684177,22527369,53.04,35.75370000,1
1506684136,22527238,52.84,20.02775305,1
1506684136,22527236,53.00,14.99414695,1
1506684132,22527227,53.00,84.82120000,1
1506684130,22527223,53.00,1.04126684,1
1506684123,22527207,53.00,2.52800000,1
1506684119,22527201,53.00,1.80140000,1
1506684115,22527188,53.00,18.04439100,1
1506684115,22527187,53.01,8.86000000,1
1506684113,22527182,53.00,50.00000000,1
1506684113,22527180,53.00,50.00000000,1
1506684113,22527178,53.00,35.68151500,1
1506684113,22527177,53.00,50.00000000,1
1506684112,22527176,53.00,5.55994000,1
1506684112,22527175,53.00,50.00000000,1
1506684112,22527174,53.00,50.00000000,1
1506684112,22527172,53.00,50.00000000,1
1506684111,22527169,53.00,7.88601300,1
1506684111,22527167,53.00,39.80855600,1
1506684111,22527166,53.00,8.42712600,1
1506684110,22527161,53.00,3.28000000,1
1506684110,22527159,53.00,3.28452000,1
1506684109,22527155,53.00,1.24280400,1
1506684107,22527149,52.98,50.00000000,0
1506684107,22527148,52.97,57.20000000,0
1506684107,22527147,52.97,0.92000000,0
1506684107,22527146,52.93,4.61000000,0
1506684107,22527145,52.80,2.22272839,0
1506683352,22526568,52.84,1.88760643,0
1506683024,22526368,52.63,10.06000000,1
1506683022,22526367,52.64,57.20000000,1
1506683022,22526366,52.64,11.74000000,1
1506682725,22526099,52.59,15.47637926,1
1506682724,22526098,52.60,2.00000000,1
1506682724,22526097,52.70,5.00000000,1
1506682722,22526096,52.71,20.03696435,0
1506682661,22526012,52.85,2.88647114,1
1506682621,22525968,52.80,2.88675664,0
1506682303,22525778,52.61,16.94610000,1
1506682301,22525772,52.83,17.94919000,1
1506682301,22525771,52.83,17.57645000,1
1506682278,22525722,52.83,31.90497823,0
1506682225,22525673,52.79,57.04000000,0
1506682110,22525527,52.59,2.07271285,1
1506681941,22525135,52.80,1.94682500,1
1506681941,22525134,52.92,0.00927500,1
1506681921,22525084,52.92,4.87430000,1
1506681911,22525044,52.92,0.38730000,1
1506681910,22525040,52.92,1.72912500,1
1506681901,22524997,52.86,4.98610000,1
1506681888,22524983,52.79,1.10480000,1
1506681885,22524977,52.87,14.38000000,0
1506681883,22524975,52.89,0.62000000,1
1506681882,22524974,52.89,10.38000000,0
1506681882,22524973,52.89,21.00000000,0
1506681879,22524969,52.86,15.00000000,1
1506681879,22524968,52.86,3.19826000,1
1506681878,22524967,52.86,7.55790000,1
1506681874,22524961,52.81,1.56082609,0
1506681871,22524951,52.84,1.57092468,0
1506681871,22524949,52.82,15.00000000,0
1506681800,22524819,52.64,11.25000000,1
1506681778,22524773,52.60,0.83434201,0
1506681778,22524771,52.60,0.83434201,0
1506681594,22524518,52.51,36.16769400,1
1506681593,22524515,52.51,1.00000000,1
1506681592,22524510,52.53,50.00000000,0
1506681588,22524492,52.60,35.04600000,1
1506681587,22524487,52.60,14.93000000,0
1506681587,22524485,52.47,15.00000000,0
1506680700,22523855,52.25,5.07808612,1
1506680663,22523830,51.95,53.41496245,0
1506680659,22523828,51.95,15.40000000,1
1506680659,22523827,52.17,1.04126684,1
1506680592,22523756,52.10,1.04126684,0
1506680543,22523736,52.00,217.00000000,0
1506680543,22523735,52.00,29.37640000,0
1506680542,22523734,52.05,116.00000000,1
1506680541,22523733,52.12,105.00000000,1
1506680541,22523732,52.17,16.95000000,1
1506680541,22523731,52.18,27.22000000,1
1506680541,22523730,52.19,73.98778240,1
1506680277,22523625,52.32,13.39959485,1
1506680277,22523624,52.34,13.74320515,1
1506680275,22523623,52.34,4.92679485,1
1506680227,22523615,52.36,24.62430000,1
1506680163,22523602,52.62,122.03460036,0
1506680163,22523601,52.61,1.70000000,0
1506680163,22523600,52.56,4.10077364,0
1506680163,22523599,52.55,104.00000000,0
1506680163,22523597,52.54,22.25702600,0
1506680162,22523596,52.51,8.50000000,0
1506680162,22523595,52.44,17.79000000,0
1506680162,22523594,52.41,19.61760000,0
1506680143,22523577,52.24,4.35582000,1
1506680135,22523570,52.20,0.48270000,1
1506680135,22523569,52.23,20.05000000,1
1506680133,22523564,52.27,19.61760000,1
1506680111,22523549,52.21,32.52930000,1
1506680110,22523548,52.23,5.19424000,1
1506680029,22523500,52.28,31.22021466,0
1506680029,22523499,52.28,50.00000000,0
1506680029,22523498,52.28,50.00000000,0
1506680029,22523497,52.28,50.00000000,0
1506680029,22523496,52.27,5.51000000,0
1506680029,22523495,52.27,50.00000000,0
1506680029,22523494,52.26,15.24000000,0
1506680029,22523493,52.25,18.84709000,0
1506680006,22523468,52.37,55.51149100,1
1506680006,22523467,52.37,11.62059200,1
1506680006,22523466,52.37,5.80775000,1
1506680004,22523463,52.37,15.24000000,1
1506680004,22523462,52.37,27.53056800,1
1506680004,22523461,52.37,19.66469200,1
1506680004,22523460,52.37,35.80300000,1
1506680003,22523459,52.37,33.35000000,1
1506680003,22523458,52.33,15.24000000,0
1506680003,22523457,52.29,60.74900000,0
1506680003,22523456,52.29,19.66411800,0
1506679963,22523437,52.20,7.99383000,1
1506679960,22523434,52.20,3.26925000,1
1506679957,22523429,52.20,2.79183000,1
1506679955,22523428,52.20,69.54381733,1
1506679955,22523425,52.06,0.36900000,0
1506679955,22523424,52.06,1.46543554,0
1506679943,22523414,52.06,1.91625048,0
1506679655,22523149,52.00,1.61679026,0
1506679631,22523134,52.06,2.12524011,0
1506679514,22523090,52.06,1.72454860,0
1506679430,22523040,52.06,7.53784095,0
1506679039,22522796,52.06,7.53649635,0
1506678861,22522712,52.06,22.70000000,0
1506678430,22522339,51.94,41.40000000,1
1506678428,22522338,52.00,8.10000000,1
1506678343,22522266,52.06,2.00000000,0
1506678127,22522009,52.14,31.66447200,1
1506678091,22521987,52.07,17.28050000,0
1506678090,22521976,52.06,5.90637155,1
1506678032,22521938,52.05,30.84270000,1
1506678026,22521930,52.10,2.45642000,1
1506677933,22521870,52.02,12.15287100,1
1506677692,22521701,51.92,11.38886136,0
1506677608,22521675,51.92,7.53852080,0
1506677566,22521654,51.91,3.89000000,1
1506677324,22521478,52.15,3.53825503,0
1506677322,22521474,51.93,0.28893000,0
1506677309,22521453,51.98,1.48098000,1
1506677150,22521333,52.03,34.87680185,1
1506677116,22521319,52.03,10.41550000,1
1506677086,22521262,52.03,10.00000000,1
1506677056,22521233,52.03,1.58450000,1
1506677044,22521222,52.35,24.31618000,1
1506677044,22521221,52.35,6.32982000,1
1506677043,22521220,52.26,6.80000000,0
1506677043,22521219,52.26,25.10800000,1
1506677041,22521218,52.21,37.44600000,0
1506677018,22521208,52.04,0.66000000,1
1506677001,22521206,52.05,1.25911861,1
1506676917,22521125,52.42,0.10053415,0
1506676916,22521122,52.23,1.50000000,1
1506676858,22521095,52.44,9.60834303,0
1506676811,22521060,52.41,0.95153597,1
1506676783,22521038,52.42,1.58450000,0
1506676690,22520984,52.09,50.00000000,1
1506676592,22520897,52.36,0.00000002,1
1506676579,22520892,52.36,1.82958100,1
1506676576,22520891,52.38,1.71368582,0
1506676545,22520861,52.09,46.48187075,1
1506676544,22520859,52.09,0.51992925,1
1506676544,22520858,52.10,14.01700000,1
1506676543,22520857,52.32,2.86009174,1
1506676534,22520851,52.10,5.18960000,1
1506676524,22520836,52.10,99.80000000,1
1506676513,22520757,52.11,18.05390000,1
1506676503,22520659,52.15,15.70300000,1
1506676503,22520658,52.21,0.00060000,1
1506676492,22520651,52.21,0.17170000,1
1506676481,22520643,52.21,86.03960000,1
1506676470,22520637,52.22,53.17550000,1
1506676460,22520631,52.21,13.78810000,1
1506676460,22520630,52.22,53.03100000,1
1506676450,22520621,52.23,18.00400000,1
1506676437,22520597,52.33,8.76043800,1
1506676428,22520592,52.33,0.15445800,1
1506676424,22520590,52.33,0.48532700,1
1506676392,22520556,52.50,0.00000023,1
1506676352,22520501,52.50,9.56281600,1
1506676324,22520477,52.50,11.84800000,1
1506676323,22520475,52.50,18.70258300,1
1506676293,22520461,52.50,1.53085715,1
1506676286,22520454,52.50,26.41408800,1
1506676172,22520397,52.54,6.49105444,1
1506676164,22520392,52.54,2.70204100,0
1506676157,22520366,52.53,0.97621400,1
1506676157,22520364,52.53,1.50000000,0
1506676051,22520324,52.55,1.41347114,0
1506676051,22520323,52.55,1.57092468,0
1506675742,22519905,52.83,59.59029244,1
1506675742,22519904,52.80,119.00000000,0
1506675741,22519903,52.77,143.46900000,0
1506675741,22519902,52.70,39.84100000,0
1506675741,22519901,52.69,7.19000000,0
1506675740,22519899,52.68,39.63800000,0
1506675739,22519898,52.68,48.10600000,0
1506675557,22519766,52.57,7.45622383,1
1506675335,22519661,52.86,19.85849413,0
1506675334,22519660,52.84,1.77000000,0
1506675334,22519659,52.84,110.00000000,1
1506675334,22519658,52.80,104.00000000,0
1506675333,22519657,52.79,8.87000000,0
1506675333,22519656,52.72,119.00000000,0
1506675333,22519655,52.71,13.25649254,0
1506675331,22519654,52.57,1.22847953,0
1506675140,22519556,52.64,18.44718845,0
1506675100,22519537,52.62,5.50702600,1
1506675061,22519518,52.86,33.82221090,0
1506675061,22519517,52.86,11.49186531,0
1506675061,22519516,52.85,62.16965440,0
1506675016,22519484,52.81,11.81812800,0
1506675015,22519483,52.64,1.52856000,0
1506675012,22519479,52.71,6.11000000,0
1506674733,22519213,52.75,6.10928000,1
1506674166,22518800,52.80,11.10000000,1
1506674024,22518607,52.88,45.77445609,1
1506674023,22518605,53.00,1.58596491,1
1506673952,22518483,53.20,161.58653545,1
1506673952,22518482,53.20,9.27153500,1
1506673952,22518481,53.20,9.69097745,1
1506673952,22518480,53.20,13.25713700,1
1506673951,22518479,53.27,1.54928883,0
1506673951,22518478,53.20,8.40179700,1
1506673951,22518477,53.20,10.65383700,1
1506673951,22518476,53.20,21.97043600,1
1506673951,22518475,53.20,169.29598500,1
1506673950,22518474,53.20,8.40179700,1
1506673950,22518473,53.20,27.71510700,1
1506673950,22518472,53.20,177.70000000,1
1506673950,22518471,53.20,11.27858300,1
1506673950,22518470,53.20,177.70000000,1
1506673950,22518469,53.20,3.83596000,1
1506673949,22518468,53.20,97.29344400,1
1506673949,22518467,53.20,148.30361800,1
1506673949,22518466,53.20,177.70000000,1
1506673948,22518465,53.20,7.00000000,1
1506673948,22518464,53.20,61.58769500,1
1506673948,22518463,53.20,10.12217500,1
1506673948,22518462,53.20,8.31802700,1
1506673948,22518461,53.20,1.78675600,1
1506673948,22518460,53.20,6.00771200,1
1506673948,22518459,53.20,31.65978000,1
1506673947,22518457,53.20,26.47625600,1
1506673947,22518456,53.20,22.63389500,1
1506673947,22518455,53.20,65.34885100,1
1506673947,22518454,53.20,4.79980000,1
1506673947,22518453,53.20,2.50000000,1
1506673947,22518451,53.20,22.71436700,1
1506673945,22518448,53.20,112.64938331,1
1506673944,22518441,53.27,1.54904073,0
1506673944,22518439,53.20,17.65593700,1
1506673942,22518434,53.20,13.97481204,1
1506673942,22518433,53.20,44.01221760,1
1506673941,22518432,53.21,73.98778240,1
1506673941,22518431,53.20,2.62000000,0
1506673941,22518430,53.20,50.00000000,0
1506673940,22518429,53.19,107.00000000,0
1506673940,22518428,53.18,1.94000000,0
1506673940,22518427,53.14,1.56210100,0
1506673940,22518426,53.12,3.00000000,0
1506673940,22518425,53.11,9.69000000,0
1506673940,22518424,53.11,19.40900000,0
1506673940,22518423,53.10,48.60100000,0
1506673940,22518422,53.10,3.65197741,0
1506673939,22518421,53.09,9.54000000,0
1506673939,22518420,53.08,49.68150874,0
1506673799,22518347,53.04,0.17345050,1
1506673761,22518334,53.04,1.38243200,1
1506673755,22518330,52.97,0.17345000,1
1506673752,22518323,52.96,0.00997050,0
1506673750,22518320,52.95,4.72389028,1
1506673748,22518317,52.95,5.27592050,1
1506673735,22518300,52.95,1.56767459,0
1506673735,22518299,52.94,1.56808191,0
1506673735,22518298,52.92,0.19499313,0
1506673717,22518288,52.91,3.72425000,1
1506673701,22518279,52.91,1.83141146,1
1506673679,22518258,52.92,0.24800000,0
1506673671,22518250,52.92,1.00000000,0
1506673648,22518226,52.91,6.22265300,1
1506673637,22518202,52.92,1.55700687,0
1506673635,22518200,52.86,1.57029697,0
1506673457,22518044,52.85,1.56210100,1
1506673442,22518018,52.69,1.56903888,0
1506673360,22517862,52.64,2.00000000,0
1506673282,22517691,52.51,20.03226400,0
1506673204,22517649,52.48,1.58450000,1
1506673018,22517501,52.46,47.16000000,0
1506673017,22517500,52.45,5.70600572,0
1506672777,22517284,52.22,27.32000000,0
1506672777,22517283,52.23,25.81000000,1
1506672777,22517282,52.25,46.87000000,1
1506672635,22517200,52.26,10.00000000,1
1506672580,22517142,52.40,1.56903888,1
1506672450,22517093,52.48,15.24000000,1
1506672207,22516939,52.43,19.84000000,1
1506672184,22516927,52.76,19.84000000,0
1506672172,22516920,52.66,19.84100000,0
1506672150,22516914,52.46,1.00000000,1
1506672032,22516864,52.43,3.60000000,1
1506672005,22516849,52.60,3.60000000,0
1506671995,22516834,52.62,0.00000400,0
1506671995,22516832,52.61,3.60000000,0
1506671994,22516831,52.61,36.18000000,0
1506671994,22516830,52.61,20.50999600,0
1506671972,22516796,52.85,87.20225509,0
1506671972,22516795,52.77,109.00000000,0
1506671972,22516794,52.77,1.57250123,0
1506671972,22516793,52.77,200.00000000,1
1506671971,22516792,52.72,3.00000000,0
1506671971,22516791,52.70,112.00000000,0
1506671971,22516790,52.70,1.57522668,0
1506671971,22516789,52.70,1.10000000,1
1506671970,22516788,52.64,104.00000000,0
1506671970,22516787,52.62,99.00000000,0
1506671970,22516786,52.62,5.52000000,1
1506671970,22516785,52.59,20.51001700,1
1506671969,22516784,52.59,5.52000000,0
1506671851,22516710,52.53,1.56402300,1
1506671850,22516707,52.53,3.41242100,1
1506671834,22516700,52.42,36.44927960,0
1506671807,22516687,52.42,15.62056131,0
1506671775,22516673,52.42,14.86000000,0
1506671774,22516671,52.42,14.86000000,1
1506671690,22516604,52.57,2.00000000,0
1506671617,22516539,52.41,9.62191358,1
1506671617,22516538,52.67,2.00000000,0
1506671579,22516501,52.68,4.37800000,0
1506671536,22516440,52.50,90.74000000,1
1506671534,22516437,52.50,9.26000000,1
1506671503,22516402,52.57,0.69400000,0
1506671493,22516394,52.56,1.99900000,0
1506671483,22516383,52.56,1.90706701,0
1506671482,22516382,52.31,0.39293299,0
1506671473,22516370,52.56,0.67300000,0
1506671463,22516348,52.57,0.39300000,0
1506671453,22516339,52.41,15.22762832,0
1506671423,22516317,52.62,9.87997281,0
1506671329,22516209,52.66,0.99800000,0
1506671319,22516182,52.65,0.10000000,0
1506671298,22516107,52.64,0.20000000,0
1506671286,22516055,52.64,1.56808191,0
1506671277,22516029,52.65,14.04233444,0
1506671277,22516028,52.60,1.57822687,0
1506671273,22516019,52.59,5.00000000,0
1506671246,22515985,52.59,0.97400000,0
1506671223,22515979,52.47,14.86000000,0
1506671161,22515911,52.49,1.57029697,0
1506671154,22515893,52.55,8.76646960,0
1506671153,22515890,52.52,3.00000000,0
1506671153,22515887,52.51,1.58082037,0
1506671152,22515886,52.50,12.45000000,1
1506671152,22515885,52.48,14.86000000,0
1506671151,22515882,52.45,18.97274000,0
1506671063,22515676,52.25,3.92062316,1
1506671062,22515666,52.25,11.13732964,1
1506671061,22515664,52.25,3.91767733,1
1506671060,22515662,52.25,11.13734980,1
1506671059,22515656,52.21,14.29994216,0
1506671059,22515648,52.23,18.97274000,0
1506670976,22515515,52.15,13.89000000,1
1506670859,22515427,52.09,0.00970000,1
1506670858,22515426,52.17,13.86000000,1
1506670715,22515318,52.09,0.00037075,0
1506670710,22515297,52.09,0.52962925,0
1506670695,22515239,52.09,2.00000000,0
1506670694,22515234,52.05,1.49688821,0
1506670693,22515224,52.05,4.80311179,0
1506670674,22515151,52.05,90.71546000,1
1506670672,22515138,52.05,99.00000000,0
1506670672,22515137,52.04,0.94000000,0
1506670671,22515135,51.98,4.71000000,0
1506670603,22515057,51.80,0.00000011,0
1506670552,22515025,51.80,1.83111100,0
1506670468,22514975,51.75,1.39993157,1
1506670468,22514974,51.75,12.87462843,1
1506670459,22514966,52.00,16.80840540,1
1506670458,22514965,52.00,19.66159460,0
1506670454,22514964,51.75,1.98537157,1
1506670442,22514954,51.81,25.72544000,0
1506670404,22514931,51.88,10.00000000,1
1506670281,22514752,51.98,25.14000000,1
1506670281,22514751,51.99,14.86000000,1
1506670154,22514686,51.90,3.90534000,1
1506670102,22514628,51.83,19.66159460,0
1506670101,22514627,51.86,16.41000000,1
1506670101,22514625,52.01,3.92840540,1
1506670098,22514620,52.01,5.47019400,1
1506670097,22514617,52.01,7.00020642,1
1506670075,22514592,52.11,26.19812594,1
1506670075,22514591,52.11,19.38409600,1
1506670075,22514590,52.11,2.46978343,1
1506670073,22514589,52.01,2.99279847,1
1506670073,22514588,52.07,0.00720153,1
1506670034,22514540,52.01,10.23619847,0
1506670032,22514538,52.11,4.50000000,1
1506670032,22514537,52.15,17.24573215,1
1506670006,22514513,52.15,8.01806938,1
1506669974,22514465,52.35,96.98000000,0
1506669974,22514464,52.34,3.02000000,0
1506669798,22514145,52.37,6.23539000,1
1506669795,22514137,52.38,10.41198930,0
1506669793,22514132,52.36,18.19465900,0
1506669746,22514082,52.40,0.00000500,1
1506669746,22514078,52.40,32.86170000,1
1506669743,22514071,52.40,24.20000000,1
1506669741,22514069,52.40,12.44166900,1
1506669737,22514060,52.40,2.46741100,1
1506669735,22514057,52.40,8.88339200,1
1506669734,22514056,52.40,19.14582300,0
1506669551,22513841,52.31,1.57822687,0
1506669547,22513835,52.48,107.78868140,0
1506669547,22513832,52.47,1.28000000,0
1506669546,22513830,52.41,109.00000000,0
1506669546,22513829,52.41,1.58379002,0
1506669546,22513826,52.38,6.39000000,0
1506669545,22513825,52.37,170.94700000,1
1506669545,22513824,52.32,3.00000000,0
1506669545,22513823,52.29,1.58760376,0
1506669543,22513822,52.28,10.81378090,0
1506669390,22513658,52.28,1.25824345,0
1506669342,22513619,52.15,4.53619847,1
1506669341,22513618,52.17,0.49380153,1
1506669293,22513550,52.26,1.03482587,0
1506669291,22513545,52.17,4.53267993,0
1506669285,22513531,52.17,0.49732007,0
1506669241,22513476,52.12,1.41620998,0
1506669186,22513432,52.12,1.58379002,0
1506669177,22513418,52.03,0.00000025,0
1506669141,22513364,51.98,0.20000000,1
1506669113,22513334,52.03,1.59548564,0
1506669112,22513333,52.00,0.00000025,0
1506669096,22513323,52.00,10.52262800,0
1506669091,22513321,52.00,1.58760376,0
1506669077,22513314,52.00,1.76270390,0
1506669077,22513313,51.97,0.23729610,0
1506669034,22513260,51.87,21.39920000,1
1506669034,22513259,51.90,14.53000000,1
1506669034,22513258,51.95,16.86500000,1
1506669019,22513251,51.97,1.36000000,0
1506668861,22513128,51.73,5.37349614,1
1506668853,22513126,51.92,1.99999978,0
1506668704,22513052,51.74,9.54653000,1
1506668663,22513015,51.73,11.48340000,1
1506668638,22512963,51.69,5.02847000,1
1506668636,22512961,51.70,5.56032000,1
1506668630,22512948,51.66,10.58920000,1
1506668622,22512938,51.67,15.05850000,1
1506668616,22512935,51.69,2.77232000,1
1506668589,22512893,51.61,2.96607000,1
1506668557,22512861,51.84,9.62191358,0
1506668550,22512856,51.73,0.57838778,0
1506668532,22512838,51.41,19.36443439,0
1506668532,22512837,51.41,2.00000000,0
1506668525,22512834,51.41,28.29768000,0
1506668390,22512739,51.58,2.17446712,0
1506668390,22512738,51.47,5.84360226,0
1506668288,22512645,51.67,5.01819237,0
1506668287,22512644,51.66,8.25000000,1
1506668287,22512643,51.66,10.82236459,1
1506668287,22512642,51.61,105.00000000,0
1506668286,22512641,51.53,120.00000000,0
1506668286,22512640,51.52,8.25000000,0
1506668284,22512638,51.51,2.07730900,0
1506668244,22512598,51.47,53.92791917,0
1506668243,22512595,51.46,25.56011924,0
1506668225,22512589,51.30,15.63170000,1
1506668124,22512518,51.35,1.00000000,0
1506668123,22512517,51.35,5.55163000,0
1506668097,22512496,51.35,1.77986472,0
1506668068,22512478,51.35,8.01806938,0
1506668029,22512458,51.35,8.01872810,0
1506668025,22512452,51.30,1.55140168,0
1506668005,22512442,51.30,16.89401300,0
1506668005,22512439,51.30,15.29000000,0
1506668005,22512438,51.28,7.41000000,0
1506668003,22512436,51.29,1.55279500,0
1506668003,22512435,51.29,20.11581204,1
1506668001,22512434,51.25,45.32419617,0
1506667993,22512431,51.25,2.80117073,0
1506667991,22512428,51.24,1.09165500,0
1506667982,22512424,51.24,3.10000000,0
1506667980,22512423,51.24,2.10000000,0
1506667978,22512421,51.24,3.50000000,0
1506667976,22512420,51.24,6.20000000,0
1506667952,22512404,51.24,1.97771000,0
1506667951,22512403,51.24,8.65876100,0
1506667947,22512397,51.24,1.72332900,0
1506667936,22512387,51.24,1.79880000,0
1506667933,22512386,51.24,20.23044600,0
1506667929,22512385,51.24,1.71130100,0
1506667923,22512373,51.24,26.17965700,0
1506667923,22512372,51.24,1.48956100,0
1506667907,22512363,51.22,8.12762800,1
1506667907,22512362,51.23,15.22000000,1
1506667907,22512361,51.24,26.65237200,1
1506667907,22512359,51.25,1.87463310,0
1506667907,22512358,51.25,33.16920090,0
1506667880,22512332,51.25,8.01872810,0
1506667878,22512331,51.20,0.00003900,0
1506667877,22512330,51.20,42.99360000,0
1506667873,22512326,51.20,6.00636100,0
1506667856,22512305,51.20,1.00000000,0
1506667847,22512300,51.25,0.15510000,0
1506667836,22512290,51.24,2.00000000,1
1506667824,22512276,51.25,5.55317100,0
1506667816,22512272,51.25,3.10380000,0
1506667813,22512271,51.29,1.13328461,0
1506667721,22512227,51.30,8.02043532,0
1506667715,22512226,51.30,8.24415000,0
1506667713,22512223,51.29,1.32600000,0
1506667696,22512209,51.31,1.94000000,0
1506667692,22512206,51.30,8.02043532,0
1506667597,22512120,51.39,8.02043532,0
1506667505,22511932,51.41,8.02043532,0
1506667468,22511898,51.47,8.02035321,0
1506667442,22511890,51.51,8.02043532,1
1506667382,22511843,51.45,4.25947419,1
1506667381,22511836,51.45,3.76096113,1
1506667357,22511788,51.33,8.02043532,0
1506667318,22511708,51.27,8.02043532,0
1506667062,22511462,51.21,0.20860000,1
1506667029,22511447,51.21,0.14903601,0
1506666983,22511419,51.18,8.03304381,0
1506666941,22511408,50.94,18.89351909,1
1506666941,22511407,50.94,30.64865700,1
1506666941,22511406,50.94,0.45782391,1
1506666647,22511223,50.97,1.01697000,0
1506666370,22511074,51.18,6.58623394,0
1506666358,22511071,51.12,1.44680987,0
1506666357,22511067,50.99,0.32282497,1
1506666150,22510973,51.21,8.03331605,0
1506666073,22510949,51.06,72.30000000,1
1506666027,22510922,51.20,6.16825849,0
1506665962,22510882,51.25,8.09080964,0
1506665929,22510864,51.20,8.09080964,0
1506665910,22510854,51.15,0.16000000,1
1506665844,22510816,51.09,1.00000000,1
1506665836,22510813,51.09,1.00000000,0
1506665835,22510812,51.07,1.00000000,0
1506665766,22510764,51.37,33.48673476,0
1506665766,22510763,51.36,0.40272000,0
1506665763,22510759,50.50,18.92738216,1
1506665763,22510758,50.50,99.26519890,1
1506665763,22510757,50.62,3.00000000,1
1506665763,22510755,50.62,0.20000000,0
1506665763,22510752,50.62,5.90434954,0
1506665762,22510749,50.63,56.31501312,0
1506665762,22510746,50.73,128.00000000,0
1506665762,22510745,50.73,118.00000000,0
1506665761,22510743,50.77,2.65000000,1
1506665761,22510741,50.81,130.00000000,1
1506665760,22510740,50.88,1.00000000,1
1506665760,22510739,50.91,1.00000000,1
1506665760,22510738,50.91,130.00000000,1
1506665759,22510736,50.93,1.00000000,1
1506665759,22510735,50.98,122.00000000,1
1506665759,22510734,51.07,117.00000000,1
1506665758,22510733,51.07,118.00000000,0
1506665758,22510732,51.08,2.91000000,1
1506665758,22510731,51.09,167.39300000,0
1506665757,22510730,51.15,124.00000000,1
1506665757,22510728,51.16,14.54000000,1
1506665755,22510727,51.25,5.19142600,1
1506665755,22510726,51.25,6.68800363,1
1506664937,22510236,51.26,2.60282000,0
1506664916,22510219,51.21,27.00000000,1
1506664749,22510025,51.45,0.00000017,1
1506664749,22510024,51.45,52.50698700,1
1506664736,22510000,51.45,11.90002300,1
1506664359,22509826,51.81,4.04540000,0
1506664359,22509825,51.81,4.04540000,0
1506664359,22509824,51.81,0.00000964,0
1506664325,22509769,51.81,4.04539036,1
1506664324,22509768,51.81,10.96050000,1
1506664323,22509767,51.82,4.04539000,1
1506664311,22509761,51.87,17.68510000,1
1506664137,22509585,51.73,13.80000000,0
1506664127,22509567,51.61,2.00027051,0
1506664071,22509496,51.61,1.59729610,0
1506664069,22509495,51.53,36.70887295,1
1506664069,22509494,51.53,1.61080476,0
1506663947,22509386,51.34,6.43720000,1
1506663947,22509385,51.35,11.47000000,1
1506663881,22509364,51.37,9.33930310,1
1506663877,22509359,51.52,3.61218944,1
1506663876,22509356,51.42,0.41030641,0
1506663794,22509305,51.41,1.30000000,1
1506663780,22509294,51.42,0.16551000,0
1506663765,22509271,51.42,49.42418359,0
1506663765,22509270,51.42,50.00000000,0
1506663765,22509269,51.42,2.76205341,0
1506663763,22509264,51.42,0.19193900,0
1506663761,22509263,51.42,0.19193800,0
1506663759,22509261,51.42,0.38387800,0
1506663756,22509257,51.42,0.43193900,0
1506663755,22509256,51.42,0.12000000,0
1506663754,22509255,51.42,0.19193800,0
1506663753,22509253,51.42,0.11037300,0
1506663750,22509251,51.42,0.13203200,0
1506663748,22509250,51.42,4.62024600,0
1506663746,22509247,51.42,1.65976000,0
1506663737,22509244,51.42,17.11230500,0
1506663724,22509231,51.42,22.09159859,0
1506663689,22509193,51.41,0.19230800,0
1506663674,22509169,51.40,19.60614000,0
1506663616,22509051,51.44,97.46306376,0
1506663616,22509048,51.43,15.40000000,1
1506663615,22509043,51.35,8.00000000,1
1506663607,22509031,51.17,2.20253429,0
1506663607,22509029,51.17,0.20000000,0
1506663563,22508971,50.99,4.28836000,1
1506663454,22508861,51.14,5.00000000,0
1506663453,22508859,50.90,5.70868017,1
1506663330,22508797,50.95,8.96247367,1
1506663146,22508658,50.95,57.15477198,1
1506663144,22508657,51.00,6.98000000,1
1506663123,22508650,51.02,56.48546667,1
1506662963,22508567,51.14,8.00548952,1
1506662812,22508477,51.36,5.81021300,0
1506662775,22508416,51.38,0.75064180,1
1506662774,22508415,51.36,14.86000000,0
1506662749,22508398,51.22,1.99000000,1
1506662738,22508389,51.26,1.13951000,0
1506662731,22508388,51.26,0.83136607,0
1506662728,22508386,51.43,18.39270935,1
1506662726,22508384,51.26,4.90000000,0
1506662709,22508356,51.26,0.83136607,0
1506662709,22508355,51.26,10.42000000,0
1506662709,22508354,51.25,4.36919524,0
1506662705,22508346,51.25,1.61080476,0
1506662694,22508323,51.06,1.62099053,0
1506662694,22508321,51.02,0.45513000,0
1506662672,22508312,51.04,8.76892661,0
1506662660,22508298,51.03,6.85163470,0
1506662602,22508226,51.01,15.62056131,0
1506662555,22508169,51.02,15.62056131,0
1506662544,22508135,50.77,2.70072202,1
1506662489,22508063,50.73,7.67424418,1
1506662489,22508062,50.76,1.00000000,1
1506662489,22508061,50.78,1.62099053,1
1506662489,22508060,50.79,29.70476529,1
1506662466,22507989,50.79,40.00000000,0
1506662322,22507654,51.15,12.00000000,1
1506662300,22507590,51.23,10.00000000,1
1506662294,22507578,51.23,15.92443500,0
1506662260,22507533,51.31,23.50000000,0
1506662254,22507517,51.31,0.38535600,0
1506662250,22507509,51.31,0.19020900,0
1506662224,22507474,51.59,12.59000000,0
1506662224,22507473,51.59,3.16000000,0
1506662202,22507437,51.30,5.00000000,0
1506662200,22507434,51.61,14.86000000,1
1506662199,22507433,51.61,14.86000000,1
1506662078,22507343,51.76,0.50000000,0
1506661883,22507184,51.78,39.53686711,1
1506661719,22507062,51.84,1.00316000,1
1506661531,22506907,51.85,19.75000000,0
1506661376,22506837,51.78,1.99980728,1
1506661343,22506832,51.79,22.35143607,0
1506661330,22506827,51.79,33.75000000,0
1506661320,22506825,51.79,23.69000000,1
1506661260,22506793,51.94,17.50000000,0
1506661249,22506788,51.97,12.25000000,1
1506661169,22506766,52.02,1.15186467,0
1506661155,22506760,52.00,10.00000000,0
1506660863,22506592,51.74,1.83000000,0
1506660851,22506581,51.75,66.25373400,0
1506660843,22506570,51.74,2.18000000,0
1506660840,22506565,51.74,1.59548589,0
1506660837,22506564,51.74,22.12138700,0
1506660837,22506563,51.74,38.72085600,0
1506660834,22506561,51.53,10.31575392,0
1506660834,22506556,51.57,161.17400000,1
1506660832,22506553,51.75,6.43788223,0
1506660832,22506552,51.74,2.58000000,0
1506660832,22506551,51.72,1.60276077,0
1506660815,22506545,51.71,3.25400000,0
1506660804,22506537,51.47,1.11144193,0
1506660804,22506536,51.47,9.16471200,0
1506660784,22506523,51.47,1.11144200,0
1506660780,22506520,51.47,8.51184600,0
1506660773,22506516,51.47,1.76430800,0
1506660772,22506515,51.47,9.62328800,0
1506660769,22506513,51.47,19.89944200,0
1506660692,22506444,51.34,9.94000000,1
1506660692,22506443,51.35,30.06000000,1
1506660673,22506422,51.33,9.72536565,1
1506660659,22506404,51.58,27.54438000,0
1506660654,22506400,51.33,14.40000000,1
1506660651,22506394,51.34,21.25846655,0
1506660650,22506393,51.34,1.00000000,0
1506660617,22506364,51.34,14.86000000,0
1506660604,22506354,51.34,1.27877268,1
1506660604,22506353,51.43,1.60276077,1
1506660593,22506347,51.44,11.22613000,1
1506660513,22506288,51.50,12.34116504,0
1506660503,22506275,51.50,12.33864077,0
1506660252,22506050,51.55,3.10376737,1
1506660252,22506049,51.70,6.01815362,1
1506660234,22506040,51.70,3.18184638,1
1506660010,22505892,51.72,68.66144749,0
1506660010,22505890,51.72,14.86000000,0
1506660009,22505889,51.85,47.64588659,1
1506660009,22505887,51.86,39.11266592,1
1506660008,22505886,51.87,14.86000000,0
1506660007,22505883,51.87,14.86000000,1
1506659611,22505641,51.99,6.10754700,1
1506659604,22505627,51.99,4.97439939,1
1506659593,22505625,51.99,1.10455170,1
1506659410,22505503,51.90,10.89758100,1
1506659391,22505468,51.90,6.54000000,1
1506659391,22505467,52.01,8.29009790,1
1506659383,22505461,51.90,6.56990210,0
1506659376,22505455,51.90,4.00000000,1
1506659376,22505454,52.00,12.00000000,1
1506659376,22505453,52.01,14.86000000,1
1506659013,22505207,52.29,7.91750000,0
1506659013,22505206,52.29,7.91750000,0
1506659012,22505205,52.29,7.91750000,0
1506659012,22505204,52.29,0.00004863,0
1506659011,22505203,52.29,7.91745137,1
1506659004,22505201,52.31,1.57522668,0
1506658998,22505194,52.29,1.58750846,0
1506658873,22505086,52.20,29.69000000,0
1506658784,22505011,52.17,67.87225100,0
1506658771,22504991,52.17,10.84402100,0
1506658584,22504781,52.03,19.31454700,0
1506658584,22504780,52.03,1.03021972,0
1506658584,22504779,52.03,11.24145300,0
1506658584,22504778,52.00,0.21284413,0
1506658487,22504701,51.98,5.73233083,1
1506658155,22504415,52.22,1.58082037,0
1506658143,22504388,52.26,41.15756484,0
1506658143,22504387,52.23,0.31754016,0
1506658143,22504386,52.22,4.09000000,0
1506658138,22504375,52.23,1.26670500,0
1506658115,22504336,52.22,18.21212400,0
1506658082,22504303,52.17,13.13551850,0
1506658077,22504301,52.12,3.00000000,0
1506658065,22504292,52.00,1.58750846,0
1506658063,22504291,51.86,0.00000008,0
1506658044,22504275,51.86,1.60046700,0
1506658028,22504260,51.69,4.09328512,0
1506658023,22504256,51.69,1.56000000,1
1506657985,22504127,51.76,2.00000000,1
1506657976,22504108,51.76,2.00000000,1
1506657943,22504047,51.68,3.57000000,1
1506657941,22504043,51.71,10.57009790,0
1506657941,22504042,51.68,4.44083432,0
1506657940,22504039,51.68,0.60916568,0
1506657936,22504034,51.68,1.48000000,0
1506657935,22504029,51.58,5.77953292,0
1506657929,22504024,51.58,1.60046708,0
1506657924,22504014,51.59,1.60720600,0
1506657924,22504011,51.58,7.38000000,0
1506657923,22504010,51.57,47.24995500,1
1506657915,22503988,51.51,0.99000000,0
1506657814,22503877,51.57,15.62029070,0
1506657788,22503850,51.56,15.62056127,1
1506657752,22503756,51.39,7.77956700,0
1506657736,22503745,51.39,7.16676396,1
1506657663,22503626,51.44,18.18696700,1
1506657662,22503625,51.44,63.30698400,1
1506657662,22503624,51.44,3.52700200,1
1506657662,22503623,51.44,3.55476600,1
1506657657,22503611,51.36,22.04021600,1
1506657646,22503596,51.37,7.54000000,0
1506657645,22503591,51.31,29.59440000,1
1506657610,22503525,51.09,12.97308041,0
1506657608,22503519,51.36,2.24117903,0
1506657524,22503389,51.11,38.58242900,0
1506657490,22503331,50.92,2.21000000,0
1506657490,22503330,50.91,11.06000000,0
1506657443,22503282,50.64,5.34517936,0
1506657442,22503281,50.64,7.92482064,0
1506657428,22503251,50.65,81.12697300,0
1506657428,22503250,50.64,15.77000000,0
1506657428,22503249,50.60,0.00000500,0
1506657423,22503238,50.60,12.04999500,0
1506657339,22503080,50.50,4.46619716,1
1506657335,22503067,50.50,26.84906100,1
1506657333,22503059,50.50,7.50000000,1
1506657332,22503058,50.50,46.72435700,1
1506657331,22503046,50.50,15.04842000,1
1506657324,22503013,50.50,0.14676594,1
1506657324,22503012,50.50,15.00000000,1
1506657324,22503011,50.51,9.24000000,1
1506657324,22503009,50.51,1.00000000,1
1506657324,22503008,50.53,2.64703690,1
1506657301,22502986,50.72,12.68100000,0
1506657287,22502976,50.64,28.15600000,0
1506657094,22502740,50.51,11.99080444,1
1506657073,22502691,50.73,1.00000000,0
1506657072,22502684,50.51,18.59795471,1
1506657053,22502649,50.71,45.63200000,0
1506657043,22502630,50.71,6.00000000,0
1506657036,22502610,50.65,0.00008657,1
1506657036,22502609,50.65,14.58944809,0
1506657035,22502606,50.62,1.00000000,1
1506657035,22502605,50.62,3.00000000,1
1506657034,22502603,50.68,5.00000000,1
1506657034,22502602,50.69,1.00000000,1
1506657034,22502601,50.73,1.00000000,1
1506657033,22502600,50.78,0.14260000,1
1506657030,22502596,50.80,2.05749509,1
1506657030,22502595,50.81,1.96319622,0
1506657029,22502593,50.80,50.86017200,1
1506657024,22502587,50.80,13.71686755,1
1506657024,22502586,50.80,4.69368436,1
1506657021,22502582,50.80,2.00000000,1
1506657017,22502576,50.83,48.39599200,0
1506657016,22502575,50.80,2.00000000,1
1506657008,22502567,50.80,2.00000000,1
1506657006,22502565,50.80,48.70747800,1
1506657006,22502564,50.80,123.82148400,1
1506657005,22502563,50.80,128.48000000,1
1506657003,22502562,50.80,40.00000000,1
1506657002,22502561,50.80,2.00000000,1
1506657000,22502559,50.80,50.00000000,1
1506656998,22502553,50.80,0.19920300,1
1506656997,22502548,50.80,2.00000000,1
1506656996,22502542,50.80,274.90501500,1
1506656995,22502540,50.80,0.39840600,1
1506656995,22502538,50.80,9.53302700,1
1506656994,22502537,50.80,0.39000000,1
1506656993,22502535,50.80,37.00000000,1
1506656993,22502533,50.80,165.25900000,1
1506656990,22502525,50.80,67.99107700,1
1506656988,22502518,50.80,4.68993200,1
1506656985,22502494,50.80,2.87665400,1
1506656981,22502474,50.80,186.66808200,1
1506656979,22502470,50.80,1.26377300,1
1506656978,22502469,50.80,0.19920300,1
1506656977,22502468,50.80,62.48300000,1
1506656974,22502465,50.80,1.93632200,1
1506656973,22502464,50.80,0.19920300,1
1506656968,22502455,50.80,17.75700000,1
1506656966,22502451,50.80,1.73000000,1
1506656966,22502450,50.80,1.00000000,1
1506656965,22502449,50.80,28.12953041,1
1506656965,22502448,50.80,5.91895600,1
1506656964,22502446,50.80,19.13312200,1
1506656962,22502443,50.80,0.18528400,1
1506656961,22502437,50.80,0.19920300,1
1506656960,22502433,50.80,0.87503800,1
1506656960,22502432,50.80,14.86000000,1
1506656957,22502427,50.80,0.53142800,1
1506656957,22502422,50.80,4.50000000,1
1506656957,22502420,50.80,37.75000000,1
1506656956,22502415,50.80,0.19920300,1
1506656955,22502410,50.80,0.19920400,1
1506656955,22502404,50.80,0.53174100,1
1506656951,22502396,50.80,11.87046959,1
1506656936,22502358,50.80,62.49480000,1
1506656928,22502331,50.80,108.50000000,1
1506656918,22502321,50.80,45.20310800,1
1506656915,22502313,50.80,1.03920300,1
1506656914,22502311,50.80,0.19920300,1
1506656913,22502310,50.91,1.42141175,0
1506656911,22502309,50.93,1.75405470,0
1506656911,22502308,50.87,2.00594530,0
1506656908,22502299,50.80,4.00000000,1
1506656904,22502285,50.80,1.53296800,1
1506656901,22502281,50.80,3.78273400,1
1506656896,22502273,50.80,287.00000000,1
1506656892,22502267,50.80,0.13426600,1
1506656882,22502255,50.80,35.83296767,1
1506656876,22502247,50.80,0.83723047,1
1506656874,22502236,50.80,3.32980186,1
1506656856,22502208,50.80,2.00000000,1
1506656855,22502204,50.80,5.74443800,1
1506656853,22502199,50.80,4.67002300,1
1506656849,22502196,50.82,3.00000000,1
1506656848,22502195,50.84,6.11913497,1
1506656848,22502194,50.87,1.01155700,1
1506656840,22502181,50.94,1.42091836,0
1506656838,22502179,50.94,1.42229199,0
1506656837,22502178,50.94,1.42276067,0
1506656837,22502177,50.94,3.87637362,0
1506656832,22502164,50.94,1.01020808,0
1506656820,22502115,50.85,14.86000000,1
1506656819,22502112,50.87,1.01156201,0
1506656819,22502111,50.87,1.84715071,0
1506656819,22502110,50.87,2.14128728,0
1506656810,22502081,50.85,0.30714723,1
1506656808,22502076,50.86,0.12000000,1
1506656802,22502066,50.90,5.00000000,1
1506656801,22502065,50.90,8.65000000,1
1506656793,22502060,50.90,14.25000000,1
1506656772,22502039,50.91,105.10000000,1
1506656772,22502037,50.94,10.40000000,1
1506656768,22502034,50.96,6.43640501,1
1506656767,22502033,50.96,1.84715071,0
1506656766,22502032,50.94,13.01000000,1
1506656765,22502029,50.96,3.88284929,0
1506656759,22502023,50.93,24.25000000,1
1506656753,22502014,51.11,2.85000000,0
1506656753,22502012,51.11,2.88025000,0
1506656748,22502005,51.03,3.27900500,0
1506656748,22502004,51.03,4.97099500,0
1506656723,22501990,51.11,7.09900000,0
1506656721,22501988,51.11,2.03075000,0
1506656718,22501987,51.11,2.85000000,1
1506656718,22501986,51.11,14.86000000,1
1506656684,22501948,51.14,21.75900000,0
1506656684,22501946,51.18,95.99100000,1
1506656681,22501941,51.19,0.98600000,1
1506656658,22501887,51.29,7.58422500,0
1506656640,22501877,51.32,1.16621200,1
1506656533,22501667,51.13,13.66124568,0
1506656528,22501657,51.13,1.94956780,0
1506656527,22501651,51.10,113.17795800,0
1506656520,22501638,51.01,34.67497700,0
1506656519,22501637,51.01,1.43444300,0
1506656512,22501618,50.94,100.00000000,0
1506656512,22501613,50.94,11.83191524,0
1506656503,22501592,51.01,49.41100000,0
1506656502,22501591,50.96,4.00000000,0
1506656497,22501580,51.01,28.47958000,0
1506656458,22501413,51.15,0.20000000,0
1506656451,22501392,51.10,1.55000000,0
1506656450,22501382,51.15,0.20000000,1
1506656446,22501371,51.10,100.00000000,0
1506656444,22501369,51.01,17.44451000,0
1506656443,22501368,51.01,1.67449000,0
1506656443,22501363,51.01,1.55000000,0
1506656439,22501356,51.00,56.75568324,0
1506656439,22501355,51.00,20.68616448,0
1506656438,22501353,51.00,18.40000000,1
1506656438,22501352,51.09,17.15815228,1
1506656351,22501218,51.34,15.62056101,0
1506656351,22501217,51.24,0.00000030,0
1506656351,22501216,51.24,8.60001170,1
1506656343,22501192,51.24,5.92998830,1
1506656293,22501094,51.54,5.06560347,0
1506656292,22501093,51.55,10.55495784,0
1506656266,22501050,51.36,34.47580100,0
1506656265,22501049,51.36,15.91409900,1
1506656245,22501018,51.36,7.88420000,1
1506656218,22500967,51.53,5.72713200,0
1506656208,22500959,51.54,4.50000000,0
1506656206,22500955,51.54,0.35234600,0
1506656198,22500948,51.54,3.06000000,0
1506656198,22500947,51.53,7.44000000,0
1506656189,22500937,51.54,10.50000000,0
1506656187,22500933,51.53,40.00000000,0
1506656187,22500930,51.53,6.78056131,0
1506656187,22500929,51.53,8.84000000,0
1506656180,22500913,51.52,10.50000000,0
1506656167,22500903,51.36,2.78850000,1
1506656157,22500894,51.30,39.53070000,1
1506656150,22500882,51.47,24.26854000,0
1506656149,22500876,51.45,2.59000000,0
1506656148,22500874,51.44,8.51390600,0
1506656148,22500873,51.32,1.96000000,0
1506656146,22500868,51.32,11.00000000,0
1506656136,22500849,51.31,15.40000000,0
1506656136,22500848,51.24,56.82000000,0
1506656135,22500847,51.25,5.50413800,1
1506656133,22500842,51.25,0.46930000,0
1506656122,22500827,51.24,0.20000000,0
1506656065,22500744,51.42,50.00000000,1
1506656036,22500706,51.54,1.33996100,0
1506656023,22500663,51.44,50.00000000,1
1506656023,22500662,51.44,50.00000000,1
1506656023,22500661,51.44,16.97691800,1
1506656010,22500599,51.44,25.60308200,1
1506655986,22500442,51.53,1.25000000,0
1506655985,22500437,51.53,6.26000000,0
1506655973,22500343,51.55,1.41000000,0
1506655972,22500329,51.48,7.06000000,0
1506655971,22500324,51.48,15.59818555,0
1506655969,22500308,51.44,1.00000000,1
1506655964,22500284,51.55,31.83518571,0
1506655964,22500277,51.44,1.00000000,1
1506655963,22500273,51.55,57.02000000,0
1506655962,22500267,51.44,5.42000000,1
1506655962,22500266,51.45,49.00000000,1
1506655962,22500264,51.48,2.82000000,1
1506655961,22500261,51.48,112.18000000,0
1506655961,22500260,51.48,1.82000000,0
1506655960,22500254,51.41,1.00000000,0
1506655960,22500252,51.40,9.07000000,0
1506655959,22500245,50.92,62.52201136,0
1506655959,22500243,50.96,1.00000000,0
1506655958,22500236,50.99,1.00000000,0
1506655958,22500234,50.99,15.00000000,0
1506655958,22500231,50.99,0.20000000,0
1506655957,22500226,51.00,20.00000000,1
1506655957,22500224,51.00,3.00000000,1
1506655957,22500222,51.00,3.00000000,1
1506655957,22500220,51.00,9.77362490,1
1506655957,22500216,51.14,0.59660724,0
1506655956,22500211,51.14,47.00775650,0
1506655955,22500201,51.00,18.80298980,1
1506655954,22500197,51.00,1.60793088,1
1506655954,22500193,51.00,192.40000000,0
1506655954,22500190,51.00,8.24087400,0
1506655954,22500188,51.00,88.69005200,0
1506655954,22500186,51.00,4.00000000,0
1506655954,22500183,51.00,19.10000000,0
1506655954,22500181,51.00,25.58400000,0
1506655953,22500178,51.00,30.00000000,0
1506655953,22500177,51.00,28.40000000,0
1506655953,22500175,51.00,42.38009500,0
1506655953,22500174,51.00,1.50000000,0
1506655953,22500173,51.00,9.28876500,0
1506655953,22500172,51.00,1.10000000,0
1506655953,22500170,51.00,27.00000000,0
1506655953,22500168,51.00,97.93405200,0
1506655952,22500166,51.00,57.17793300,0
1506655952,22500164,51.00,11.58404000,0
1506655952,22500163,51.00,2.05000000,0
1506655950,22500143,51.01,1.00000000,0
1506655950,22500141,51.01,1.00000000,1
1506655950,22500140,51.01,4.76873513,0
1506655950,22500138,51.01,10.22000000,0
1506655949,22500137,51.02,1.00000000,1
1506655949,22500136,51.02,3.00000000,1
1506655949,22500134,51.04,2.68000000,0
1506655949,22500133,51.04,6.61958500,0
1506655948,22500132,51.04,11.94087000,0
1506655948,22500131,51.04,30.48157900,0
1506655948,22500129,51.04,10.79189000,0
1506655948,22500128,51.04,27.15761200,0
1506655948,22500127,51.04,60.15373800,0
1506655948,22500126,51.04,14.05633300,0
1506655948,22500124,51.04,12.22239100,0
1506655947,22500120,51.05,1.00000000,1
1506655946,22500119,51.15,0.14160000,1
1506655946,22500118,51.15,76.84048500,0
1506655946,22500116,51.15,50.02271000,0
1506655946,22500115,51.15,1.22384200,0
1506655946,22500113,51.15,22.52500000,0
1506655946,22500112,51.15,3.74000000,0
1506655946,22500111,51.15,1.72069900,0
1506655946,22500110,51.15,4.16979000,0
1506655945,22500101,51.22,3.00000000,1
1506655944,22500099,51.23,562.89013764,1
1506655944,22500098,51.23,20.00000000,0
1506655944,22500096,51.23,25.00000000,0
1506655944,22500095,51.23,15.00000000,0
1506655944,22500094,51.23,2.21595724,0
1506655944,22500093,51.23,206.00000000,0
1506655943,22500089,51.24,1.60720600,0
1506655943,22500087,51.24,0.20000000,0
1506655942,22500081,51.30,2.05104831,0
1506655942,22500079,51.30,25.71806000,0
1506655941,22500076,51.30,111.00000000,0
1506655941,22500075,51.23,48.90986234,1
1506655940,22500074,51.30,109.00000000,1
1506655940,22500073,51.30,21.00000000,1
1506655940,22500072,51.30,12.00000000,1
1506655940,22500070,51.39,126.00000000,1
1506655939,22500067,51.42,3.00000000,1
1506655939,22500065,51.44,2.53000000,1
1506655939,22500064,51.44,1.00000000,1
1506655939,22500063,51.44,118.00000000,0
1506655938,22500059,51.45,58.56013766,1
1506655938,22500058,51.45,168.25142047,1
1506655938,22500056,51.46,101.00000000,1
1506655937,22500051,51.48,114.00000000,1
1506655937,22500049,51.57,2.31000000,1
1506655937,22500047,51.60,57.03857953,1
1506655936,22500042,51.67,45.87000000,0
1506655935,22500038,51.67,11.53000000,1
1506655929,22500018,51.66,129.35746116,1
1506655929,22500017,51.67,73.98778240,0
1506655927,22500010,51.80,2.50000000,1
1506655880,22499765,51.97,15.59818555,0
1506655847,22499746,51.80,11.37136625,0
1506655844,22499742,51.80,15.59818555,0
1506655840,22499737,51.80,4.00000000,0
1506655838,22499729,51.80,210.00000000,0
1506655837,22499727,51.80,49.08815600,0
1506655837,22499726,51.80,75.57000000,0
1506655831,22499724,51.80,40.87384400,0
1506655827,22499723,51.80,23.85527500,0
1506655814,22499721,51.80,159.58200000,0
1506655813,22499720,51.79,1.77000000,0
1506655811,22499719,51.80,15.59818555,0
1506655810,22499718,51.80,171.59628200,0
1506655810,22499717,51.79,1.48371800,0
1506655809,22499716,51.74,100.07063389,0
1506655807,22499714,51.74,86.24800000,1
1506655807,22499713,51.75,15.00000000,1
1506655801,22499704,51.79,0.62628200,0
1506655796,22499702,51.80,0.70000000,0
1506655795,22499699,51.73,85.14000000,1
1506655795,22499697,51.74,14.86000000,1
1506655791,22499681,51.80,1.17320300,0
1506655791,22499680,51.80,1.55000000,0
1506655787,22499679,51.80,10.02958555,0
1506655787,22499678,51.79,2.50000000,0
1506655786,22499677,51.80,1.55000000,0
1506655781,22499675,51.80,0.08860000,0
1506655781,22499674,51.79,2.98000000,0
1506655744,22499657,51.80,12.06779805,0
1506655744,22499656,51.79,3.54000000,0
1506655731,22499651,51.80,4.19000000,0
1506655730,22499650,51.80,4.19000000,0
1506655728,22499649,51.80,4.19000000,0
1506655728,22499648,51.80,1.00000000,0
1506655727,22499647,51.80,4.19000000,0
1506655726,22499646,51.80,2.01022100,0
1506655726,22499645,51.80,4.19000000,0
1506655724,22499644,51.80,4.19000000,0
1506655723,22499643,51.80,4.19000000,0
1506655722,22499642,51.80,4.19000000,0
1506655722,22499641,51.80,4.19000000,0
1506655721,22499640,51.79,4.20000000,1
1506655720,22499639,51.80,15.60779805,0
1506655718,22499637,51.80,8.37950000,0
1506655685,22499633,51.84,115.28775600,0
1506655673,22499626,51.84,1.00000000,0
1506655660,22499624,51.84,15.62037119,0
1506655633,22499573,51.84,15.62037119,0
1506655633,22499572,51.84,1.00721900,0
1506655628,22499568,51.84,0.78714800,0
1506655511,22499473,51.91,10.63037119,0
1506655511,22499472,51.90,4.99000000,0
1506655464,22499446,51.91,89.59370000,0
1506655458,22499437,51.91,131.70100000,0
1506655457,22499436,51.90,5.93000000,0
1506655448,22499423,51.91,99.69935600,0
1506655442,22499420,51.91,123.49523421,0
1506655442,22499419,51.90,12.80843579,0
1506655437,22499416,51.91,1.58424516,1
1506655437,22499415,51.94,74.04100000,1
1506655437,22499414,52.01,0.06030000,1
1506655426,22499402,51.94,86.17000000,0
1506655385,22499373,51.95,13.83000000,1
1506655365,22499361,52.09,100.58200000,0
1506655365,22499360,52.08,11.24000000,0
1506655363,22499358,52.09,11.24790000,0
1506655362,22499355,52.07,15.31858421,0
1506655346,22499353,52.01,0.57304785,1
1506655199,22499209,52.33,1.47614000,0
1506655199,22499208,52.32,0.00247000,0
1506655197,22499205,52.31,1.38678000,0
1506655197,22499204,52.32,1.42506000,0
1506655196,22499203,52.32,3.02247000,0
1506655186,22499192,52.33,43.89320000,0
1506655172,22499188,52.43,0.02999741,1
1506655165,22499176,52.43,14.85030000,1
1506655134,22499148,52.43,18.84711790,1
1506655064,22499119,52.43,0.93320000,1
1506655034,22499109,52.43,3.97210000,1
1506654961,22499012,52.43,1.36728469,0
1506654960,22499009,52.43,6.12515400,0
1506654944,22499003,52.43,1.36728500,0
1506654941,22499001,52.43,5.61598500,0
1506654938,22499000,52.43,1.87645400,0
1506654931,22498996,52.43,9.03277400,0
1506654922,22498986,52.43,15.99450200,0
1506654840,22498942,52.43,0.74576412,0
1506654839,22498941,52.43,14.87479719,0
1506654716,22498865,52.35,29.51380000,1
1506654716,22498864,52.43,6.06000000,1
1506654711,22498841,52.66,13.36493269,1
1506654711,22498839,52.66,22.27990305,1
1506654710,22498837,52.66,17.07470775,0
1506654710,22498836,52.65,6.28000000,0
1506654569,22498710,52.66,1.56739225,0
1506654563,22498705,52.66,18.64184951,1
1506654562,22498704,52.66,0.00863767,0
1506654536,22498666,52.59,1.24003388,0
1506654534,22498664,52.49,48.08630000,1
1506654507,22498634,52.59,0.33840000,0
1506654493,22498623,52.58,1.63503228,0
1506654479,22498613,52.48,0.33840000,1
1506654432,22498555,52.41,18.98386500,0
1506654412,22498534,52.48,9.43172915,1
1506654412,22498533,52.35,2.19000000,0
1506654410,22498532,52.31,10.94000000,0
1506654405,22498499,52.30,1.57843388,1
1506654401,22498498,52.05,0.00000028,0
1506654397,22498496,52.05,1.59489000,0
1506654386,22498476,52.00,0.03569400,0
1506654372,22498433,52.00,2.30507000,0
1506654371,22498430,52.00,6.68950000,0
1506654361,22498421,52.00,2.00000000,0
1506654360,22498420,52.00,8.58896500,0
1506654352,22498410,52.00,5.38077100,0
1506654348,22498407,51.85,0.00000018,0
1506654340,22498397,51.85,1.55445100,0
1506654331,22498379,51.85,16.31600000,0
1506654302,22498353,51.90,1.16215455,0
1506654210,22498315,51.80,2.00000000,1
1506654197,22498310,51.80,2.00000000,1
1506654188,22498303,51.80,2.00000000,1
1506654168,22498291,52.00,6.10997366,1
1506654168,22498290,52.00,2.00000000,1
1506654158,22498286,52.00,2.00000000,1
1506654155,22498284,52.00,1.85874500,1
1506654146,22498277,52.00,10.11014200,1
1506654132,22498258,52.00,2.00000000,1
1506654129,22498256,52.00,9.96888700,1
1506654095,22498214,52.00,1.99000000,1
1506654079,22498200,51.93,2.00000000,1
1506654076,22498197,51.93,5.50000000,1
1506654061,22498182,51.93,2.00000000,1
1506654035,22498139,51.93,2.00000000,1
1506654025,22498128,51.93,1.05303647,1
1506654025,22498127,52.00,0.94696353,1
1506654025,22498126,52.00,229.05303647,0
1506654016,22498113,52.00,15.62056131,0
1506654009,22498111,52.00,0.73784100,0
1506653942,22498072,51.93,2.00000000,1
1506653868,22498001,51.92,2.00000000,1
1506653862,22497992,51.82,2.00000000,1
1506653855,22497990,51.74,2.00000000,1
1506653847,22497985,51.79,1.01836999,0
1506653846,22497984,51.79,2.76949100,0
1506653842,22497975,51.73,2.30690000,1
1506653842,22497974,51.78,8.77000000,1
1506653829,22497970,51.82,1.99000000,1
1506653828,22497968,51.83,1.98610000,1
1506653814,22497946,51.94,2.00000000,1
1506653808,22497940,51.94,2.00000000,1
1506653802,22497931,51.93,2.00000000,1
1506653790,22497923,51.93,2.00000000,1
1506653785,22497918,51.82,2.00000000,1
1506653782,22497912,52.03,1.98556000,0
1506653782,22497911,51.98,2.62891000,0
1506653782,22497910,51.98,7.97109000,0
1506653768,22497902,51.68,12.09878680,1
1506653768,22497901,51.69,126.00000000,1
1506653768,22497899,51.69,31.49000000,1
1506653768,22497898,51.70,15.00000000,1
1506653732,22497853,51.78,2.00000000,1
1506653724,22497838,51.78,2.00000000,1
1506653718,22497830,51.78,2.00000000,1
1506653713,22497828,51.78,2.00000000,1
1506653707,22497823,51.78,2.00000000,1
1506653702,22497819,51.78,2.00000000,1
1506653696,22497812,51.79,2.00000000,1
1506653691,22497810,51.79,2.00000000,1
1506653686,22497804,51.79,2.00000000,1
1506653656,22497788,51.99,15.62056131,1
1506653647,22497782,51.79,0.68870000,1
1506653632,22497766,51.79,18.39320000,1
1506653614,22497760,51.79,2.00000000,1
1506653594,22497748,51.99,1.41056131,0
1506653594,22497747,51.99,14.21000000,0
1506653592,22497745,51.75,102.41510972,0
1506653592,22497744,51.75,50.00000000,0
1506653592,22497743,51.75,50.00000000,0
1506653590,22497741,51.75,1.59489028,0
1506653588,22497739,51.85,132.99000000,1
1506653583,22497733,51.85,2.00000000,1
1506653569,22497714,51.83,6.01000000,0
1506653568,22497713,51.86,2.99000000,1
1506653568,22497712,51.86,2.00000000,1
1506653549,22497689,51.87,5.50000000,1
1506653541,22497681,51.92,24.50000000,0
1506653531,22497666,52.00,2.00000000,1
1506653526,22497660,51.95,2.00000000,1
1506653520,22497652,51.95,1.99000000,1
1506653495,22497634,52.08,8.25000000,1
1506653488,22497626,51.86,2.00000000,1
1506653484,22497624,51.86,2.00000000,1
1506653479,22497620,51.86,2.00000000,1
1506653472,22497616,51.85,2.00000000,1
1506653465,22497606,51.85,2.00000000,1
1506653459,22497601,51.86,2.00000000,1
1506653454,22497598,51.86,2.00000000,1
1506653450,22497593,51.86,4.00000000,0
1506653449,22497592,51.85,8.25000000,1
1506653443,22497587,51.85,2.00000000,1
1506653433,22497578,51.85,2.00000000,1
1506653427,22497568,51.86,1.98000000,1
1506653425,22497566,51.86,31.87000000,0
1506653424,22497563,51.86,8.13000000,0
1506653355,22497502,51.98,1.98000000,1
1506653313,22497382,52.19,7.23845500,1
1506653309,22497378,52.19,13.34747800,1
1506653307,22497377,52.19,1.93000000,1
1506653304,22497370,52.19,2.84302400,1
1506653303,22497367,52.22,4.04897900,1
1506653300,22497364,52.22,9.00000000,1
1506653296,22497353,52.22,1.80000000,1
1506653286,22497339,52.27,0.20651629,0
1506653283,22497336,52.27,31.00000000,1
1506653280,22497332,52.27,2.00000000,1
1506653278,22497331,52.27,23.14995900,1
1506653237,22497285,52.26,53.31403700,1
1506653236,22497280,52.26,40.00000000,1
1506653199,22497224,52.25,15.61904118,0
1506653190,22497219,52.22,10.51000000,1
1506653176,22497206,52.26,13.00000000,0
1506653172,22497204,52.27,25.35901100,0
1506653166,22497195,52.30,19.03260573,1
1506653162,22497188,52.49,10.67757042,1
1506653160,22497186,52.49,26.34242958,1
1506653160,22497184,52.49,5.02000000,1
1506653157,22497178,52.49,1.99000000,1
1506653155,22497177,52.49,5.97000000,0
1506653140,22497170,52.50,0.37657142,0
1506653138,22497165,52.49,9.13000000,0
1506653133,22497157,52.50,67.07483500,0
1506653133,22497156,52.49,10.85000000,0
1506653128,22497151,52.37,2.00000000,1
1506653122,22497142,52.31,50.00000000,1
1506653122,22497140,52.31,2.00000000,1
1506653111,22497130,52.32,1.99000000,1
1506653083,22497081,52.51,2.84936203,0
1506653060,22497051,52.35,10.82268468,0
1506653038,22496960,52.32,15.62056100,1
1506653009,22496903,52.34,1.57631226,0
1506653001,22496887,52.22,1.58971199,0
1506652996,22496880,52.06,40.00000000,1
1506652916,22496694,51.86,20.49911127,0
1506652902,22496659,51.80,2.00000000,1
1506652901,22496658,51.80,5.53372000,1
1506652891,22496630,51.86,11.00000000,0
1506652891,22496626,51.79,0.25774799,1
1506652887,22496613,51.59,1.00000000,0
1506652871,22496585,51.57,1.00000000,0
1506652867,22496577,51.46,20.00000000,1
1506652861,22496553,51.51,21.71210350,0
1506652859,22496550,51.46,18.03014851,0
1506652850,22496524,51.45,17.18844187,1
1506652850,22496523,51.46,79.82232213,1
1506652849,22496518,51.46,24.49073159,1
1506652849,22496517,51.50,6.63526841,1
1506652841,22496495,51.50,10.39162700,1
1506652834,22496478,51.50,18.10000000,1
1506652832,22496474,51.50,0.87310459,1
1506652832,22496473,51.50,1.00000000,1
1506652831,22496472,51.51,1.00000000,1
1506652831,22496471,51.52,18.05778641,1
1506652829,22496466,51.52,31.94221359,1
1506652829,22496462,51.53,0.14060000,1
1506652829,22496459,51.55,13.37672841,1
1506652826,22496453,51.55,5.93677300,1
1506652825,22496449,51.55,77.13485000,1
1506652824,22496447,51.55,4.71757409,1
1506652824,22496444,51.55,48.89066000,1
1506652822,22496440,51.55,1.46038100,1
1506652821,22496426,51.55,0.25774799,1
1506652820,22496421,51.55,18.03014851,1
1506652820,22496420,51.55,19.41844000,1
1506652819,22496416,51.55,17.37556000,1
1506652818,22496413,51.55,11.58156000,1
1506652816,22496407,51.55,0.70685000,1
1506652812,22496396,51.55,24.33573500,1
1506652809,22496389,51.55,0.77699200,1
1506652800,22496378,51.77,4.53061619,0
1506652800,22496376,51.75,1.00000000,0
1506652797,22496366,51.57,16.32961951,0
1506652789,22496354,51.65,1.95827699,0
1506652774,22496318,51.57,42.63761023,1
1506652774,22496317,51.57,0.24240779,1
1506652774,22496316,51.62,3.00000000,1
1506652774,22496315,51.65,14.67094598,1
1506652772,22496313,51.65,28.93764800,1
1506652770,22496304,51.65,26.10413900,1
1506652766,22496276,51.76,2.54719700,1
1506652762,22496270,51.67,0.51288778,0
1506652762,22496269,51.67,14.34711222,0
1506652761,22496268,51.67,8.81038049,0
1506652757,22496252,51.65,141.97995000,1
1506652755,22496247,51.71,13.26975951,1
1506652751,22496239,51.76,1.00000000,0
1506652751,22496238,51.65,12.89997000,1
1506652750,22496237,51.71,14.86000000,0
1506652747,22496223,51.71,13.26975951,0
1506652743,22496209,51.65,9.28281553,1
1506652743,22496208,51.71,5.97534713,1
1506652741,22496201,51.65,10.12453149,1
1506652741,22496200,51.71,7.29951851,1
1506652740,22496198,51.71,2.91038100,1
1506652738,22496194,51.71,3.05986000,1
1506652735,22496185,51.71,1.27730768,0
1506652734,22496182,51.71,5.66662000,0
1506652731,22496169,51.71,0.99930048,0
1506652727,22496157,51.78,5.52360096,0
1506652727,22496155,51.76,1.00000000,0
1506652726,22496154,51.68,4.66139904,0
1506652726,22496151,51.66,9.20000000,1
1506652725,22496145,51.68,0.99930048,0
1506652723,22496129,51.68,0.20000000,0
1506652720,22496113,51.71,0.99930048,1
1506652719,22496097,51.79,6.86365384,0
1506652718,22496096,51.74,1.00000000,0
1506652718,22496095,51.71,1.00000000,0
1506652711,22496058,51.72,36.94014000,0
1506652707,22496034,51.68,25.66011500,1
1506652703,22496017,51.68,30.43632120,1
1506652703,22496014,51.70,1.00000000,1
1506652703,22496012,51.71,0.59130000,1
1506652703,22496010,51.71,5.60816380,1
1506652694,22495954,51.71,48.67689313,0
1506652693,22495952,51.75,244.00000000,1
1506652693,22495950,51.82,3.00000000,1
1506652691,22495948,51.85,4.32310687,1
1506652689,22495942,51.85,22.65641900,1
1506652687,22495936,51.85,9.62355648,1
1506652687,22495935,51.86,24.21428852,1
1506652667,22495855,51.92,0.65512200,0
1506652664,22495843,51.86,144.46576600,1
1506652661,22495829,51.86,28.42536848,1
1506652660,22495826,51.86,28.89457700,1
1506652660,22495823,51.90,0.13960000,1
1506652656,22495815,51.92,1.30772900,1
1506652655,22495813,51.92,8.69227100,1
1506652655,22495812,51.92,75.39000000,1
1506652650,22495802,52.00,3.14758844,0
1506652650,22495801,51.95,3.05986000,0
1506652650,22495799,51.93,12.41028801,0
1506652645,22495788,51.93,1.58971199,0
1506652644,22495777,51.96,1.00000000,1
1506652640,22495757,52.00,119.83612900,0
1506652638,22495746,52.00,1.29892600,0
1506652638,22495744,52.00,1.86500000,0
1506652637,22495743,52.00,19.02299800,0
1506652637,22495742,52.00,3.44228478,0
1506652636,22495740,52.00,16.55983100,0
1506652636,22495739,52.00,75.12524800,0
1506652636,22495738,52.00,54.72355800,0
1506652634,22495732,52.00,83.75780400,0
1506652634,22495731,52.00,8.93032500,0
1506652634,22495729,52.00,17.95601600,0
1506652633,22495728,52.00,1.08000000,0
1506652633,22495726,51.92,68.61000000,1
1506652632,22495724,51.97,1.00000000,0
1506652632,22495723,51.97,5.39000000,0
1506652632,22495721,51.99,1.00000000,0
1506652629,22495708,52.00,1.00000000,0
1506652629,22495704,52.00,1.00000000,0
1506652628,22495701,52.00,327.41487067,1
1506652628,22495700,52.00,9.00000000,1
1506652628,22495698,52.00,2.00000000,1
1506652628,22495696,52.00,478.00000000,1
1506652628,22495695,52.00,5.00000000,1
1506652627,22495694,52.00,10.00000000,1
1506652627,22495693,52.00,2.00000000,1
1506652627,22495691,52.00,5.00000000,1
1506652627,22495689,52.02,3.00000000,1
1506652627,22495687,52.06,1.00000000,1
1506652627,22495686,52.07,1.00000000,1
1506652627,22495685,52.09,1.00000000,1
1506652626,22495684,52.11,1.48000000,1
1506652626,22495682,52.12,144.00000000,1
1506652626,22495681,52.20,7.00000000,1
1506652626,22495679,52.22,200.00000000,1
1506652626,22495678,52.22,1.00000000,1
1506652626,22495676,52.22,3.00000000,1
1506652626,22495675,52.23,302.69969749,1
1506652626,22495672,52.24,7.40000000,1
1506652625,22495671,52.24,144.00000000,1
1506652625,22495667,52.25,155.48870200,1
1506652625,22495664,52.33,1.50372635,0
1506652624,22495661,52.25,20.00000000,1
1506652624,22495657,52.25,47.03189800,1
1506652620,22495644,52.25,13.47940000,1
1506652620,22495641,52.27,5.00000000,1
1506652620,22495638,52.27,0.13860000,1
1506652618,22495623,52.35,13.31147368,1
1506652617,22495619,52.35,3.49412800,1
1506652613,22495610,52.35,2.77898100,1
1506652612,22495606,52.35,2.35961900,1
1506652611,22495605,52.36,5.00000000,0
1506652609,22495598,52.35,21.38200000,1
1506652600,22495568,52.35,6.67379832,1
1506652584,22495509,52.36,1.27503900,1
1506652581,22495495,52.36,5.40054903,1
1506652581,22495493,52.44,48.26386297,1
1506652579,22495478,52.44,11.97106200,1
1506652578,22495475,52.44,30.03605200,1
1506652577,22495470,52.44,19.61113800,1
1506652577,22495469,52.44,10.38886200,1
1506652577,22495467,52.44,3.63486100,1
1506652573,22495459,52.44,0.19305000,1
1506652572,22495456,52.44,4.00000000,1
1506652572,22495455,52.46,1.99899749,0
1506652571,22495452,52.44,7.97106200,1
1506652571,22495451,52.44,8.04372700,1
1506652570,22495450,52.44,15.54607877,1
1506652570,22495449,52.45,1.57250123,1
1506652554,22495397,52.50,9.42557000,1
1506652554,22495394,52.50,7.56276800,1
1506652553,22495392,52.50,3.57723200,1
1506652534,22495310,52.50,42.70870200,1
1506652528,22495249,52.50,123.55416500,1
1506652526,22495233,52.50,13.17156300,1
1506652526,22495231,52.51,1.20102200,1
1506652407,22494949,52.79,7.14470974,1
1506652393,22494935,52.78,3.01751000,1
1506652392,22494932,52.79,4.83223000,1
1506652383,22494920,53.02,1.55562814,0
1506652381,22494913,53.03,7.84763341,1
1506652380,22494912,52.93,0.85955949,0
1506652380,22494911,52.93,0.70550138,0
1506652368,22494899,52.78,4.78175000,1
1506652343,22494868,52.90,2.75607300,1
1506652341,22494867,52.90,3.91798887,1
1506652272,22494788,52.58,1.48225400,0
1506652272,22494787,52.58,2.28223100,0
1506652269,22494776,52.58,1.20045100,0
1506652267,22494772,52.58,0.72791456,0
1506652264,22494768,52.58,39.27208544,0
1506652264,22494765,52.58,10.80000000,0
1506652252,22494753,52.58,10.15214325,0
1506652252,22494752,52.58,11.00570000,0
1506652250,22494748,52.58,40.00000000,0
1506652247,22494744,52.58,45.24362875,0
1506652244,22494733,52.58,11.00532000,0
1506652243,22494727,52.58,18.74267200,0
1506652240,22494724,52.58,14.05560000,0
1506652235,22494712,52.44,6.34024426,1
1506652234,22494711,52.46,78.98099186,1
1506652234,22494708,52.50,3.87865999,1
1506652233,22494707,52.55,12.99010500,0
1506652232,22494699,52.55,161.80999889,1
1506652226,22494694,52.55,12.92323201,1
1506652225,22494692,52.55,10.33588431,1
1506652219,22494679,52.55,16.74088368,1
1506652208,22494640,52.58,4.03000000,0
1506652204,22494619,52.55,8.84518900,1
1506652193,22494598,52.56,139.36406270,1
1506652193,22494597,52.57,75.97905457,1
1506652192,22494590,52.57,9.97396000,1
1506652191,22494586,52.57,19.37075600,1
1506652183,22494549,52.57,42.36989700,1
1506652183,22494547,52.72,4.12411000,1
1506652182,22494541,52.57,23.45254869,1
1506652182,22494539,52.58,0.00000449,1
1506652181,22494532,52.58,2.12122551,0
1506652180,22494530,52.57,8.47900000,1
1506652180,22494528,52.58,2.00000000,0
1506652180,22494524,52.57,1.38988500,1
1506652176,22494496,52.57,12.42622131,1
1506652170,22494458,52.75,4.03000000,0
1506652164,22494442,52.60,8.84518869,1
1506652164,22494441,52.60,215.15481131,1
1506652150,22494424,52.60,4.93593000,1
1506652148,22494420,52.61,2.00000000,0
1506652140,22494398,52.60,0.43997486,1
1506652124,22494365,52.61,27.69921500,0
1506652119,22494350,52.61,5.32000000,0
1506652118,22494347,52.62,0.85955949,1
1506652110,22494320,52.62,0.70550138,0
1506652101,22494300,52.73,40.00000000,1
1506652100,22494298,52.60,19.99459690,1
1506652100,22494297,52.62,3.00000000,1
1506652100,22494296,52.64,199.69626998,1
1506652100,22494295,52.64,0.13760000,1
1506652100,22494294,52.65,162.15800000,1
1506652099,22494293,52.70,88.00726380,1
1506652041,22494178,52.70,71.60505490,1
1506652041,22494175,52.72,1.00000000,1
1506652041,22494174,52.73,127.39494510,1
1506652036,22494151,52.73,30.58905490,1
1506652036,22494150,52.74,5.00000000,1
1506652036,22494148,52.74,1.00000000,1
1506652036,22494146,52.82,3.00000000,1
1506651938,22494002,52.84,5.00000000,0
1506651934,22493999,52.83,35.38243273,0
1506651922,22493991,53.00,1.00000000,1
1506651922,22493990,53.00,79.79143607,1
1506651922,22493989,53.00,2.00000000,1
1506651922,22493988,53.00,10.00000000,1
1506651922,22493987,53.00,10.58077147,1
1506651922,22493986,53.00,45.09848361,1
1506651904,22493978,53.00,1.82264700,1
1506651900,22493977,53.00,0.20000000,1
1506651894,22493973,53.00,6.06920700,1
1506651891,22493971,53.00,4.61756727,1
1506651888,22493969,53.00,1.92164600,1
1506651886,22493965,53.00,3.08283927,1
1506651886,22493963,53.00,6.91716073,1
1506651879,22493955,53.00,0.26527200,1
1506651874,22493954,53.00,0.20000000,1
1506651874,22493953,53.00,19.00000000,1
1506651873,22493952,53.00,22.00000000,1
1506651872,22493951,53.00,1.61756727,1
1506651872,22493950,53.02,3.00000000,1
1506651863,22493936,53.11,4.59935093,1
1506651857,22493926,53.11,99.00000000,1
1506651856,22493924,53.11,5.00000000,1
1506651854,22493921,53.11,2.29000000,1
1506651854,22493920,53.11,99.80000000,1
1506651853,22493917,53.11,8.29000000,1
1506651853,22493916,53.11,16.44211869,1
1506651853,22493915,53.12,2.45926056,1
1506651852,22493914,53.12,144.99358675,1
1506651850,22493910,53.14,4.61756727,1
1506651850,22493909,53.14,0.96203378,1
1506651849,22493908,53.20,0.00000022,1
1506651847,22493906,53.20,1.51394700,1
1506651836,22493905,53.20,33.69100000,1
1506651835,22493904,53.20,73.37418600,1
1506651828,22493896,53.20,39.99959312,1
1506651804,22493860,53.20,10.96510000,1
1506651804,22493859,53.20,11.80415003,1
1506651798,22493856,53.20,2.39852213,1
1506651790,22493851,53.20,20.00000000,1
1506651789,22493850,53.20,26.44344210,1
1506651789,22493849,53.20,0.77067669,1
1506651789,22493848,53.21,1.00000000,1
1506651789,22493847,53.22,3.00000000,1
1506651789,22493846,53.23,1.55062727,1
1506651754,22493814,53.24,39.99959312,0
1506651754,22493813,53.24,2.56180000,0
1506651750,22493810,53.23,15.58957233,0
1506651750,22493809,53.23,1.71471767,1
1506651740,22493790,53.37,3.76492686,1
1506651734,22493786,53.37,4.08000000,1
1506651712,22493765,53.37,75.00000000,1
1506651670,22493692,53.37,114.41966388,1
1506651669,22493687,53.42,1.00000000,1
1506651669,22493685,53.42,20.00000000,1
1506651669,22493684,53.42,3.00000000,1
1506651668,22493682,53.45,10.00000000,1
1506651668,22493681,53.48,8.86777412,1
1506651668,22493678,53.48,1.00400000,1
1506651667,22493676,53.48,14.26382131,1
1506651665,22493673,53.50,9.00000000,1
1506651665,22493672,53.50,29.60617869,1
1506651663,22493668,53.50,10.39382131,1
1506651663,22493667,53.51,26.69117869,1
1506651661,22493663,53.51,0.68950000,1
1506651655,22493655,53.51,5.62616800,1
1506651654,22493651,53.51,7.49470000,1
1506651652,22493647,53.51,26.69182000,1
1506651651,22493646,53.51,0.68950000,1
1506651620,22493625,53.51,40.00000000,1
1506651617,22493619,53.51,0.84629900,1
1506651598,22493604,53.51,19.76282761,1
1506651598,22493603,53.51,0.23717239,1
1506651569,22493571,53.51,40.00000000,1
1506651547,22493539,53.51,7.81264600,1
1506651462,22493249,53.51,3.15774300,1
1506651457,22493224,53.51,61.98102837,1
1506651455,22493223,53.54,1.00000000,1
1506651434,22493215,53.62,3.00000000,1
1506651300,22493128,53.62,2.99999998,1
1506651300,22493127,53.63,0.00000002,1
1506651184,22493091,53.63,24.29689600,1
1506650912,22492980,53.63,4.12847246,0
1506650836,22492971,53.64,0.52932331,0
1506650831,22492965,53.64,35.34220423,0
1506650794,22492946,53.64,4.07890000,1
1506650336,22492739,53.80,44.41056736,1
1506650265,22492717,53.93,20.00000000,0
1506650260,22492711,53.95,46.09997800,1
1506650230,22492681,53.80,12.00000000,1
1506650230,22492680,53.82,5.00000000,1
1506650229,22492679,53.82,3.00000000,1
1506650135,22492645,53.84,38.46665313,0
1506650134,22492644,53.84,1.53334687,0
1506650128,22492640,53.98,40.55000000,0
1506650124,22492635,53.98,14.65213800,1
1506650124,22492633,53.98,13.85000000,1
1506650113,22492631,53.98,5.00000000,1
1506650111,22492629,53.99,7.36639564,1
1506650110,22492628,53.99,4.73047415,1
1506650103,22492623,53.98,13.76871200,1
1506650101,22492621,53.98,52.72915000,1
1506650100,22492619,54.00,10.00000000,1
1506650100,22492618,54.00,0.80000000,1
1506650100,22492617,54.00,36.47085000,1
1506650100,22492616,54.00,39.00000000,1
1506650099,22492615,54.00,1.00000000,1
1506650097,22492613,54.01,15.26952585,0
1506650082,22492605,54.06,12.00000000,1
1506650061,22492603,54.06,2.49668500,1
1506650061,22492602,54.06,2.51013854,1
1506650049,22492600,54.06,15.36041400,1
1506650000,22492595,54.10,1.03770794,1
1506650000,22492594,54.12,2.20447153,1
1506649994,22492591,54.12,3.13876572,1
1506649990,22492585,54.13,5.54712000,1
1506649987,22492575,54.12,0.20000000,1
1506649985,22492573,54.17,0.00000018,1
1506649962,22492567,54.17,1.51809000,1
1506649955,22492560,54.20,12.66000000,0
1506649955,22492559,54.20,15.32693700,1
1506649897,22492505,54.20,2.94123774,1
1506649897,22492503,54.20,2.52656826,1
1506649891,22492476,54.18,5.47696201,0
1506649891,22492474,54.20,2.94123799,1
1506649848,22492414,54.33,7.00000000,1
1506649750,22492334,54.47,12.50503663,1
1506649749,22492333,54.47,35.49496409,0
1506649137,22492178,54.41,4.21860000,1
1506648499,22491998,54.52,0.10000000,0
1506648389,22491900,54.56,8.00000000,0
1506648328,22491826,54.49,8.36695429,0
1506648250,22491772,54.55,0.80140099,0
1506648250,22491771,54.55,9.86782768,1
1506648249,22491770,54.55,1.33077133,1
1506646198,22490997,54.74,0.10000000,1
1506645700,22490843,54.55,0.18190275,1
1506645644,22490834,54.56,22.10800881,0
1506645644,22490833,54.57,5.69199119,1
1506645644,22490832,54.60,12.20000000,1
1506645592,22490830,54.66,2.94760214,1
1506645557,22490829,54.66,40.00000000,1
1506643854,22490466,54.90,3.01605050,1
1506643767,22490454,54.90,1.57720904,1
1506643721,22490425,54.90,0.99800000,1
1506643616,22490413,55.01,0.00000014,1
1506643616,22490412,55.01,0.45380000,1
1506643612,22490411,55.01,11.68710600,1
1506643612,22490410,55.01,36.61799300,1
1506643609,22490408,55.01,0.45380000,1
1506643588,22490402,55.01,0.16274600,1
1506643583,22490399,55.01,0.72652900,1
1506643568,22490395,55.01,42.08000000,1
1506643567,22490394,54.99,49.61414300,0
