date,tid,price,amount,type
1506729146,22556397,0.00004719,100.00000000,1
1506729039,22556393,0.00004740,1078.52805907,0
1506729037,22556392,0.00004736,1241.84360000,0
1506728954,22556384,0.00004736,1120.20185810,0
1506728952,22556383,0.00004735,2350.10000000,0
1506728416,22556247,0.00004739,463.83751846,0
1506728310,22556230,0.00004742,1051.77794180,0
1506727854,22556155,0.00004742,91.53435316,1
1506727052,22555813,0.00004741,1156.10398650,0
1506726724,22555659,0.00004732,1250.51887755,0
1506726682,22555612,0.00004740,200.00000000,1
1506726682,22555611,0.00004744,5477.39769744,1
1506726372,22555527,0.00004745,1371.94351949,0
1506725857,22555412,0.00004734,1252.20070000,1
1506725822,22555396,0.00004735,2350.10000000,1
1506725809,22555361,0.00004753,6979.36430000,0
1506725809,22555360,0.00004749,1257.17170000,0
1506725789,22555341,0.00004738,2604.94706800,1
1506725766,22555328,0.00004740,1236.96340000,1
1506725766,22555327,0.00004740,7000.00000000,1
1506725766,22555325,0.00004741,590.00000000,1
1506725765,22555323,0.00004746,1981.42224869,1
1506725445,22555241,0.00004749,229.89681400,1
1506724511,22554568,0.00004745,288.47511600,1
1506724493,22554563,0.00004751,227.00000000,0
1506724440,22554555,0.00004776,452.92985762,1
1506724438,22554553,0.00004763,1651.88859000,1
1506724438,22554552,0.00004763,1244.56450000,0
1506724412,22554523,0.00004747,1651.88859000,1
1506724409,22554518,0.00004749,1929.23316600,1
1506724409,22554517,0.00004751,1232.17570000,1
1506724397,22554514,0.00004754,2345.80000000,0
1506724386,22554509,0.00004777,60377.45928406,0
1506724386,22554507,0.00004777,4176.98841504,1
1506724385,22554506,0.00004760,10719.43600000,0
1506724385,22554505,0.00004759,4176.98841504,0
1506724384,22554503,0.00004755,9536.36396801,1
1506724383,22554502,0.00004755,1231.67810000,0
1506724006,22554439,0.00004749,1167.23630303,0
1506724005,22554438,0.00004746,1232.17810000,0
1506723603,22554377,0.00004749,470.50178985,0
1506723595,22554375,0.00004732,886.27028000,1
1506723595,22554374,0.00004732,2345.80000000,1
1506723284,22554270,0.00004744,90.74198988,0
1506723273,22554266,0.00004738,64.36422000,0
1506723230,22554248,0.00004736,234.97909628,0
1506723163,22554211,0.00004729,1189.38503600,1
1506723144,22554196,0.00004729,1251.42050000,1
1506723077,22554107,0.00004759,118.61966799,0
1506723002,22554064,0.00004728,1252.49370000,1
1506722997,22554059,0.00004735,379.18528080,1
1506722994,22554056,0.00004735,392.24933500,1
1506722993,22554051,0.00004735,169.00000000,1
1506722948,22554024,0.00004737,227.00000000,1
1506722914,22553967,0.00004737,227.00000000,1
1506722897,22553955,0.00004735,1875.85197100,1
1506722894,22553954,0.00004736,227.00000000,1
1506722862,22553942,0.00004737,227.00000000,1
1506722844,22553935,0.00004738,227.00000000,1
1506722840,22553934,0.00004738,227.00000000,1
1506722836,22553933,0.00004738,227.00000000,1
1506722823,22553931,0.00004737,227.00000000,1
1506722818,22553930,0.00004737,227.00000000,1
1506722812,22553928,0.00004740,282.68440000,1
1506722798,22553915,0.00004744,185.84981411,0
1506722787,22553908,0.00004738,227.00000000,1
1506722752,22553896,0.00004742,227.00000000,1
1506722658,22553879,0.00004745,227.00000000,1
1506722652,22553873,0.00004743,227.00000000,1
1506722651,22553872,0.00004743,1003.14982600,1
1506722647,22553867,0.00004743,245.41447400,1
1506722645,22553863,0.00004743,2253.58552600,1
1506722642,22553857,0.00004742,2272.00000000,0
1506722616,22553854,0.00004743,2272.00000000,1
1506722615,22553853,0.00004742,227.00000000,1
1506722613,22553851,0.00004741,1264.98263100,0
1506722563,22553830,0.00004744,227.00000000,1
1506722562,22553829,0.00004744,131.53811100,1
1506722551,22553827,0.00004748,1050.32211800,1
1506722548,22553823,0.00004748,227.00000000,1
1506722534,22553808,0.00004747,1662.70987674,1
1506722529,22553807,0.00004749,206.35401800,1
1506722529,22553806,0.00004750,1254.73720000,1
1506722476,22553793,0.00004746,1235.88440000,1
1506722432,22553776,0.00004751,435.76501500,1
1506722193,22553703,0.00004751,82.35759481,0
1506722193,22553702,0.00004751,4148.29135735,0
1506721928,22553655,0.00004747,227.00000000,1
1506721916,22553653,0.00004745,1228.80380000,1
1506721911,22553650,0.00004748,2272.00000000,1
1506721871,22553633,0.00004753,2272.00000000,0
1506721857,22553624,0.00004752,2576.94001106,0
1506721857,22553623,0.00004752,1363.60507792,0
1506721309,22553471,0.00004742,1225.58180000,1
1506721297,22553452,0.00004765,44447.12570828,0
1506721297,22553451,0.00004764,4750.00000000,0
1506721297,22553450,0.00004764,3211.75110260,1
1506721297,22553449,0.00004762,15772.20900000,0
1506721296,22553448,0.00004760,2022.30000000,0
1506721296,22553446,0.00004759,3211.75110260,0
1506721296,22553445,0.00004757,1259.35650000,1
1506721294,22553443,0.00004752,9105.17150309,0
1506721156,22553412,0.00004745,3406.92856783,0
1506721156,22553411,0.00004745,4781.10143217,0
1506721116,22553400,0.00004739,826.37101800,1
1506720901,22553337,0.00004747,4828.72198500,0
1506720380,22553195,0.00004718,1111.49349505,1
1506720379,22553193,0.00004723,1654.44930495,1
1506720378,22553192,0.00004723,1234.05720000,1
1506720300,22553144,0.00004740,169.16962025,0
1506720204,22553128,0.00004742,315.53331927,0
1506720192,22553124,0.00004729,350.95801008,1
1506720192,22553123,0.00004729,2083.60000000,1
1506720190,22553122,0.00004730,1235.22696342,1
1506720162,22553108,0.00004742,546.76339097,0
1506720105,22553095,0.00004746,2409.59987357,0
1506720103,22553094,0.00004743,1260.18510000,0
1506719962,22553059,0.00004747,2062.51084895,0
1506719962,22553058,0.00004746,1100.14171891,0
1506719960,22553057,0.00004742,1260.23670000,0
1506719773,22553017,0.00004738,6315.99556775,0
1506719724,22553005,0.00004740,2314.88776371,0
1506719583,22552965,0.00004742,214.82117250,1
1506719581,22552964,0.00004739,1258.61110000,0
1506719548,22552958,0.00004735,1360.61985216,0
1506719515,22552948,0.00004735,500.33305174,0
1506719282,22552898,0.00004729,599.17847325,0
1506718992,22552748,0.00004731,252.13823715,0
1506718957,22552728,0.00004722,180.23671417,1
1506718824,22552643,0.00004735,210.55966209,0
1506718492,22552555,0.00004730,50.00000000,1
1506718168,22552451,0.00004736,342.41638513,0
1506718107,22552428,0.00004741,224.73824087,0
1506718105,22552427,0.00004739,2077.35018279,0
1506717126,22552051,0.00004745,3180.73466807,1
1506717126,22552050,0.00004741,12017.82500000,0
1506717125,22552049,0.00004740,3530.79820196,0
1506717125,22552048,0.00004736,1258.02690000,1
1506716839,22551882,0.00004728,548.56598984,0
1506716594,22551713,0.00004697,47872.64330000,1
1506716593,22551712,0.00004710,430.00000000,1
1506716593,22551710,0.00004710,132.00000000,1
1506716593,22551708,0.00004715,1565.35670000,1
1506716528,22551639,0.00004718,1257.87808339,1
1506716528,22551637,0.00004719,136.50677385,1
1506716479,22551532,0.00004718,13430.35729112,1
1506716479,22551531,0.00004719,2622.97278494,1
1506716479,22551529,0.00004719,1100.14171891,1
1506716479,22551528,0.00004729,1238.36220000,1
1506716479,22551526,0.00004729,525.00000000,1
1506716479,22551524,0.00004730,1083.16600503,1
1506716451,22551499,0.00004735,372.64152158,1
1506716398,22551428,0.00004735,7743.35847842,1
1506716398,22551427,0.00004735,7000.00000000,1
1506716398,22551426,0.00004737,1247.13150000,1
1506716397,22551424,0.00004740,1669.51002158,1
1506716397,22551423,0.00004741,2340.00000000,1
1506716151,22551333,0.00004740,3319.48997842,1
1506716151,22551332,0.00004740,2293.15272158,1
1506716151,22551331,0.00004743,1261.70930000,1
1506716144,22551328,0.00004753,686.27077635,0
1506716041,22551302,0.00004754,1153.91543962,0
1506715971,22551288,0.00004740,2296.40000000,1
1506715967,22551283,0.00004741,9914.96400000,1
1506715950,22551275,0.00004743,1627.64304100,1
1506715914,22551272,0.00004745,1247.40650000,1
1506715907,22551269,0.00004747,227.00000000,1
1506715907,22551268,0.00004747,215.61771100,1
1506715616,22551133,0.00004759,31451.83392065,0
1506715616,22551131,0.00004758,1837.94953860,0
1506715616,22551130,0.00004756,684.48437033,0
1506715616,22551129,0.00004755,9452.26109042,0
1506715583,22551050,0.00004755,656.21261829,0
1506715581,22551049,0.00004751,1798.94281204,0
1506715513,22551031,0.00004751,540.35718796,0
1506715410,22551013,0.00004755,400.68054679,0
1506715209,22550945,0.00004746,292.92216794,1
1506715209,22550944,0.00004747,1979.07783206,1
1506714879,22550854,0.00004756,146.76198486,0
1506714766,22550823,0.00004748,1261.08590000,1
1506714766,22550822,0.00004748,1529.70000000,1
1506714745,22550817,0.00004756,100.50462573,0
1506714265,22550669,0.00004753,427.41342310,0
1506714123,22550639,0.00004751,924.78088823,0
1506714102,22550634,0.00004740,552.59920400,1
1506713975,22550598,0.00004745,18330.20969441,0
1506713973,22550597,0.00004744,2700.65941945,0
1506713723,22550483,0.00004744,325.84431413,0
1506713562,22550388,0.00004759,3520.71821811,0
1506713555,22550387,0.00004757,198.00630649,1
1506713553,22550386,0.00004755,1235.97990000,0
1506713324,22550281,0.00004740,957.52585380,1
1506713229,22550250,0.00004740,13900.32222062,1
1506713229,22550249,0.00004744,2398.90040838,1
1506713229,22550248,0.00004745,1487.79946800,1
1506713179,22550221,0.00004750,392.93410526,0
1506713093,22550175,0.00004750,768.40126315,0
1506713022,22550156,0.00004745,17345.10700000,1
1506712932,22550135,0.00004745,1167.09353200,1
1506712633,22550069,0.00004744,29.86136295,1
1506712631,22550068,0.00004745,970.13863705,1
1506712562,22550020,0.00004745,809.52505000,1
1506712045,22549727,0.00004761,55.42428061,0
1506711919,22549630,0.00004760,1360.48500000,0
1506711915,22549626,0.00004759,9600.26287000,0
1506711846,22549605,0.00004758,191.17940896,0
1506711604,22549540,0.00004766,167.43684431,0
1506711560,22549519,0.00004766,40.45971464,0
1506711558,22549518,0.00004760,434.37143287,0
1506711037,22549359,0.00004760,900.64582900,0
1506711036,22549358,0.00004760,38664.98273813,0
1506711036,22549357,0.00004756,900.64582887,0
1506710898,22549298,0.00004756,854.30801577,0
1506710897,22549296,0.00004756,736.79900023,0
1506710868,22549284,0.00004748,693.13619434,1
1506710680,22549235,0.00004750,2696.70180000,0
1506710298,22549164,0.00004749,2498.17846300,0
1506710190,22549112,0.00004752,1145.39099326,0
1506710061,22549075,0.00004756,266.93271656,0
1506710052,22549071,0.00004746,1485.04933491,0
1506709496,22548811,0.00004746,262.72271386,0
1506709237,22548726,0.00004729,1000.00000000,1
1506709101,22548647,0.00004744,525.66715852,0
1506708921,22548581,0.00004736,421.00295608,0
1506708736,22548448,0.00004744,464.59443507,0
1506708695,22548436,0.00004746,59.00000000,0
1506708546,22548350,0.00004741,773.04113056,0
1506708396,22548306,0.00004741,447.76671588,0
1506708395,22548305,0.00004736,1264.67590000,0
1506708394,22548304,0.00004736,1974.20000000,0
1506708394,22548303,0.00004736,1307.99197788,0
1506708204,22548193,0.00004732,448.26944209,0
1506708202,22548191,0.00004731,546.15324350,0
1506708142,22548151,0.00004727,632.49867261,1
1506708129,22548144,0.00004731,632.53392517,0
1506707760,22547952,0.00004730,310.35687103,0
1506707714,22547924,0.00004730,290.66342494,1
1506707714,22547922,0.00004730,623.27240400,1
1506707701,22547910,0.00004730,2733.04289147,1
1506707688,22547906,0.00004730,3247.17967304,1
1506707687,22547904,0.00004730,750.00000000,1
1506707682,22547900,0.00004730,2275.01705900,1
1506707676,22547899,0.00004730,1021.34776400,1
1506707503,22547776,0.00004745,1911.79408964,0
1506707486,22547768,0.00004735,1248.49515355,0
1506707391,22547704,0.00004735,1248.49520000,1
1506707391,22547703,0.00004735,0.00000100,1
1506707253,22547636,0.00004735,2992.03859500,1
1506707253,22547635,0.00004735,2007.96140400,1
1506707234,22547626,0.00004737,1248.57550000,1
1506706950,22547349,0.00004750,811.56043000,0
1506706950,22547348,0.00004749,258.43957000,0
1506706784,22547238,0.00004750,0.00000013,1
1506706783,22547237,0.00004756,1177.18166526,0
1506706781,22547226,0.00004755,1263.70540000,0
1506706775,22547214,0.00004750,4912.76768800,1
1506706753,22547205,0.00004750,5187.23231187,0
1506706671,22547151,0.00004760,484.73634453,1
1506706671,22547148,0.00004756,2933.53482506,0
1506706669,22547147,0.00004755,1247.93390000,0
1506706598,22547051,0.00004740,1242.36720000,1
1506706578,22547018,0.00004745,1256.07239958,1
1506706578,22547017,0.00004750,9000.00000000,1
1506706578,22547016,0.00004751,251.50204342,1
1506706386,22546638,0.00004762,1465.99685072,0
1506706300,22546513,0.00004766,1732.10944300,0
1506706133,22546284,0.00004746,483.18057311,0
1506705921,22546151,0.00004750,646.77705263,0
1506705919,22546149,0.00004749,1493.84199264,1
1506705919,22546148,0.00004749,146.29890580,0
1506705642,22545955,0.00004749,600.00000000,1
1506705586,22545945,0.00004761,2284.75257298,0
1506705519,22545922,0.00004736,1020.08604992,1
1506705518,22545921,0.00004737,146.29890580,1
1506704149,22545193,0.00004766,1000.41963911,0
1506704147,22545192,0.00004731,1411.45430941,1
1506704147,22545191,0.00004732,276.19971308,1
1506704146,22545190,0.00004739,4658.34711965,1
1506704146,22545189,0.00004740,12334.63415582,1
1506704146,22545188,0.00004740,1380.73112260,1
1506704145,22545187,0.00004750,1237.19130000,1
1506704145,22545186,0.00004750,50.00000000,1
1506704145,22545185,0.00004754,9791.44227944,1
1506703977,22545040,0.00004766,507.42743289,0
1506703922,22545004,0.00004757,4491.00000000,1
1506703891,22544994,0.00004777,8336.93531505,0
1506703891,22544993,0.00004768,1301.52760000,0
1506703889,22544992,0.00004767,616.42017548,0
1506703717,22544935,0.00004776,12153.54417922,0
1506703717,22544934,0.00004775,732.38040652,1
1506703716,22544933,0.00004769,1100.14171891,0
1506703716,22544932,0.00004766,1242.57150000,1
1506703714,22544929,0.00004756,1832.62786804,0
1506702925,22544489,0.00004756,1128.85155592,0
1506702924,22544488,0.00004755,9394.32454802,0
1506702760,22544374,0.00004756,514.29391470,0
1506702760,22544373,0.00004756,485.70608530,0
1506702378,22543934,0.00004759,25398.36898508,1
1506702376,22543931,0.00004756,1230.24550000,0
1506702096,22543752,0.00004741,852.68800000,1
1506702057,22543696,0.00004734,888.97800000,1
1506702057,22543695,0.00004762,9265.29693406,1
1506702057,22543694,0.00004762,737.43902471,1
1506702056,22543693,0.00004759,427.49590520,0
1506702056,22543692,0.00004759,2137.47952600,0
1506702056,22543691,0.00004755,1226.36380000,0
1506702054,22543689,0.00004737,916.11124461,0
1506701787,22543104,0.00004737,725.73110273,1
1506701787,22543103,0.00004737,1252.74330000,1
1506701701,22542971,0.00004753,466.00000000,0
1506701672,22542941,0.00004753,293.81611614,0
1506701537,22542780,0.00004742,2564.23748743,0
1506701437,22542674,0.00004759,843.22924984,1
1506701436,22542673,0.00004750,655.84227182,0
1506700900,22542275,0.00004754,1149.35191417,0
1506699555,22541637,0.00004753,459.96254996,0
1506699302,22541245,0.00004752,2961.35521885,1
1506699302,22541244,0.00004752,2135.61808318,0
1506699172,22541204,0.00004755,387.01303890,0
1506699002,22541067,0.00004747,420.26795871,0
1506698809,22540991,0.00004734,3602.22043900,1
1506698799,22540987,0.00004733,2231.30706985,1
1506698799,22540986,0.00004735,189.31711115,1
1506698184,22540664,0.00004721,2.02820000,1
1506698183,22540662,0.00004725,1234.17480000,1
1506698183,22540661,0.00004725,1661.31700000,1
1506698165,22540645,0.00004725,836.93300000,1
1506698159,22540636,0.00004736,1034.15434966,0
1506698154,22540628,0.00004737,825.91175849,0
1506698152,22540627,0.00004736,2080.37494351,0
1506698132,22540614,0.00004725,1.75000000,1
1506698132,22540613,0.00004730,2000.00000000,1
1506698132,22540612,0.00004730,500.00000000,1
1506697729,22540335,0.00004736,421.24408784,0
1506697560,22540278,0.00004733,166.17725227,1
1506697559,22540276,0.00004734,714.05897778,1
1506697494,22540241,0.00004736,337.37267736,0
1506697493,22540240,0.00004735,1027.96811322,0
1506697038,22539984,0.00004730,2000.00000000,1
1506697035,22539982,0.00004737,2000.00000000,1
1506696942,22539857,0.00004744,5830.57141000,0
1506696927,22539830,0.00004744,1147.27161277,0
1506696691,22539734,0.00004735,2217.20000000,1
1506696691,22539733,0.00004735,234.61893000,1
1506696454,22539535,0.00004736,2392.06588970,1
1506696392,22539504,0.00004745,1121.19894625,0
1506696390,22539503,0.00004744,376.04205822,0
1506696205,22539355,0.00004757,2130.33549826,1
1506696205,22539354,0.00004757,446.78264343,0
1506696018,22539257,0.00004735,148.67207000,1
1506695777,22539085,0.00004735,9616.70900000,0
1506695650,22538976,0.00004735,5000.00000000,0
1506695633,22538972,0.00004735,1000.66610348,0
1506695501,22538886,0.00004737,50.00000000,0
1506695064,22538451,0.00004755,6995.73330138,1
1506695063,22538448,0.00004750,22652.84589953,0
1506695063,22538447,0.00004749,281.49560858,0
1506695063,22538446,0.00004749,1407.47804291,0
1506695063,22538445,0.00004740,7638.96200000,0
1506695062,22538444,0.00004739,1232.08600000,0
1506695062,22538443,0.00004739,3517.39914760,0
1506694979,22538412,0.00004733,663.87999155,0
1506694557,22537984,0.00004731,1040.03973789,0
1506694522,22537942,0.00004736,1156.25844594,0
1506694425,22537834,0.00004732,958.73161453,0
1506694292,22537719,0.00004736,526.55510980,0
1506694167,22537653,0.00004730,1157.48646934,0
1506694092,22537604,0.00004738,324.93309413,0
1506693855,22537461,0.00004718,3267.11574286,0
1506693653,22537341,0.00004729,1684.93085218,0
1506693651,22537340,0.00004725,1248.03430000,0
1506693543,22537274,0.00004723,1067.40000000,0
1506693485,22537188,0.00004727,1238.54296252,0
1506693215,22536977,0.00004744,1371.23081787,1
1506693215,22536975,0.00004735,1256.86660000,1
1506693111,22536838,0.00004742,529.32475748,0
1506692963,22536628,0.00004725,55.00000000,1
1506692799,22536367,0.00004744,2339.87984822,1
1506692799,22536364,0.00004740,1254.92840000,1
1506692797,22536357,0.00004738,1243.96200000,0
1506692710,22536242,0.00004738,57.27057830,0
1506692645,22536195,0.00004738,722.00000000,0
1506692023,22535631,0.00004750,847.06568421,1
1506691267,22534767,0.00004754,436.81762726,0
1506691267,22534765,0.00004749,1620.56917246,0
1506691266,22534762,0.00004748,10572.76000000,0
1506691266,22534761,0.00004744,1242.91170000,1
1506690954,22534570,0.00004749,379.43082754,0
1506690952,22534569,0.00004746,1228.86120000,0
1506690527,22534183,0.00004744,125.00000000,0
1506689526,22533335,0.00004710,384.08400000,1
1506689497,22533266,0.00004714,4500.00000000,1
1506689343,22532933,0.00004715,1000.00000000,0
1506689203,22532732,0.00004710,7573.37003524,1
1506689203,22532731,0.00004711,747.02000000,1
1506689203,22532730,0.00004712,1398.41771876,1
1506688955,22532517,0.00004711,252.98000000,1
1506688806,22532391,0.00004715,6223.73433700,1
1506688753,22532352,0.00004729,327.85747515,0
1506688752,22532351,0.00004724,1234.24250000,0
1506688528,22532185,0.00004711,2059.67002785,1
1506688528,22532184,0.00004711,1940.32997215,1
1506688354,22532090,0.00004711,95.00000000,1
1506688335,22532076,0.00004713,4577.34473790,1
1506688319,22532069,0.00004719,1586.07720000,0
1506688319,22532068,0.00004719,1079.02000000,0
1506688218,22531983,0.00004718,4235.47695500,0
1506687896,22531623,0.00004702,384.44809844,1
1506687612,22531286,0.00004706,202.01231774,1
1506687547,22531215,0.00004704,832.19957000,1
1506687537,22531191,0.00004703,1882.19269035,1
1506687533,22531189,0.00004703,2182.94776649,0
1506687228,22530811,0.00004696,3790.57021500,1
1506687195,22530792,0.00004715,752.38133616,0
1506687194,22530788,0.00004713,1365.65290000,0
1506687193,22530786,0.00004713,400.00000000,0
1506687168,22530764,0.00004713,400.00000000,1
1506686694,22530342,0.00004697,239.36891301,0
1506686694,22530341,0.00004694,1214.30750699,0
1506686691,22530338,0.00004696,40.23319301,1
1506686690,22530337,0.00004694,391.04680699,0
1506686548,22530227,0.00004693,391.00300000,1
1506685963,22529657,0.00004675,10280.47850267,0
1506685962,22529654,0.00004674,4229.60758466,0
1506685932,22529628,0.00004652,239.29756233,1
1506685932,22529627,0.00004652,1196.73773382,1
1506685932,22529626,0.00004653,250.47401189,1
1506685923,22529606,0.00004655,2000.00000000,1
1506685877,22529550,0.00004660,1007.74800000,0
1506685818,22529429,0.00004667,783.54755784,0
1506685721,22529268,0.00004664,1007.74800000,0
1506685707,22529251,0.00004664,865.33938679,0
1506685693,22529236,0.00004667,88.73235000,0
1506685513,22528939,0.00004669,1079.02000000,1
1506685459,22528821,0.00004680,500.00000000,1
1506685314,22528616,0.00004700,8.03260106,1
1506685259,22528535,0.00004700,4491.96739894,1
1506685259,22528533,0.00004700,3014.68129500,1
1506685259,22528532,0.00004701,517.73230606,1
1506685235,22528513,0.00004717,123.95140811,1
1506685204,22528475,0.00004717,426.04859189,1
1506684898,22528112,0.00004719,10000.00000000,0
1506684739,22527984,0.00004720,376.58230000,0
1506684511,22527804,0.00004728,5274.46171743,0
1506684160,22527275,0.00004713,2473.26249866,1
1506684135,22527233,0.00004715,2166.51188800,1
1506684055,22527042,0.00004727,686.86331254,0
1506684019,22526987,0.00004729,513.85070839,0
1506683549,22526744,0.00004730,2448.26871035,0
1506683415,22526605,0.00004719,2363.20000000,1
1506683362,22526577,0.00004714,5000.00000000,0
1506683319,22526550,0.00004700,1476.31870500,0
1506683318,22526549,0.00004700,1990.36797100,0
1506683318,22526548,0.00004700,1024.31332400,0
1506683310,22526534,0.00004688,16221.22443590,1
1506683310,22526533,0.00004698,2363.20000000,1
1506683309,22526532,0.00004700,164.53179803,1
1506683309,22526531,0.00004729,888.09389225,1
1506683309,22526530,0.00004729,4487.33693528,1
1506683306,22526522,0.00004728,16352.47949073,1
1506683305,22526519,0.00004800,1013.40229166,1
1506683305,22526517,0.00004799,128145.60614000,0
1506683305,22526516,0.00004799,166.50000000,1
1506683304,22526515,0.00004798,9791.44227944,1
1506683304,22526514,0.00004798,13305.03531656,1
1506683304,22526513,0.00004750,1071.83000000,0
1506683304,22526512,0.00004749,859.20233067,0
1506683303,22526511,0.00004749,2650.89913231,0
1506683303,22526510,0.00004727,11284.56700000,0
1506683303,22526509,0.00004726,4296.01165337,0
1506683302,22526508,0.00004722,5199.80741430,0
1506683302,22526507,0.00004722,2770.91730118,0
1506683301,22526506,0.00004722,2355.20000000,0
1506683301,22526505,0.00004721,8336.42250371,0
1506683197,22526435,0.00004700,335.46820197,1
1506683197,22526434,0.00004700,1071.83000000,1
1506683196,22526433,0.00004703,15184.44700000,1
1506683196,22526432,0.00004707,1483.20000000,1
1506683194,22526431,0.00004714,8925.05479803,1
1506682991,22526353,0.00004730,473.78435517,0
1506682622,22525969,0.00004714,250.00000000,1
1506682384,22525810,0.00004747,412.45137254,0
1506682338,22525798,0.00004747,315.20096903,0
1506682330,22525794,0.00004728,2000.00000000,1
1506682162,22525571,0.00004763,83.36188077,0
1506682120,22525537,0.00004729,1480.13564978,1
1506681913,22525059,0.00004728,1000.00000000,1
1506681835,22524881,0.00004737,2500.00000000,1
1506681823,22524855,0.00004738,142.85700000,0
1506681729,22524713,0.00004735,275.52524674,1
1506681724,22524711,0.00004734,2804.33576192,0
1506681722,22524708,0.00004729,331.63500000,1
1506681712,22524694,0.00004728,1211.15654181,1
1506681706,22524689,0.00004727,3809.26285274,1
1506681706,22524687,0.00004728,2138.30000000,1
1506681698,22524680,0.00004727,1262.40482298,0
1506681693,22524674,0.00004730,975.22832221,0
1506681590,22524499,0.00004733,3164.95592000,1
1506681399,22524368,0.00004747,1365.87107647,0
1506681079,22524236,0.00004729,4524.20467031,0
1506681076,22524235,0.00004786,11734.26493940,1
1506681076,22524234,0.00004786,7871.46847599,1
1506681075,22524232,0.00004737,4524.20467031,0
1506681075,22524231,0.00004730,7230.44882934,0
1506681073,22524228,0.00004728,6210.43577800,0
1506681073,22524227,0.00004728,50.17803000,0
1506681062,22524211,0.00004728,2388.41433400,0
1506681062,22524209,0.00004728,3576.99995600,0
1506681056,22524198,0.00004728,6260.61380800,0
1506681035,22524162,0.00004726,1671.49853200,0
1506681018,22524134,0.00004728,6373.35306400,0
1506681007,22524127,0.00004728,6394.00503000,0
1506680957,22524068,0.00004730,506.13107822,0
1506680782,22523925,0.00004730,582.98076109,0
1506680722,22523880,0.00004730,14904.79375000,0
1506680687,22523843,0.00004730,372.19873150,0
1506680660,22523829,0.00004730,97.37758985,0
1506680659,22523826,0.00004729,372.74397309,0
1506680497,22523714,0.00004730,2575.33540000,0
1506680165,22523604,0.00004730,2844.73386000,0
1506679613,22523126,0.00004787,589.00000000,0
1506679444,22523064,0.00004738,3637.03110403,0
1506679436,22523054,0.00004741,341.31309297,0
1506678989,22522764,0.00004745,52.76712328,0
1506678946,22522748,0.00004745,162.00000000,0
1506678443,22522349,0.00004728,3565.65264900,1
1506678203,22522065,0.00004743,1909.31388102,0
1506678203,22522064,0.00004742,252.58967150,0
1506678203,22522063,0.00004742,1262.94835748,0
1506677924,22521864,0.00004732,1686.40088757,0
1506676388,22520553,0.00004735,1468.53706441,0
1506676268,22520447,0.00004721,3524.04297000,1
1506676083,22520337,0.00004735,243.90000000,1
1506675840,22520012,0.00004734,2581.11533586,0
1506675773,22519969,0.00004741,1476.90592701,0
1506675637,22519831,0.00004741,469.29888209,0
1506675320,22519639,0.00004750,1071.69000000,0
1506675120,22519546,0.00004724,1938.19945100,0
1506674969,22519458,0.00004725,2568.62528187,0
1506674663,22519135,0.00004723,468.40419225,0
1506674577,22519091,0.00004722,50.00000000,0
1506674289,22518926,0.00004699,3467.15609629,0
1506674270,22518914,0.00004698,50.00000000,1
1506674089,22518671,0.00004702,2068.59083600,0
1506674037,22518620,0.00004702,327.00000000,0
1506674013,22518591,0.00004702,2395.59083613,0
1506673985,22518558,0.00004697,3035.79871833,0
1506673900,22518403,0.00004701,3759.55342599,0
1506673802,22518350,0.00004702,1851.77344366,0
1506673802,22518349,0.00004702,2434.04109234,0
1506673791,22518343,0.00004700,700.00000000,0
1506673791,22518341,0.00004700,832.92295584,0
1506673416,22517944,0.00004700,157.53851063,0
1506673348,22517821,0.00004700,1443.57962587,1
1506673344,22517812,0.00004701,407.93781739,0
1506673344,22517810,0.00004701,981.06534355,0
1506673342,22517803,0.00004700,2064.77899264,1
1506673336,22517786,0.00004700,991.64138149,1
1506673336,22517785,0.00004700,1071.69000000,1
1506673307,22517717,0.00004705,452.03912525,1
1506673090,22517599,0.00004725,245.74150569,1
1506673084,22517583,0.00004725,2800.38468750,1
1506673082,22517576,0.00004725,104.16666667,1
1506673082,22517571,0.00004725,1562.50000000,1
1506672866,22517339,0.00004742,254.35638970,0
1506672864,22517338,0.00004741,10425.96864407,0
1506672845,22517329,0.00004735,935.65777886,1
1506672711,22517247,0.00004753,489.57121817,0
1506672386,22517049,0.00004722,1090.07049680,1
1506672356,22517023,0.00004739,306.42161738,1
1506672352,22517021,0.00004740,4551.83127500,1
1506672346,22517020,0.00004740,5874.23649600,1
1506672093,22516896,0.00004750,580.60734391,1
1506672093,22516895,0.00004750,519.53437500,1
1506672091,22516893,0.00004761,185.40000000,0
1506671606,22516521,0.00004778,2886.00000000,1
1506671602,22516514,0.00004781,0.00000033,0
1506671602,22516513,0.00004781,2156.82660067,1
1506671488,22516391,0.00004778,0.00000040,0
1506671474,22516374,0.00004778,12268.92497900,0
1506671460,22516346,0.00004778,3413.15870156,0
1506671436,22516324,0.00004778,297.29292700,0
1506671311,22516168,0.00004778,15571.81110095,0
1506671311,22516166,0.00004777,832.84929554,0
1506671309,22516160,0.00004778,20436.36446000,0
1506671307,22516152,0.00004777,1028.20900713,0
1506671293,22516092,0.00004778,2329.22670300,0
1506671287,22516065,0.00004778,18018.22112809,0
1506671122,22515816,0.00004757,502.93813246,1
1506671021,22515586,0.00004794,62.42198582,0
1506670841,22515410,0.00004799,469.40508439,0
1506670781,22515370,0.00004784,1027.88000000,1
1506670612,22515075,0.00004793,13595.35864802,1
1506670611,22515073,0.00004789,10346.76590006,0
1506670397,22514908,0.00004793,1439.99245058,1
1506670397,22514907,0.00004793,4506.84555042,1
1506670355,22514817,0.00004805,1885.31609100,1
1506670354,22514814,0.00004805,214.68390900,1
1506670272,22514747,0.00004811,422.59628200,1
1506670103,22514629,0.00004822,2709.28689400,0
1506670009,22514519,0.00004807,591.01310588,0
1506670005,22514511,0.00004806,146.00000000,1
1506670003,22514508,0.00004806,394.20000000,1
1506669997,22514505,0.00004806,188.25849000,1
1506669995,22514501,0.00004800,580.60734391,0
1506669975,22514469,0.00004800,519.53437500,0
1506669946,22514431,0.00004771,3300.30000000,0
1506669838,22514266,0.00004766,627.88879564,0
1506669833,22514261,0.00004767,20617.09468156,0
1506669833,22514260,0.00004765,1346.55016900,0
1506669833,22514259,0.00004761,9791.44227944,0
1506669813,22514198,0.00004746,2990.45157623,1
1506669812,22514197,0.00004747,1500.54842377,1
1506669811,22514178,0.00004777,1371.40796760,1
1506669808,22514170,0.00004777,188.10000000,1
1506669807,22514162,0.00004750,0.00000264,0
1506669799,22514149,0.00004750,987.25705000,0
1506669780,22514124,0.00004750,83.72294736,0
1506669780,22514123,0.00004750,301.45915986,0
1506669780,22514122,0.00004750,769.52084014,0
1506669779,22514121,0.00004749,2000.00000000,0
1506669718,22514039,0.00004737,2190.19966900,0
1506669711,22514014,0.00004724,469.87712428,0
1506669600,22513891,0.00004720,2010.57077200,0
1506669517,22513789,0.00004729,8625.56590000,0
1506669516,22513787,0.00004717,2008.90000000,0
1506669499,22513747,0.00004717,970.76693387,0
1506669264,22513507,0.00004725,1014.55831300,0
1506669244,22513481,0.00004717,4148.40655700,1
1506669193,22513448,0.00004734,2198.34811998,1
1506669191,22513446,0.00004724,2528.31275875,0
1506669167,22513409,0.00004722,1073.69419737,0
1506669162,22513398,0.00004712,2008.92415400,1
1506669155,22513385,0.00004713,1534.41569800,1
1506669151,22513380,0.00004713,4218.57574600,1
1506669081,22513316,0.00004710,9177.03110600,1
1506669063,22513282,0.00004710,1202.89421400,1
1506669047,22513267,0.00004710,3596.96954800,1
1506669006,22513244,0.00004714,2007.93445057,0
1506669004,22513243,0.00004712,3708.56290030,0
1506668946,22513195,0.00004716,518.52554590,0
1506668642,22512969,0.00004710,10271.73715498,0
1506668442,22512779,0.00004701,2341.97000000,1
1506668325,22512689,0.00004710,1138.10729700,1
1506668289,22512651,0.00004710,1869.37287100,1
1506668247,22512600,0.00004722,25851.21643371,0
1506668247,22512599,0.00004714,3581.49639266,1
1506668145,22512561,0.00004708,2101.74171622,0
1506668086,22512492,0.00004710,2827.96011033,0
1506667767,22512254,0.00004681,10807.81806600,1
1506667007,22511435,0.00004683,237.30151612,0
1506666986,22511422,0.00004670,400.00000000,1
1506666986,22511421,0.00004671,402.43175665,1
1506665701,22510707,0.00004685,1479.56197994,0
1506664964,22510257,0.00004689,2004.30000000,0
1506664964,22510256,0.00004688,2395.70000000,0
1506664889,22510198,0.00004686,1887.67923000,0
1506664339,22509807,0.00004634,2397.81350074,1
1506664339,22509806,0.00004640,1000.00000000,1
1506664339,22509805,0.00004640,413.65398175,0
1506664338,22509804,0.00004648,153.21045297,1
1506664338,22509803,0.00004650,2000.00000000,1
1506664338,22509802,0.00004650,1120.00000000,1
1506664338,22509801,0.00004650,66.00000000,1
1506664338,22509800,0.00004650,1000.00000000,1
1506664337,22509799,0.00004650,400.00000000,1
1506664337,22509798,0.00004651,1460.00000000,1
1506664337,22509797,0.00004653,1070.98000000,1
1506664336,22509796,0.00004658,50.00000000,1
1506664336,22509795,0.00004662,26041.03400000,1
1506664336,22509794,0.00004663,1063.45139930,1
1506664336,22509793,0.00004671,150.00000000,1
1506664335,22509791,0.00004672,3905.00000000,1
1506664335,22509787,0.00004673,5313.15666524,1
1506664334,22509785,0.00004679,2395.70000000,1
1506664273,22509729,0.00004679,4868.17004700,1
1506664189,22509629,0.00004688,2907.20989761,0
1506664158,22509613,0.00004692,1127.24744245,0
1506664029,22509446,0.00004690,2472.36065775,1
1506664026,22509445,0.00004690,2728.44955466,0
1506664026,22509444,0.00004689,3799.18978759,0
1506664015,22509439,0.00004675,3788.34596629,1
1506664015,22509438,0.00004675,250.00000000,1
1506664015,22509436,0.00004677,41.68914771,1
1506664005,22509429,0.00004690,236.46055437,0
1506663887,22509369,0.00004688,15.46288395,0
1506663824,22509325,0.00004690,5997.19939277,1
1506663823,22509324,0.00004690,3002.80060723,1
1506663823,22509323,0.00004690,10027.48991577,1
1506663814,22509319,0.00004690,5997.19939300,1
1506663811,22509315,0.00004690,3695.14305230,1
1506663798,22509310,0.00004690,4390.26897304,1
1506663796,22509308,0.00004690,2394.10000000,1
1506663787,22509301,0.00004690,1527.66866800,1
1506663756,22509258,0.00004690,12463.40299789,0
1506663648,22509115,0.00004677,133.31085229,1
1506663567,22508979,0.00004702,1205.13100808,0
1506662915,22508547,0.00004698,526.99318859,1
1506662790,22508453,0.00004710,4310.50573248,0
1506662789,22508450,0.00004710,2441.79240477,0
1506662788,22508446,0.00004698,1579.60516423,1
1506662787,22508439,0.00004710,42425.60452626,0
1506662787,22508437,0.00004709,1160.95625174,0
1506662786,22508435,0.00004700,5804.78125869,0
1506662786,22508434,0.00004699,313.29137566,0
1506662786,22508432,0.00004699,313.29137336,0
1506662786,22508428,0.00004698,524.43182000,0
1506662739,22508392,0.00004680,391.84858092,0
1506662738,22508391,0.00004680,3526.63722821,0
1506662620,22508255,0.00004689,500.00000000,1
1506662609,22508244,0.00004699,0.00000230,1
1506662606,22508234,0.00004699,183.99999770,1
1506662606,22508232,0.00004700,129.29142230,1
1506662441,22507942,0.00004700,4500.00000000,1
1506662441,22507941,0.00004700,301.45915986,1
1506662440,22507940,0.00004701,258.04856080,1
1506662417,22507914,0.00004700,769.52084014,1
1506662417,22507912,0.00004700,71.00000000,1
1506662417,22507911,0.00004700,4962.00149495,1
1506662417,22507910,0.00004701,514.93104091,1
1506662393,22507824,0.00004700,1335.01629300,1
1506662388,22507814,0.00004700,1803.74012200,1
1506662388,22507813,0.00004700,71.00000000,1
1506662388,22507812,0.00004700,1914.89360000,1
1506662359,22507735,0.00004709,1497.71449000,1
1506662235,22507496,0.00004703,1000.00000000,1
1506662235,22507495,0.00004705,525.00000000,1
1506662209,22507442,0.00004707,369.40985800,1
1506662206,22507440,0.00004716,0.00000048,1
1506662166,22507401,0.00004716,7689.54926400,1
1506662155,22507384,0.00004716,59.58654000,1
1506662132,22507375,0.00004716,721.74820900,1
1506662127,22507373,0.00004716,162.47194800,1
1506662090,22507352,0.00004716,3011.78690441,1
1506662090,22507351,0.00004717,4637.26506359,1
1506662061,22507335,0.00004727,258.30336365,0
1506662061,22507332,0.00004727,756.29701714,0
1506662012,22507259,0.00004717,1742.10663800,1
1506662002,22507252,0.00004717,7440.42823800,1
1506661937,22507216,0.00004717,2488.15753712,1
1506661847,22507155,0.00004721,8630.97634989,0
1506661843,22507152,0.00004725,1360.50000000,1
1506661767,22507090,0.00004741,7435.65579700,0
1506661617,22506962,0.00004745,2355.78648200,0
1506661318,22506824,0.00004739,10292.84164852,0
1506661318,22506823,0.00004738,1500.00000000,0
1506661318,22506822,0.00004738,5757.15835148,0
1506661211,22506778,0.00004731,4257.21944000,0
1506661104,22506738,0.00004725,1487.97000080,1
1506661025,22506681,0.00004771,8631.56340389,1
1506661025,22506679,0.00004770,9443.66075129,1
1506661025,22506677,0.00004742,8186.63900000,0
1506661025,22506676,0.00004740,5058.08249788,0
1506661024,22506675,0.00004739,20947.09354600,1
1506661024,22506674,0.00004739,1749.50128800,1
1506661024,22506673,0.00004739,25658.71978100,1
1506661024,22506672,0.00004739,1256.50964000,1
1506661022,22506671,0.00004739,21800.05400000,0
1506660849,22506580,0.00004753,1182.04123711,0
1506660718,22506474,0.00004739,693.52305932,1
1506659559,22505611,0.00004756,590.07986999,0
1506659559,22505610,0.00004755,1769.69906027,0
1506659559,22505609,0.00004753,15320.31798371,0
1506659559,22505608,0.00004752,3319.90308603,0
1506659421,22505536,0.00004758,2125.60600200,1
1506658884,22505100,0.00004729,340.00000000,1
1506658883,22505098,0.00004749,261.36555064,0
1506658247,22504522,0.00004744,576.51101700,0
1506658010,22504207,0.00004719,5445.85894300,1
1506657884,22503953,0.00004742,2334.80915225,1
1506657882,22503949,0.00004740,2395.30000000,0
1506657880,22503946,0.00004720,6782.36400100,1
1506657773,22503831,0.00004770,5595.47627000,0
1506657762,22503801,0.00004726,1841.45556413,0
1506657759,22503779,0.00004716,354.85713411,1
1506657759,22503778,0.00004717,136.34959271,1
1506657757,22503766,0.00004726,1448.09051763,0
1506657621,22503562,0.00004720,414.00000000,0
1506657605,22503505,0.00004719,370.00000000,1
1506657524,22503385,0.00004731,2384.31980553,0
1506657205,22502881,0.00004732,1064.84298393,0
1506657204,22502880,0.00004731,200.00000000,0
1506657104,22502755,0.00004733,1138.99471793,1
1506657104,22502754,0.00004733,2035.77907883,0
1506657010,22502571,0.00004732,649.68829247,0
1506657010,22502570,0.00004732,1676.93665870,0
1506657010,22502569,0.00004732,540.00000000,0
1506656937,22502360,0.00004732,1688.42200000,0
1506656791,22502059,0.00004730,2563.40401311,0
1506656791,22502058,0.00004721,192.77009389,0
1506656698,22501972,0.00004721,499.00444821,0
1506656690,22501962,0.00004721,790.76600000,0
1506656667,22501908,0.00004721,602.88731130,1
1506656661,22501890,0.00004721,2083.96565445,1
1506656636,22501873,0.00004732,2072.24196957,0
1506656575,22501804,0.00004737,13028.66666666,0
1506656574,22501803,0.00004736,4750.97592865,0
1506656574,22501802,0.00004736,1288.75750000,1
1506656574,22501801,0.00004736,4040.61367074,1
1506656572,22501800,0.00004732,1289.87090000,0
1506656554,22501765,0.00004736,4687.35778130,1
1506656554,22501763,0.00004721,81.26701570,0
1506656535,22501674,0.00004721,378.00000000,0
1506656527,22501650,0.00004720,432.67982760,1
1506656527,22501649,0.00004721,5541.66551271,1
1506656522,22501644,0.00004725,0.00004226,1
1506656515,22501625,0.00004725,809.99995774,1
1506656515,22501624,0.00004731,5.52988519,1
1506656501,22501587,0.00004748,5939.89910916,0
1506656500,22501586,0.00004746,3675.07256145,0
1506656470,22501486,0.00004731,168.72440641,1
1506656465,22501457,0.00004731,1830.43670840,1
1506656446,22501370,0.00004731,390.60900000,1
1506656382,22501279,0.00004749,0.00000450,1
1506656381,22501276,0.00004749,5702.31443000,1
1506656379,22501274,0.00004748,9076.38425055,1
1506656375,22501267,0.00004748,3444.87945776,1
1506656370,22501250,0.00004748,3616.81000000,1
1506656369,22501245,0.00004748,7.39765133,1
1506656369,22501244,0.00004749,3615.04429037,1
1506656366,22501242,0.00004749,12523.02941000,1
1506656366,22501241,0.00004749,3622.44195000,1
1506656364,22501240,0.00004748,1663.26164900,1
1506656364,22501239,0.00004748,3753.39121600,1
1506656364,22501238,0.00004748,4160.60878400,1
1506656363,22501235,0.00004748,8571.64900000,1
1506656362,22501232,0.00004748,5705.61799136,0
1506656356,22501225,0.00004748,206.61162594,0
1506656270,22501064,0.00004747,684.27385717,0
1506656138,22500855,0.00004725,2366.10294925,1
1506656137,22500854,0.00004745,200.70000000,1
1506656113,22500817,0.00004747,744.63293500,1
1506656105,22500796,0.00004779,3970.22347771,1
1506656104,22500794,0.00004779,736.11953706,0
1506655936,22500044,0.00004768,663.89800000,1
1506655918,22499937,0.00004770,12007.57358490,0
1506655784,22499676,0.00004755,293.81156677,0
1506655600,22499546,0.00004744,1622.48789825,1
1506655593,22499539,0.00004747,2970.00000000,0
1506655449,22499424,0.00004738,734.46287752,0
1506655447,22499422,0.00004738,1265.53712248,1
1506655329,22499350,0.00004763,1981.87300000,0
1506655251,22499238,0.00004750,2390.60000000,0
1506655222,22499224,0.00004735,1534.00000000,1
1506655161,22499172,0.00004751,83.35087350,0
1506655012,22499104,0.00004740,798.36920600,0
1506655004,22499101,0.00004740,2578.28040100,0
1506654993,22499085,0.00004740,948.17320675,0
1506654972,22499027,0.00004740,9719.55300000,0
1506654953,22499006,0.00004740,1776.71974400,0
1506654943,22499002,0.00004740,9542.73398500,0
1506654931,22498995,0.00004740,8379.91583324,0
1506654930,22498994,0.00004739,8398.34849100,0
1506654927,22498993,0.00004740,1452.10267581,0
1506654926,22498992,0.00004739,1451.69083500,0
1506654921,22498984,0.00004740,9702.28900000,0
1506654920,22498983,0.00004741,2523.58254678,1
1506654563,22498707,0.00004721,2260.99995126,1
1506654561,22498701,0.00004740,0.00004874,1
1506654515,22498647,0.00004740,1024.68004125,1
1506654119,22498251,0.00004750,1000.00000000,1
1506654119,22498250,0.00004750,560.07165453,1
1506654113,22498243,0.00004750,540.07006438,1
1506654113,22498242,0.00004750,1100.14171891,1
1506654113,22498241,0.00004750,1100.14171891,1
1506654112,22498240,0.00004751,0.00002111,1
1506654107,22498227,0.00004751,637.98860103,1
1506654057,22498180,0.00004750,1100.14171891,1
1506654057,22498179,0.00004750,1100.14171891,1
1506654057,22498178,0.00004750,1100.14171891,1
1506654057,22498177,0.00004750,616.58879152,1
1506654057,22498176,0.00004751,1272.99005173,1
1506653117,22497135,0.00004750,483.55292739,1
1506653117,22497134,0.00004752,3990.10635761,1
1506652982,22496847,0.00004754,277.05756172,1
1506652982,22496846,0.00004755,150.00000000,1
1506652970,22496826,0.00004756,5465.31409465,1
1506652970,22496824,0.00004757,279.00000000,1
1506652928,22496730,0.00004761,2190.59999968,1
1506652928,22496729,0.00004762,1099.91502032,1
1506652382,22494918,0.00004770,4486.00000000,1
1506652382,22494917,0.00004770,209.82330066,1
1506652382,22494916,0.00004771,601.04301630,1
1506652291,22494819,0.00004780,5036.79464400,1
1506652256,22494757,0.00004782,2681.57758400,1
1506652187,22494577,0.00004789,2073.07005100,1
1506652075,22494283,0.00004791,2377.37407700,1
1506651483,22493315,0.00004818,5940.24406670,1
1506651483,22493313,0.00004818,4513.32624158,0
1506651440,22493222,0.00004804,3147.76558800,1
1506651312,22493131,0.00004832,202.92384105,0
1506651170,22493080,0.00004824,4118.64635157,0
1506650401,22492757,0.00004822,1041.65885524,1
1506650106,22492625,0.00004816,2290.11337209,0
1506649729,22492321,0.00004818,228.96409298,0
1506649548,22492263,0.00004818,3700.00000000,0
1506649168,22492181,0.00004801,100.00000000,1
1506649131,22492177,0.00004811,454.30430263,0
1506649102,22492140,0.00004797,100.00000000,1
1506649080,22492138,0.00004797,100.00000000,0
1506648945,22492123,0.00004787,104.00000000,1
1506648585,22492037,0.00004783,100.00000000,0
1506648549,22492012,0.00004792,100.00000000,1
1506648484,22491985,0.00004784,100.00000000,1
1506647829,22491664,0.00004819,3951.19817389,1
1506647827,22491663,0.00004786,1232.10000000,0
1506647510,22491569,0.00004779,441.73098900,1
1506647434,22491552,0.00004782,3007.95462149,0
1506647396,22491540,0.00004780,6401.79242800,1
1506647386,22491536,0.00004780,1978.36008500,1
1506647385,22491534,0.00004780,1619.84748700,1
1506647385,22491533,0.00004782,102.00000000,1
1506647375,22491530,0.00004796,2276.78648874,0
1506647036,22491421,0.00004797,206.21888680,1
1506647035,22491420,0.00004797,4389.16010451,0
1506646821,22491382,0.00004791,677.60826100,1
1506646808,22491380,0.00004786,193.19515253,1
1506646808,22491378,0.00004792,100.00000000,1
1506646794,22491371,0.00004813,453.76459588,0
1506646556,22491296,0.00004808,220.00000000,0
1506645499,22490824,0.00004809,730.20378457,0
1506644459,22490596,0.00004796,4607.70247396,1
1506644459,22490595,0.00004797,2392.29752604,1
1506644384,22490588,0.00004823,453.26083350,0
1506644191,22490536,0.00004821,2364.55922007,0
1506643735,22490445,0.00004820,237.99419087,0
1506643350,22490371,0.00004819,1000.00000000,0
