date,tid,price,amount,type
1506729600,22556470,0.16610,47.00000000,1
1506729600,22556469,0.16622,80.00000000,1
1506728940,22556380,0.16610,2218.89055472,1
1506728252,22556219,0.16610,1831.30172600,1
1506727862,22556158,0.16610,1054.85300000,1
1506727815,22556124,0.16610,2283.00000000,1
1506727810,22556120,0.16610,2511.00000000,1
1506727806,22556114,0.16610,2739.00000000,1
1506727595,22556008,0.16610,264.96976800,1
1506727573,22556005,0.16650,623.12684685,0
1506727567,22556004,0.16610,819.34670100,1
1506727368,22555965,0.16601,2327.97123932,1
1506727240,22555928,0.16641,4569.31967000,0
1506727240,22555927,0.16622,127.00000000,0
1506726769,22555675,0.16650,1825.71126200,0
1506726769,22555674,0.16626,127.00000000,0
1506726000,22555439,0.16602,99.00000000,1
1506725803,22555358,0.16687,1262.69990000,1
1506725802,22555356,0.16687,450.00000000,1
1506725785,22555334,0.16700,3430.74850299,1
1506725670,22555282,0.16700,455.00000000,1
1506725647,22555277,0.16735,0.00000049,1
1506725645,22555276,0.16735,2398.91345600,1
1506725645,22555275,0.16736,500.00000000,1
1506725463,22555245,0.16735,7491.88789600,1
1506725354,22555217,0.16735,1166.69168300,1
1506725350,22555216,0.16735,2270.00000000,1
1506725316,22555206,0.16735,403.79639300,1
1506725313,22555199,0.16735,1194.46828800,1
1506725307,22555195,0.16735,5000.00000000,1
1506725225,22555160,0.16736,2262.00000000,1
1506724917,22554999,0.16736,344.97576500,1
1506724916,22554998,0.16736,2544.44339100,1
1506724895,22554990,0.16735,20000.00000000,1
1506724835,22554934,0.16736,500.00000000,1
1506724755,22554804,0.16770,539.42700000,1
1506724618,22554608,0.16827,3.79153000,0
1506724618,22554607,0.16800,99.00000000,0
1506723736,22554402,0.16735,1996.65012100,1
1506723696,22554392,0.16735,1774.52807900,1
1506723696,22554391,0.16750,478.47870000,1
1506723692,22554390,0.16750,226.00000000,1
1506723690,22554389,0.16750,495.52130000,1
1506723690,22554388,0.16751,1233.86080000,1
1506723468,22554331,0.16750,2272.00000000,1
1506723466,22554330,0.16750,2145.49107600,1
1506723456,22554321,0.16750,2272.00000000,1
1506723454,22554320,0.16750,227.00000000,1
1506723450,22554318,0.16750,2499.00000000,1
1506723446,22554317,0.16750,2272.00000000,1
1506723443,22554316,0.16750,227.00000000,1
1506723416,22554308,0.16750,1287.66552900,1
1506723409,22554305,0.16750,969.27415100,1
1506723379,22554301,0.16750,3539.07020300,1
1506723330,22554286,0.16751,1119.69800000,1
1506723317,22554282,0.16751,948.30627500,1
1506723305,22554277,0.16750,184.98991045,1
1506723240,22554251,0.16760,1000.00000000,1
1506723211,22554233,0.16750,528.57736700,1
1506723111,22554174,0.16751,1158.89361400,1
1506723093,22554157,0.16750,980.15077153,1
1506723092,22554156,0.16774,178.00769047,1
1506723092,22554155,0.16774,141.99230953,1
1506723082,22554109,0.16750,2207.67585600,1
1506723008,22554069,0.16750,686.65176500,1
1506723002,22554062,0.16750,1019.50630000,1
1506722999,22554061,0.16750,227.00000000,1
1506722996,22554058,0.16750,1206.16295400,1
1506722994,22554055,0.16750,1879.75066500,1
1506722982,22554038,0.16750,227.00000000,1
1506722980,22554037,0.16750,2272.00000000,1
1506722977,22554035,0.16750,227.00000000,1
1506722975,22554034,0.16750,2272.00000000,1
1506722971,22554033,0.16750,2499.00000000,1
1506722968,22554031,0.16750,227.00000000,1
1506722963,22554028,0.16750,2272.00000000,1
1506722948,22554022,0.16750,2272.00000000,1
1506722947,22554020,0.16750,2000.00000000,1
1506722946,22554017,0.16750,227.00000000,1
1506722943,22554014,0.16750,2272.00000000,1
1506722940,22554011,0.16750,227.00000000,1
1506722937,22554010,0.16750,2272.00000000,1
1506722935,22554008,0.16750,2499.00000000,1
1506722930,22554000,0.16750,227.00000000,1
1506722928,22553998,0.16750,158.72836000,1
1506722928,22553997,0.16751,2113.27164000,1
1506722926,22553996,0.16751,227.00000000,1
1506722923,22553974,0.16751,2272.00000000,1
1506722921,22553973,0.16751,227.00000000,1
1506722918,22553969,0.16751,2272.00000000,1
1506722908,22553965,0.16751,2499.00000000,1
1506722907,22553964,0.16751,227.00000000,1
1506722907,22553963,0.16750,47.19960000,1
1506722906,22553962,0.16751,1255.82840000,1
1506722899,22553957,0.16751,227.00000000,1
1506722897,22553956,0.16751,396.14802900,1
1506722784,22553907,0.16790,89.10000000,0
1506722638,22553856,0.16751,125.60632377,1
1506722400,22553759,0.16753,51.35995000,1
1506721904,22553647,0.16794,1031.73210025,1
1506721904,22553646,0.16794,684.12378675,1
1506721888,22553638,0.16794,227.00000000,1
1506721887,22553637,0.16794,2272.00000000,1
1506721883,22553635,0.16794,760.44601100,1
1506721829,22553621,0.16850,5083.62898200,1
1506721827,22553620,0.16844,826.37101800,0
1506721779,22553614,0.16794,10912.92657000,1
1506721779,22553613,0.16802,5939.21046000,1
1506721779,22553612,0.16803,12407.72867000,1
1506721590,22553546,0.16806,989.36446700,1
1506721518,22553533,0.16794,226.00000000,1
1506721513,22553532,0.16793,226.00000000,1
1506721513,22553531,0.16794,962.89721800,1
1506721376,22553494,0.16791,304.64004526,0
1506720881,22553330,0.16751,227.00000000,1
1506720881,22553329,0.16751,1000.30593600,1
1506720699,22553288,0.16750,10000.26337000,1
1506720698,22553284,0.16750,84.43352300,1
1506720693,22553283,0.16750,4348.07820100,1
1506720692,22553282,0.16751,6606.83881000,1
1506720467,22553223,0.16750,4976.00000000,1
1506720457,22553212,0.16751,2272.00000000,1
1506720456,22553211,0.16751,227.00000000,1
1506720452,22553210,0.16751,227.00000000,1
1506720451,22553209,0.16751,2272.00000000,1
1506720449,22553208,0.16751,2499.00000000,1
1506720405,22553200,0.16750,6152.95116199,0
1506720405,22553199,0.16749,1055.23467495,0
1506720396,22553198,0.16749,599.21463000,0
1506720381,22553196,0.16750,835.47391044,0
1506720379,22553194,0.16727,356.00000000,0
1506719921,22553055,0.16749,1500.00000000,0
1506719825,22553023,0.16726,356.00000000,0
1506719767,22553014,0.16721,230.23671417,0
1506719234,22552879,0.16701,1000.00000000,1
1506719192,22552868,0.16701,290.00000000,1
1506719050,22552779,0.16703,190.80000000,1
1506719049,22552778,0.16703,2272.00000000,1
1506719045,22552776,0.16703,1272.00000000,1
1506719044,22552775,0.16703,227.00000000,1
1506719041,22552772,0.16703,2499.00000000,1
1506718954,22552726,0.16701,352.99723000,1
1506718934,22552703,0.16702,680.21495400,1
1506718675,22552611,0.16701,2372.97419000,1
1506718674,22552610,0.16703,10627.02581000,1
1506718074,22552419,0.16750,4758.50791229,0
1506717459,22552226,0.16750,595.52608955,0
1506717287,22552136,0.16750,297.76304478,0
1506717224,22552090,0.16750,1576.32161194,0
1506717224,22552089,0.16749,2468.13883000,0
1506717224,22552088,0.16745,1219.67277888,0
1506717222,22552084,0.16743,6649.67932000,0
1506717067,22552025,0.16700,2174.25149701,1
1506716701,22551806,0.16703,341.31593127,0
1506716578,22551687,0.16711,1248.81814374,1
1506716529,22551645,0.16702,1143.84539055,0
1506716063,22551307,0.16803,118.72951259,0
1506715910,22551270,0.16826,503.91073339,0
1506715845,22551201,0.16828,296.35131922,0
1506715608,22551102,0.16858,8895.90941000,0
1506715607,22551098,0.16968,24330.67108144,1
1506715607,22551096,0.16968,7567.82725100,1
1506715607,22551095,0.16968,1337.48000000,1
1506715607,22551094,0.16968,1110.66965200,1
1506715606,22551091,0.16967,100.91326505,1
1506715606,22551090,0.16967,1336.54740000,1
1506715606,22551083,0.16950,400.00000000,0
1506715606,22551080,0.16950,1000.00000000,0
1506715605,22551078,0.16950,11957.21879760,1
1506715605,22551075,0.16909,2206.66977000,0
1506715605,22551074,0.16900,1000.00000000,0
1506715605,22551073,0.16900,1000.00000000,0
1506715605,22551071,0.16900,3808.53244367,1
1506715604,22551069,0.16888,450.00000000,0
1506715604,22551068,0.16880,3036.00000000,0
1506715604,22551067,0.16880,1238.53870000,1
1506715603,22551066,0.16879,34149.07700000,0
1506715603,22551065,0.16879,1026.34872678,1
1506715603,22551064,0.16860,42807.59844405,0
1506715603,22551063,0.16860,75365.91300000,1
1506715602,22551062,0.16850,15717.66873000,0
1506715602,22551061,0.16849,42499.02800000,0
1506715602,22551060,0.16848,453.81470000,0
1506715602,22551059,0.16782,2944.75671119,0
1506715601,22551058,0.16764,14463.74586801,0
1506715601,22551057,0.16763,2269.07350000,0
1506715601,22551056,0.16757,1263.93290000,0
1506715599,22551055,0.16750,771.35000000,0
1506715361,22551006,0.16677,1570.00000000,1
1506713716,22550479,0.16734,3249.02312242,0
1506712978,22550148,0.16750,1104.12961194,0
1506712976,22550147,0.16749,969.19283660,0
1506712738,22550089,0.16778,32.06580045,0
1506711867,22549612,0.16694,1572.53295290,1
1506711600,22549538,0.16782,0.00000048,1
1506711408,22549467,0.16782,947.19904600,1
1506711389,22549460,0.16780,1702.80095352,0
1506711388,22549458,0.16779,350.00000000,0
1506711348,22549427,0.16780,297.19904648,0
1506711272,22549414,0.16672,1909.24144400,1
1506711264,22549412,0.16754,1240.33430000,1
1506710672,22549230,0.16718,118.00000000,0
1506710332,22549170,0.16724,1088.63000000,1
1506710330,22549169,0.16725,324.94900000,1
1506710330,22549168,0.16736,204.00000000,1
1506710126,22549097,0.16736,118.00000000,0
1506709718,22548962,0.16655,31.12000000,0
1506709716,22548961,0.16654,435.93000000,1
1506709714,22548960,0.16700,150.00000000,1
1506708788,22548456,0.16794,463.91630008,0
1506708706,22548441,0.16822,118.59541077,0
1506708632,22548402,0.16857,12987.35867325,0
1506708632,22548401,0.16857,15527.00582000,1
1506708632,22548400,0.16850,693.07710000,0
1506708631,22548399,0.16705,3465.38549000,0
1506708631,22548397,0.16696,994.66000000,0
1506708631,22548396,0.16693,1254.58870000,0
1506708629,22548394,0.16680,1995.50074962,0
1506708370,22548287,0.16650,299.51951951,0
1506708310,22548237,0.16650,766.66585000,0
1506708280,22548212,0.16650,1000.00000000,0
1506708237,22548201,0.16650,597.77777777,0
1506708141,22548150,0.16574,4603.26268600,0
1506708139,22548149,0.16574,3024.45380000,1
1506708139,22548148,0.16574,5038.76033000,1
1506708119,22548138,0.16608,2648.69861802,1
1506708119,22548137,0.16609,6068.02712000,1
1506708119,22548136,0.16610,2424.62550000,1
1506708119,22548135,0.16644,362.10176198,1
1506708041,22548106,0.16634,118.00000000,0
1506707785,22547974,0.16600,666.99418281,0
1506707744,22547943,0.16582,4227.29390004,1
1506707635,22547881,0.16600,300.42442933,0
1506707624,22547869,0.16600,1180.04626382,0
1506707520,22547811,0.16600,1000.00000000,0
1506707503,22547777,0.16600,528.56700000,0
1506707397,22547717,0.16600,4546.06169100,0
1506707397,22547716,0.16599,4075.78872000,0
1506707396,22547713,0.16599,806.71458700,0
1506707386,22547696,0.16600,1467.57000000,0
1506707178,22547600,0.16674,5000.00000000,0
1506707108,22547507,0.16680,1003.00000000,1
1506707106,22547494,0.16680,2997.00000000,1
1506706986,22547363,0.16695,179.24636119,0
1506706949,22547347,0.16602,130.00000000,1
1506706946,22547345,0.16693,4274.94135266,0
1506706933,22547340,0.16600,258.43957000,1
1506706933,22547339,0.16600,1000.00000000,1
1506706932,22547337,0.16602,1160.50623000,0
1506706931,22547336,0.16602,1887.05420000,1
1506706876,22547329,0.16696,1107.05318639,0
1506706874,22547327,0.16655,88.00000000,0
1506706828,22547304,0.16614,4820.63365420,1
1506706714,22547184,0.16707,29.85293590,0
1506706678,22547169,0.16593,9567.06427928,0
1506706678,22547168,0.16593,6274.53000000,0
1506706677,22547167,0.16593,2182.40204912,0
1506706677,22547166,0.16594,2206.66977000,1
1506706676,22547165,0.16601,297.42375827,1
1506706676,22547163,0.16645,4935.73026845,0
1506706676,22547162,0.16650,368.02655000,1
1506706675,22547161,0.16660,900.00000000,1
1506706675,22547160,0.16661,1280.18904000,1
1506706675,22547159,0.16687,450.00000000,1
1506706674,22547158,0.16690,100.00000000,1
1506706674,22547157,0.16691,6389.24369000,1
1506706674,22547156,0.16691,1250.97820000,0
1506706672,22547155,0.16694,1251.19950000,1
1506706613,22547074,0.16715,1029.89000000,1
1506706612,22547073,0.16695,88.00000000,0
1506706597,22547049,0.16741,960.84068600,1
1506706577,22547015,0.16741,9039.15931400,1
1506706475,22546838,0.16780,1255.54370000,1
1506706473,22546826,0.16793,1187.99499791,1
1506705600,22545949,0.16793,58.51938000,1
1506705399,22545820,0.16863,5327.53304500,1
1506705398,22545819,0.16864,15190.88898000,1
1506705156,22545633,0.16948,87.40264337,0
1506704836,22545487,0.16949,176.54973451,0
1506704704,22545410,0.16950,0.00010766,1
1506704671,22545401,0.16950,171.13339234,1
1506704668,22545398,0.16950,359.59480000,0
1506704650,22545397,0.16950,640.40520000,0
1506704530,22545343,0.16918,29.48061237,0
1506704162,22545198,0.16885,624.00000000,1
1506704160,22545197,0.16900,1500.00000000,1
1506704076,22545165,0.16963,111.72911631,0
1506703308,22544657,0.16965,1129.88653109,0
1506703307,22544655,0.16964,870.15494000,0
1506703307,22544653,0.16963,1309.71310000,1
1506703307,22544652,0.16954,30.90989000,0
1506703305,22544649,0.16914,188.00000000,0
1506702984,22544541,0.16967,1058.23068309,0
1506702787,22544401,0.16968,1.10063478,1
1506702770,22544389,0.16969,73.47999293,0
1506702763,22544377,0.16968,2412.22543728,1
1506702758,22544371,0.16968,2246.29327418,1
1506702756,22544369,0.16968,2246.29327418,1
1506702752,22544366,0.16968,3037.43972598,1
1506702751,22544362,0.16968,3828.91318955,1
1506702750,22544360,0.16968,3038.95849000,1
1506702748,22544358,0.16968,3038.95849000,0
1506702703,22544320,0.16970,587.80000000,0
1506702667,22544301,0.16968,1000.00000000,0
1506702616,22544248,0.16873,2677.57286000,0
1506702610,22544238,0.16876,5000.00000000,1
1506702610,22544237,0.16876,4337.76474000,1
1506702610,22544236,0.16877,2500.00000000,1
1506702607,22544230,0.16877,1257.56000000,1
1506702602,22544213,0.16901,21.83540000,1
1506702602,22544212,0.16902,1221.48460000,1
1506702529,22544126,0.16978,1762.57509718,0
1506702458,22544003,0.16987,603.50687873,1
1506702458,22544002,0.16983,797.52022000,0
1506702458,22544001,0.16983,3987.60108000,0
1506702456,22543997,0.16947,485.72098974,0
1506702270,22543881,0.16947,82.00000000,0
1506702209,22543824,0.16982,69.06207290,1
1506702209,22543823,0.16947,498.74500000,0
1506702209,22543822,0.16909,2206.66977000,0
1506702208,22543821,0.16900,1000.00000000,0
1506702208,22543820,0.16900,150.00000000,0
1506702208,22543819,0.16900,1000.00000000,0
1506702208,22543818,0.16895,625.14810427,0
1506702206,22543817,0.16890,350.00000000,0
1506702169,22543799,0.16850,81.50000000,0
1506702084,22543736,0.16848,188.00000000,0
1506702084,22543735,0.16848,10200.54266000,0
1506702074,22543726,0.16848,4164.54354000,1
1506702074,22543725,0.16848,1496.91380000,1
1506701977,22543557,0.16847,1104.22000000,1
1506701975,22543550,0.16847,2149.43963505,0
1506701832,22543221,0.16847,300.00000000,0
1506701553,22542817,0.16842,658.02302802,1
1506701532,22542762,0.16842,591.97697198,0
1506701148,22542428,0.16822,177.83384853,0
1506701007,22542345,0.16741,35.00000000,0
1506700926,22542296,0.16821,1770.63472100,0
1506700926,22542295,0.16821,3971.87381000,0
1506700924,22542291,0.16778,188.00000000,0
1506700797,22542225,0.16821,2975.38796629,0
1506700726,22542196,0.16815,8009.32352067,0
1506700668,22542154,0.16710,1805.19418599,1
1506700667,22542153,0.16711,4047.13645000,1
1506700667,22542152,0.16713,2156.35910000,1
1506700655,22542150,0.16815,593.27071691,0
1506700630,22542145,0.16822,4611.87920580,0
1506700630,22542144,0.16809,3266.47915000,0
1506700628,22542141,0.16800,130.32711019,0
1506700570,22542089,0.16800,118.75071429,0
1506700469,22542054,0.16805,296.75691758,0
1506700443,22542041,0.16805,255.23808390,0
1506700170,22541983,0.16699,2117.00000000,1
1506700126,22541973,0.16780,297.23069130,0
1506699723,22541696,0.16729,2854.62088472,1
1506699723,22541695,0.16730,1256.76990000,1
1506699722,22541694,0.16750,81.50000000,1
1506699722,22541693,0.16780,9802.23321600,1
1506699721,22541692,0.16805,106.75694953,1
1506699720,22541691,0.16805,190.00000000,0
1506699679,22541687,0.16780,197.76678400,1
1506699472,22541551,0.16775,10000.00000000,1
1506699472,22541550,0.16780,4826.26692000,1
1506699472,22541549,0.16782,6362.04487000,1
1506699471,22541547,0.16783,8941.85641000,1
1506699454,22541521,0.16782,61.61363365,1
1506699454,22541520,0.16782,1458.22905493,1
1506699454,22541519,0.16787,1035.74538200,1
1506699453,22541510,0.16787,3248.07429000,1
1506699453,22541508,0.16788,2769.83083800,1
1506699453,22541507,0.16788,2317.65244600,1
1506699453,22541505,0.16788,1519.84268900,1
1506699452,22541499,0.16787,2744.39192800,1
1506699132,22541155,0.16782,1008.66000000,1
1506699132,22541154,0.16800,50.00000000,1
1506699110,22541136,0.16843,402.93195986,0
1506699108,22541131,0.16842,189.31711115,0
1506698878,22541020,0.16775,5269.55150792,1
1506698876,22541019,0.16787,917.44849208,1
1506698749,22540975,0.16847,319.17605710,0
1506698749,22540974,0.16843,160.14349775,0
1506698747,22540970,0.16816,190.00000000,0
1506698669,22540935,0.16787,623.68815592,1
1506698560,22540906,0.16787,958.86335200,1
1506698329,22540776,0.16821,889.51863742,0
1506698275,22540740,0.16847,1225.50483617,1
1506698275,22540737,0.16843,317.44823000,0
1506698275,22540736,0.16843,1041.98804500,1
1506698274,22540735,0.16817,1388.44620000,0
1506698274,22540734,0.16800,12165.85365854,0
1506698274,22540733,0.16800,8958.72647427,0
1506698274,22540732,0.16800,4534.07030600,1
1506698273,22540731,0.16800,8355.63217400,1
1506698273,22540730,0.16800,2054.90000000,1
1506698273,22540729,0.16799,1587.24114000,0
1506698272,22540728,0.16797,2055.92700000,1
1506698272,22540727,0.16797,2893.68007600,1
1506698272,22540726,0.16797,4510.10024000,1
1506698271,22540725,0.16797,8280.43100000,0
1506698158,22540635,0.16725,2537.68609210,1
1506698086,22540546,0.16793,180.00000000,0
1506698083,22540544,0.16795,593.93045549,0
1506697976,22540477,0.16715,1010.00000000,1
1506697934,22540461,0.16800,3330.90950000,0
1506697933,22540460,0.16799,1669.09050000,0
1506697865,22540428,0.16801,89.05773466,0
1506697637,22540316,0.16789,125.87400000,1
1506697627,22540307,0.16798,10906.82765376,1
1506697627,22540306,0.16798,1922.38000000,1
1506697627,22540305,0.16790,714.05897778,0
1506697625,22540304,0.16788,1303.30710000,0
1506697468,22540222,0.16787,18.41609578,1
1506697466,22540220,0.16748,190.00000000,0
1506696961,22539895,0.16664,1147.27161277,1
1506696946,22539875,0.16670,1046.38420900,1
1506696946,22539872,0.16694,2403.64740000,1
1506696946,22539869,0.16695,5000.00000000,0
1506696945,22539865,0.16732,1235.98020000,1
1506696945,22539864,0.16733,12005.51428000,1
1506696945,22539863,0.16733,2500.00000000,1
1506696944,22539862,0.16750,5362.01835000,0
1506696943,22539858,0.16750,33.00000000,1
1506696927,22539829,0.16888,1476.64939602,1
1506696926,22539828,0.16894,5362.01834970,1
1506696926,22539827,0.16888,450.00000000,0
1506696926,22539826,0.16853,957.69115945,0
1506696925,22539825,0.16853,403.14300000,1
1506696925,22539824,0.16847,53.27785000,0
1506696925,22539823,0.16800,5445.59744429,0
1506696923,22539822,0.16799,266.38924000,0
1506696923,22539821,0.16799,1573.60850000,0
1506696886,22539802,0.16799,593.78534436,0
1506696841,22539778,0.16800,1762.12619047,0
1506696841,22539777,0.16799,316.50207000,0
1506696839,22539776,0.16798,628.98239000,0
1506696256,22539391,0.16800,1400.00000000,0
1506696217,22539362,0.16752,400.00000000,1
1506696040,22539279,0.16665,627.85843480,1
1506696040,22539278,0.16666,2117.60540000,1
1506696026,22539259,0.16657,1323.32071026,1
1506696013,22539256,0.16799,19.82089000,0
1506696013,22539255,0.16721,129.00000000,0
1506695615,22538964,0.16799,600.00000000,0
1506695418,22538777,0.16800,714.82432000,0
1506695288,22538605,0.16800,99.15684524,0
1506695285,22538603,0.16800,578.29520000,0
1506695285,22538602,0.16799,1241.68880000,0
1506695262,22538587,0.16852,1479.76501305,0
1506695253,22538578,0.16854,97.80142200,0
1506695253,22538577,0.16852,747.99154000,0
1506695253,22538576,0.16813,1117.06000000,0
1506695181,22538531,0.16786,1314.92780000,0
1506695153,22538516,0.16886,6600.53803979,1
1506695153,22538515,0.16886,5757.31000000,1
1506695153,22538514,0.16885,5000.00000000,1
1506695153,22538513,0.16885,1942.85240000,1
1506695152,22538512,0.16824,184.68927000,0
1506695152,22538511,0.16813,923.44635000,0
1506695152,22538510,0.16809,6151.37500000,0
1506695151,22538509,0.16808,1527.02588000,1
1506695150,22538508,0.16808,1499.30750000,0
1506695101,22538471,0.16888,601.98436083,1
1506695100,22538470,0.16888,6187.43955200,1
1506695100,22538469,0.16888,1504.92000000,1
1506695100,22538468,0.16850,1000.00000000,0
1506695099,22538467,0.16848,228.01144000,0
1506695099,22538464,0.16800,82.00000000,0
1506695099,22538463,0.16797,958.79635084,0
1506695098,22538461,0.16796,1140.05721000,0
1506695097,22538458,0.16795,1265.39610000,0
1506694872,22538267,0.16769,186.61738923,0
1506694870,22538262,0.16724,129.00000000,0
1506694726,22538133,0.16731,3539.22369704,1
1506694726,22538132,0.16731,1707.35738000,0
1506694383,22537793,0.16608,370.80000000,1
1506694353,22537763,0.16696,617.34732870,0
1506694350,22537762,0.16696,197.64000000,0
1506694348,22537760,0.16682,400.00000000,0
1506693836,22537432,0.16682,59707.47966334,1
1506693836,22537431,0.16682,14445.79932000,0
1506693692,22537352,0.16635,129.00000000,0
1506693486,22537190,0.16725,811.38852017,1
1506693485,22537187,0.16724,1238.54296252,1
1506693485,22537186,0.16724,1766.01589000,0
1506693484,22537185,0.16707,353.20318000,0
1506693380,22537088,0.16727,1000.00000000,0
1506693313,22537047,0.16793,1171.29002227,0
1506693312,22537046,0.16793,2098.23670000,1
1506693312,22537045,0.16709,1260.36360000,0
1506693311,22537043,0.16681,1425.83912000,0
1506693067,22536752,0.16605,1425.83912000,1
1506693067,22536751,0.16605,431.28000000,0
1506693065,22536746,0.16606,3142.88088000,1
1506692984,22536662,0.16600,3012.00000000,1
1506692852,22536549,0.16607,2946.63048000,1
1506692847,22536513,0.16680,2000.00000000,1
1506692825,22536466,0.16700,939.08911820,1
1506692725,22536255,0.16700,4594.26133019,1
1506692725,22536254,0.16700,405.73866981,1
1506692700,22536226,0.16700,489.26133019,1
1506692478,22536034,0.16772,187.60201526,0
1506692476,22536031,0.16737,110.00000000,0
1506692388,22535947,0.16886,4841.66854198,1
1506692388,22535946,0.16850,600.00000000,0
1506692388,22535945,0.16834,518.08314000,0
1506692387,22535944,0.16834,2590.41568000,0
1506692387,22535943,0.16803,2274.37752000,0
1506692387,22535942,0.16802,2045.53540000,0
1506692386,22535937,0.16797,1994.09823184,1
1506692385,22535936,0.16797,8854.39600000,0
1506692060,22535646,0.16790,291.09522959,0
1506692022,22535630,0.16827,59.33933559,0
1506691993,22535627,0.16849,2455.95091696,1
1506691993,22535626,0.16822,517.91411000,1
1506691993,22535625,0.16765,550.00000000,0
1506691992,22535624,0.16762,2589.57053000,1
1506691992,22535623,0.16748,1255.41550000,0
1506691991,22535622,0.16739,2142.03352052,0
1506691956,22535610,0.16739,1344.86647948,0
1506691903,22535520,0.16685,419.69200000,0
1506691901,22535516,0.16685,751.82400000,0
1506691872,22535495,0.16746,3316.02000000,0
1506691651,22535089,0.16777,1172.71008540,0
1506691417,22534837,0.16835,94.60000000,0
1506691377,22534794,0.16813,131.80621037,0
1506691306,22534779,0.16856,372.82208116,0
1506691287,22534774,0.16861,81.93737026,0
1506691227,22534744,0.16680,1708.00830000,0
1506691227,22534742,0.16687,450.00000000,1
1506691226,22534739,0.16700,82.00000000,1
1506691226,22534736,0.16701,1821.21355000,1
1506691225,22534735,0.16702,1599.00000000,1
1506691225,22534734,0.16779,500.00000000,1
1506691225,22534733,0.16780,100.00000000,1
1506691223,22534730,0.16884,2739.77815000,1
1506691223,22534729,0.16795,2412.80445000,0
1506691223,22534728,0.16787,1237.41740000,0
1506691222,22534727,0.16785,110.00000000,0
1506691128,22534638,0.16832,64.41831036,0
1506691048,22534611,0.16850,1043.11263489,0
1506691046,22534609,0.16806,132.15607125,0
1506691000,22534582,0.16792,4339.62093130,1
1506690998,22534580,0.16793,4749.54899000,1
1506690995,22534576,0.16794,954.24170469,0
1506690994,22534575,0.16793,7538.01822970,1
1506690905,22534548,0.16794,954.86025117,1
1506690903,22534544,0.16794,954.38285087,1
1506690694,22534372,0.16806,1955.45694954,0
1506690621,22534320,0.16806,6215.05058121,0
1506690620,22534318,0.16805,520.17178000,0
1506690620,22534316,0.16805,4542.00000000,0
1506690608,22534262,0.16780,2853.30333900,1
1506690530,22534186,0.16806,3694.33639800,0
1506690367,22534039,0.16807,1705.00000000,1
1506690079,22533863,0.16828,110.00000000,1
1506689998,22533734,0.16894,1200.00000000,0
1506689945,22533712,0.16868,4500.00000000,0
1506689811,22533574,0.16867,2587.53257840,0
1506689809,22533568,0.16853,369.75012493,0
1506689791,22533555,0.16853,130.00000000,0
1506689520,22533317,0.16825,1560.43300000,0
1506689513,22533308,0.16824,1768.51844100,0
1506689493,22533259,0.16893,3890.94844018,0
1506689493,22533258,0.16888,450.00000000,0
1506689493,22533257,0.16871,990.00000000,0
1506689493,22533256,0.16868,376.58415541,0
1506689493,22533255,0.16868,55.58359377,0
1506689492,22533254,0.16855,200.00000000,0
1506689492,22533253,0.16853,345.10223000,0
1506689492,22533252,0.16801,1000.00000000,0
1506689491,22533251,0.16780,4000.00000000,0
1506689491,22533250,0.16779,1725.51114000,0
1506689491,22533249,0.16765,539.15409656,0
1506689490,22533245,0.16764,1250.04730000,0
1506689447,22533193,0.16751,4859.26362220,0
1506689447,22533192,0.16748,1244.51460000,0
1506689367,22533022,0.16720,958.89059058,1
1506689232,22532756,0.16730,233.54233100,1
1506689205,22532735,0.16730,3766.45766900,1
1506689193,22532724,0.16762,595.09974943,0
1506689105,22532656,0.16763,171.71352000,0
1506689007,22532575,0.16724,55.04060000,1
1506689006,22532573,0.16724,396.19710000,1
1506689006,22532571,0.16724,396.19710000,1
1506689006,22532569,0.16724,396.19710000,1
1506689004,22532565,0.16719,48.88820000,0
1506689004,22532564,0.16719,396.19710000,0
1506689004,22532561,0.16719,396.19710000,0
1506689003,22532559,0.16719,396.19710000,0
1506688965,22532520,0.16732,411.64720296,1
1506688963,22532518,0.16719,125.00000000,0
1506688821,22532399,0.16701,377.54690000,1
1506688800,22532385,0.16701,55.76427000,1
1506688725,22532339,0.16757,118.99588232,0
1506688658,22532305,0.16749,815.89319893,0
1506688550,22532221,0.16750,250.00000000,1
1506688382,22532108,0.16779,594.49311639,0
1506688244,22532007,0.16871,15.88773635,1
1506688244,22532006,0.16870,602.90492596,0
1506688243,22532005,0.16824,2217.76259000,0
1506688243,22532003,0.16824,2360.43399000,1
1506688243,22532002,0.16823,472.08680000,0
1506688243,22532001,0.16797,2360.43399000,0
1506688242,22532000,0.16796,1470.95834500,1
1506688241,22531999,0.16796,2366.17510000,0
1506688222,22531995,0.16802,215.38763242,0
1506688222,22531994,0.16800,82.20575000,0
1506688217,22531979,0.16824,1256.61514312,1
1506688217,22531978,0.16803,3250.00000000,0
1506688216,22531977,0.16800,1000.00000000,0
1506688216,22531975,0.16799,100.00000000,0
1506688216,22531972,0.16797,412.78972000,0
1506688215,22531971,0.16771,34.76330000,0
1506688215,22531970,0.16768,498.79000000,0
1506688215,22531968,0.16767,2063.94859000,0
1506688214,22531965,0.16766,1941.35590000,0
1506688185,22531919,0.16760,2339.40161097,0
1506688184,22531917,0.16756,1781.80360000,0
1506688184,22531916,0.16746,80.73432000,0
1506688184,22531915,0.16745,398.80059970,0
1506688183,22531914,0.16744,161.62999994,0
1506687742,22531429,0.16663,39.22287291,1
1506687710,22531418,0.16734,40.38231780,0
1506687661,22531350,0.16740,69.23572497,1
1506687626,22531300,0.16740,556.18643432,1
1506687615,22531290,0.16745,6123.31935156,1
1506687615,22531288,0.16745,398.80059970,1
1506687612,22531285,0.16745,52.44894000,0
1506687588,22531253,0.16741,39.40417000,0
1506687561,22531232,0.16740,1374.57784071,0
1506687546,22531210,0.16740,854.38966929,0
1506687546,22531208,0.16713,958.95143798,0
1506687544,22531200,0.16712,913.22903825,0
1506687528,22531179,0.16700,5320.37000000,1
1506687375,22530971,0.16713,1034.94285885,0
1506687356,22530944,0.16700,733.41191178,0
1506687356,22530943,0.16700,1266.58808822,0
1506687292,22530855,0.16700,627.17455090,0
1506687137,22530738,0.16613,43.18191000,0
1506687130,22530732,0.16616,431.28000000,0
1506687120,22530715,0.16618,994.66143703,0
1506687109,22530707,0.16618,108.35910000,1
1506687099,22530688,0.16621,120.02960111,0
1506687093,22530676,0.16624,431.28000000,0
1506686918,22530494,0.16626,431.28000000,0
1506686911,22530490,0.16630,582.06999811,1
1506686696,22530343,0.16630,5417.93000000,1
1506686681,22530325,0.16631,5358.47000000,1
1506686681,22530324,0.16671,30.00000000,1
1506686679,22530323,0.16630,0.00000189,1
1506686679,22530322,0.16660,349.52598811,1
1506686679,22530321,0.16668,1100.00000000,1
1506686677,22530319,0.16659,250.47401189,0
1506686542,22530222,0.16662,620.00000000,0
1506686479,22530150,0.16664,299.29974796,0
1506686462,22530141,0.16619,112.50000000,0
1506686321,22529979,0.16631,1452.20932795,1
1506686320,22529978,0.16650,100.00000000,1
1506686320,22529977,0.16651,550.10909000,1
1506686319,22529975,0.16651,11843.12615000,1
1506686285,22529943,0.16659,6700.48000000,1
1506686158,22529814,0.16631,3089.79067205,1
1506686015,22529705,0.16631,11997.00000000,1
1506685751,22529319,0.16631,1500.00000000,0
1506685612,22529121,0.16600,972.17353000,1
1506685612,22529120,0.16600,3027.82647000,1
1506685591,22529097,0.16678,1982.26769394,0
1506685591,22529096,0.16678,517.73230606,0
1506685566,22529076,0.16665,1000.00000000,1
1506685457,22528813,0.16551,1105.00000000,1
1506685360,22528658,0.16552,179.88922268,1
1506685358,22528654,0.16632,0.00000019,1
1506685337,22528634,0.16632,2944.75671100,1
1506685274,22528566,0.16637,179.88922282,0
1506685264,22528550,0.16650,2000.00000000,1
1506685261,22528546,0.16698,293.31386992,0
1506685171,22528419,0.16700,231.13883733,0
1506685055,22528214,0.16700,1000.00000000,0
1506684996,22528193,0.16682,963.52000000,1
1506684828,22528055,0.16679,75.00000000,0
1506684799,22528013,0.16683,239.16705628,0
1506684724,22527972,0.16676,375.79345944,1
1506684696,22527952,0.16676,253.20654056,0
1506684606,22527883,0.16676,509.59351164,0
1506684606,22527882,0.16676,686.86331254,0
1506684581,22527862,0.16670,3156.04566200,1
1506684093,22527105,0.16598,166.50000000,0
1506684054,22527037,0.16676,763.18145838,1
1506684053,22527034,0.16676,433.27536580,0
1506683971,22526949,0.16642,40334.83004158,0
1506683971,22526948,0.16641,804.26075000,0
1506683970,22526946,0.16615,4703.88279200,1
1506683970,22526945,0.16615,7095.34520800,1
1506683970,22526944,0.16614,4021.30377000,0
1506683968,22526943,0.16613,3010.16922000,0
1506683823,22526903,0.16616,1200.77720270,0
1506683339,22526563,0.16542,1024.31332400,1
1506683314,22526543,0.16693,1019.09084084,0
1506683305,22526518,0.16518,166.50000000,0
1506682742,22526122,0.16496,6381.48175820,1
1506682742,22526121,0.16496,3409.88330000,1
1506682742,22526120,0.16496,208.63494180,1
1506682667,22526016,0.16674,1342.00000000,0
1506682203,22525633,0.16395,1919.82307272,0
1506682203,22525632,0.16500,208.74147554,1
1506682202,22525631,0.16506,3318.70843910,0
1506682202,22525630,0.16550,4117.11794561,1
1506682202,22525629,0.16550,372.99163107,1
1506682202,22525628,0.16556,3645.66498177,0
1506682201,22525627,0.16606,1601.91745388,1
1506682201,22525626,0.16666,0.00000031,1
1506682199,22525625,0.16684,465.03500000,1
1506682161,22525570,0.16684,9063.59000000,1
1506682159,22525569,0.16684,471.37500000,1
1506682144,22525558,0.16732,112.28614421,0
1506682144,22525557,0.16690,300.00000000,0
1506682144,22525555,0.16687,450.00000000,0
1506682142,22525551,0.16676,3958.34751000,0
1506682112,22525528,0.16684,591.96211940,0
1506682089,22525495,0.16666,588.24057000,1
1506682087,22525491,0.16685,298.89121965,0
1506682084,22525487,0.16666,652.93400000,1
1506682076,22525486,0.16666,341.32000000,1
1506682066,22525470,0.16666,6951.73000000,1
1506682048,22525446,0.16655,2240.28623000,0
1506682048,22525445,0.16630,0.00012027,0
1506681998,22525339,0.16606,863.31200000,1
1506681990,22525333,0.16606,0.67571612,1
1506681990,22525332,0.16608,964.66428388,1
1506681983,22525309,0.16630,399.99987973,0
1506681974,22525285,0.16608,35.33559569,0
1506681972,22525277,0.16608,964.66440431,0
1506681958,22525221,0.16606,1129.81223654,0
1506681957,22525210,0.16605,672.47878000,0
1506681955,22525201,0.16604,6156.03711204,0
1506681954,22525199,0.16579,593.76094469,0
1506681953,22525192,0.16550,543.99546828,0
1506681952,22525188,0.16550,4650.32471299,0
1506681951,22525183,0.16550,1805.67981873,0
1506681951,22525182,0.16550,2849.91202417,0
1506681950,22525161,0.16550,4650.08797583,0
1506681913,22525061,0.16549,1000.69346417,0
1506681820,22524839,0.16538,301.54795017,0
1506681802,22524824,0.16487,143.00000000,0
1506681580,22524466,0.16500,604.00000000,1
1506681579,22524461,0.16512,201.94216327,1
1506681577,22524459,0.16510,100.00000000,0
1506681062,22524210,0.16500,50.00000000,1
1506680966,22524077,0.16532,3278.31302000,0
1506680946,22524055,0.16389,1614.65910000,1
1506680946,22524054,0.16390,1659.75761000,0
1506680944,22524052,0.16430,480.00000000,1
1506680944,22524051,0.16432,8286.58329000,1
1506680928,22524022,0.16431,2782.58870800,1
1506680927,22524021,0.16431,2463.01164000,1
1506680927,22524019,0.16431,1597.10018200,1
1506680927,22524018,0.16431,2313.62980000,1
1506680876,22523975,0.16439,1766.28086000,0
1506680875,22523973,0.16438,7489.82451500,1
1506680875,22523972,0.16439,6272.77679200,1
1506680875,22523971,0.16439,1653.61075900,1
1506680875,22523969,0.16439,1202.04626600,1
1506680856,22523956,0.16541,1206.09394837,0
1506680821,22523945,0.16455,4173.00000000,1
1506680821,22523944,0.16484,600.00000000,1
1506680707,22523862,0.16548,14865.95340826,1
1506680706,22523858,0.16548,203.78311579,0
1506680616,22523767,0.16579,195.67453302,0
1506680616,22523766,0.16579,967.08100000,1
1506680616,22523765,0.16546,1083.15000000,0
1506680614,22523764,0.16516,143.00000000,0
1506680530,22523723,0.16546,100.00000000,0
1506680481,22523705,0.16573,2567.34822295,1
1506680479,22523702,0.16564,442.86413000,0
1506680206,22523611,0.16484,452.63282828,1
1506680149,22523581,0.16569,2837.14278906,1
1506680148,22523580,0.16569,172.93627426,0
1506679891,22523338,0.16578,578.58239835,1
1506679891,22523337,0.16577,526.17520000,0
1506679891,22523336,0.16569,1563.51919200,1
1506679889,22523335,0.16569,341.31309297,0
1506679694,22523173,0.16566,3484.42274139,1
1506679693,22523172,0.16566,495.66100000,1
1506679692,22523171,0.16566,1085.89000000,1
1506679691,22523169,0.16566,955.33496318,1
1506679643,22523142,0.16563,602.24971322,0
1506679527,22523096,0.16437,1487.50947440,1
1506679527,22523095,0.16455,56.89207000,1
1506679434,22523047,0.16570,7345.75202172,0
1506679433,22523044,0.16569,2195.63872292,1
1506679432,22523043,0.16569,2500.00000000,0
1506679418,22523022,0.16572,790.67350586,0
1506679418,22523020,0.16572,2500.00000000,0
1506679418,22523018,0.16572,1279.80640000,0
1506679418,22523017,0.16572,203.24293990,0
1506679394,22523010,0.16565,283.66503857,0
1506679394,22523009,0.16541,129.91980000,0
1506679394,22523008,0.16541,649.59901000,0
1506679392,22523007,0.16476,143.00000000,0
1506679201,22522895,0.16455,285.70733000,1
1506679165,22522880,0.16558,549.47783549,0
1506679065,22522811,0.16448,1697.00000000,1
1506679064,22522810,0.16455,303.00000000,1
1506678988,22522761,0.16547,1576.94953768,0
1506678986,22522760,0.16546,532.99493000,0
1506678915,22522739,0.16560,41.00688502,0
1506678877,22522720,0.16566,1074.39316310,0
1506678876,22522719,0.16565,732.00138000,0
1506678757,22522675,0.16601,1601.60472260,1
1506678757,22522674,0.16580,50.00000000,0
1506678757,22522673,0.16579,151.18789000,0
1506678755,22522672,0.16573,0.08464974,0
1506678747,22522669,0.16573,295.51771556,1
1506678729,22522641,0.16573,2713.99149220,1
1506678567,22522448,0.16573,115.43970000,1
1506678565,22522446,0.16573,185.50346000,0
1506678450,22522352,0.16543,602.97406758,0
1506678443,22522348,0.16436,341.58905900,1
1506678193,22522046,0.16566,5570.53271761,0
1506678191,22522044,0.16540,134.00000000,0
1506678191,22522043,0.16540,317.58268482,0
1506678070,22521962,0.16530,301.75607985,0
1506678053,22521946,0.16533,2889.87673139,0
1506678000,22521906,0.16473,123.29266071,1
1506677944,22521877,0.16526,2303.34065527,0
1506677843,22521808,0.16489,1557.29870000,0
1506677832,22521802,0.16577,29529.65029860,0
1506677831,22521801,0.16550,12642.25000000,0
1506677831,22521800,0.16550,11078.66400000,1
1506677831,22521799,0.16540,384.51820000,1
1506677831,22521798,0.16540,4753.09189200,1
1506677830,22521797,0.16500,15179.03311184,0
1506677830,22521796,0.16492,1922.59099000,0
1506677829,22521794,0.16491,10442.95408000,0
1506677542,22521645,0.16490,2117.07707234,0
1506677394,22521512,0.16493,907.17273995,0
1506677393,22521510,0.16494,100.42000000,0
1506677385,22521502,0.16494,604.76912817,0
1506677354,22521494,0.16491,1866.17750754,0
1506677354,22521492,0.16490,2531.55917000,1
1506677352,22521491,0.16490,1651.14954578,0
1506677105,22521301,0.16473,726.64359861,0
1506677077,22521247,0.16447,1819.49212622,0
1506676966,22521177,0.16476,1000.00000000,0
1506676954,22521165,0.16478,2131.41802154,0
1506676954,22521164,0.16468,696.20875000,0
1506676954,22521163,0.16468,3481.04373000,0
1506676952,22521161,0.16450,50.00000000,0
1506676917,22521124,0.16318,325.93402791,0
1506676915,22521121,0.16318,608.00224327,1
1506676910,22521120,0.16463,198.58245763,1
1506676908,22521119,0.16393,409.00000000,0
1506676800,22521048,0.16358,37.87780000,1
1506676646,22520976,0.16421,1214.90774008,0
1506676630,22520961,0.16374,340.90023600,0
1506676619,22520940,0.16397,39.40417000,1
1506676619,22520938,0.16400,5000.00000000,1
1506676619,22520936,0.16436,1414.99309841,1
1506676518,22520810,0.16436,585.00690159,1
1506676518,22520806,0.16440,134.00000000,1
1506676517,22520793,0.16450,31.00000000,1
1506676516,22520791,0.16450,249.99309841,1
1506675862,22520082,0.16453,1000.00000000,1
1506675655,22519832,0.16503,30.22195964,0
1506675583,22519784,0.16479,13306.30000000,1
1506675161,22519567,0.16437,100.00000000,1
1506675109,22519543,0.16538,826.65963236,0
1506675107,22519540,0.16440,200.00000000,0
1506674935,22519423,0.16540,120.61012031,0
1506674902,22519341,0.16499,1048.88223951,1
1506674900,22519340,0.16499,1.11776049,0
1506674844,22519302,0.16499,1632.38184132,0
1506674824,22519281,0.16496,3363.84500387,1
1506674799,22519259,0.16496,702.17100000,1
1506674730,22519200,0.16496,1804.94849387,1
1506674729,22519198,0.16496,553.21700000,1
1506674728,22519196,0.16496,1250.60332116,1
1506674727,22519192,0.16496,1254.32304802,1
1506674653,22519131,0.16496,423.25412221,0
1506674551,22519061,0.16493,222.10683320,0
1506674513,22519036,0.16484,62.00000000,0
1506674513,22519035,0.16447,238.00000000,0
1506674474,22519023,0.16410,816.19591713,1
1506674471,22519020,0.16410,815.78809001,1
1506674467,22519016,0.16410,974.80400174,1
1506674378,22518968,0.16400,975.27252300,0
1506674342,22518951,0.16400,0.00007841,1
1506674341,22518948,0.16400,1499.99957318,1
1506674339,22518947,0.16400,0.00034841,0
1506674168,22518802,0.16334,490.39111000,1
1506674166,22518801,0.16397,509.60889000,1
1506674104,22518743,0.16400,1705.00640900,0
1506674103,22518741,0.16400,3881.05124259,0
1506674102,22518738,0.16399,974.79047170,0
1506674102,22518737,0.16399,730.21628571,0
1506674011,22518589,0.16331,1524.78905114,1
1506674006,22518578,0.16399,11808.56717671,1
1506674006,22518576,0.16399,730.21635466,1
1506674000,22518565,0.16399,3151.49815000,1
1506673999,22518564,0.16399,15719.01063000,0
1506673998,22518563,0.16384,4315.48631000,0
1506673985,22518557,0.16385,3036.01786628,0
1506673900,22518402,0.16331,2235.79869596,0
1506673899,22518401,0.16331,4398.12000000,0
1506673894,22518396,0.16331,2142.76000000,0
1506673893,22518393,0.16331,5199.80741404,0
1506673892,22518391,0.16331,15736.18062000,1
1506673776,22518337,0.16337,207.59753933,0
1506673774,22518336,0.16337,400.00000000,0
1506673747,22518311,0.16337,167192.77282212,1
1506673747,22518310,0.16338,2486.96290855,1
1506673729,22518294,0.16345,974.02232100,0
1506673685,22518266,0.16338,2535.56168176,1
1506673684,22518263,0.16337,1103.92038500,1
1506673638,22518204,0.16337,1379.12000000,1
1506673633,22518198,0.16337,1160.00000000,1
1506673612,22518175,0.16337,2100.00000000,1
1506673604,22518165,0.16338,4316.88103900,0
1506673603,22518163,0.16338,3089.79067205,0
1506673591,22518140,0.16338,6961.15596000,0
1506673586,22518138,0.16338,7692.33672000,1
1506673570,22518115,0.16338,741.58000000,1
1506673569,22518114,0.16338,534.20800000,1
1506673557,22518106,0.16337,2000.00000000,1
1506673528,22518085,0.16340,10000.00000000,0
1506673520,22518078,0.16340,10000.00000000,0
1506673497,22518062,0.16340,5404.27392719,1
1506673497,22518061,0.16340,558.58400000,1
1506673486,22518056,0.16340,2673.86831281,0
1506673422,22517965,0.16337,4788.47021097,0
1506673358,22517859,0.16340,2681.68182374,0
1506673358,22517858,0.16337,615.32292887,0
1506673356,22517856,0.16321,238.00000000,0
1506673081,22517569,0.16345,997.00587000,1
1506673074,22517557,0.16353,1654.36086000,0
1506673073,22517556,0.16352,207.31525000,0
1506673058,22517528,0.16353,973.59840194,0
1506673056,22517527,0.16352,246.31515000,0
1506673030,22517510,0.16345,243.28036000,1
1506673009,22517490,0.16353,8789.14640151,0
1506673008,22517489,0.16352,360.46119000,0
1506672965,22517464,0.16352,305.01045744,0
1506672944,22517442,0.16353,566.61100000,0
1506672880,22517346,0.16352,152.51956947,0
1506672860,22517336,0.16353,6070.39192700,0
1506672853,22517334,0.16353,148.14581000,0
1506672852,22517333,0.16352,787.51197000,0
1506672851,22517332,0.16345,1000.00000000,1
1506672845,22517330,0.16352,935.65778000,0
1506672816,22517303,0.16353,8054.56378300,0
1506672816,22517302,0.16352,1369.25529000,0
1506672810,22517300,0.16353,5877.71201900,0
1506672810,22517299,0.16352,1369.25529000,0
1506672810,22517298,0.16351,2000.19110000,0
1506672743,22517270,0.16353,2000.00000000,1
1506672547,22517133,0.16362,1400.00000000,1
1506672292,22517008,0.16426,2000.00000000,1
1506672276,22516996,0.16499,238.56627013,0
1506672274,22516992,0.16498,970.58862343,0
1506672262,22516976,0.16498,1867.09822026,1
1506672259,22516975,0.16498,502.52176022,0
1506672149,22516913,0.16499,180.00000000,0
1506672049,22516875,0.16499,500.00000000,0
1506672038,22516869,0.16499,1085.56493896,0
1506672038,22516868,0.16498,490.95271000,0
1506672037,22516867,0.16430,238.00000000,0
1506672023,22516860,0.16360,2893.55106000,0
1506672023,22516859,0.16412,2550.00000000,1
1506672022,22516858,0.16417,52.44894000,1
1506671958,22516774,0.16499,274.00000000,0
1506671913,22516751,0.16500,1042.93800000,0
1506671908,22516744,0.16500,627.95868600,0
1506671908,22516743,0.16498,2879.22287000,0
1506671895,22516739,0.16437,996.76607941,1
1506671893,22516738,0.16476,236.23392059,1
1506671886,22516736,0.16500,2129.69259400,0
1506671886,22516735,0.16499,2377.92085000,0
1506671880,22516732,0.16499,1042.93800000,0
1506671869,22516717,0.16499,1598.00000000,0
1506671868,22516715,0.16499,331.00000000,0
1506671864,22516714,0.16499,1991.96200000,0
1506671843,22516704,0.16499,1598.00000000,0
1506671726,22516621,0.16500,1138.49832100,0
1506671722,22516620,0.16577,2100.00000000,1
1506671722,22516619,0.16577,4928.04940410,1
1506671605,22516519,0.16577,2173.27346000,1
1506671605,22516518,0.16592,7826.72654000,1
1506671396,22516299,0.16596,10000.00000000,0
1506671336,22516210,0.16590,3934.36514155,0
1506671327,22516200,0.16577,898.67713590,1
1506671327,22516199,0.16577,429.72059243,1
1506671327,22516197,0.16578,9530.24160000,1
1506671327,22516195,0.16578,3113.57853867,1
1506671319,22516183,0.16578,964.76697633,1
1506671307,22516150,0.16577,426.16763000,0
1506671307,22516142,0.16577,602.04138000,0
1506671292,22516088,0.16578,2470.63485881,0
1506671292,22516087,0.16577,2152.87582000,0
1506671290,22516074,0.16577,348.09048618,0
1506671290,22516072,0.16577,615.10457672,0
1506671287,22516064,0.16577,962.70975328,0
1506671273,22516020,0.16574,157.48382596,0
1506671198,22515962,0.16434,2657.51894356,1
1506671198,22515961,0.16503,368.54557256,1
1506671125,22515840,0.16527,593.78721000,0
1506671125,22515837,0.16527,2968.93603000,0
1506671123,22515818,0.16500,134.00000000,0
1506671122,22515814,0.16471,0.39900000,0
1506671097,22515735,0.16449,236.00000000,0
1506670999,22515548,0.16414,300.00000000,1
1506670614,22515078,0.16490,450.00000000,1
1506670614,22515077,0.16500,120.00000000,1
1506670436,22514951,0.16506,3820.00100000,1
1506670353,22514807,0.16600,2500.00000000,1
1506670353,22514803,0.16600,3714.36943800,1
1506670353,22514801,0.16601,2500.00000000,1
1506670352,22514793,0.16600,8249.49581300,1
1506670320,22514770,0.16600,1253.80347900,1
1506670302,22514763,0.16601,519.00000000,1
1506670302,22514762,0.16602,500.00000000,1
1506670241,22514730,0.16601,4117.92970900,1
1506670156,22514690,0.16523,4305.00000000,0
1506670154,22514687,0.16600,970.00000000,1
1506670008,22514518,0.16686,2153.04590674,0
1506670008,22514517,0.16685,482.80747000,0
1506670007,22514516,0.16640,599.70014992,0
1506670007,22514515,0.16639,96.56149000,0
1506670006,22514514,0.16636,10989.63900000,0
1506670006,22514512,0.16636,3508.50000000,0
1506669970,22514458,0.16737,392.14429109,0
1506669969,22514456,0.16687,450.00000000,0
1506669969,22514454,0.16655,2240.28623000,0
1506669969,22514453,0.16640,956.84027218,0
1506669968,22514451,0.16639,231.53839000,0
1506669968,22514450,0.16571,1695.92512957,0
1506669965,22514443,0.16571,555.65687043,0
1506669965,22514439,0.16569,46.30768000,0
1506669963,22514436,0.16500,0.00000182,0
1506669934,22514417,0.16500,725.43324811,0
1506669934,22514416,0.16490,450.00000000,0
1506669934,22514414,0.16488,2262.99228000,0
1506669934,22514412,0.16477,1385.48344189,0
1506669924,22514390,0.16477,8614.51655811,0
1506669924,22514389,0.16476,263.70744189,0
1506669922,22514386,0.16476,75.12922811,1
1506669909,22514362,0.16476,402.57822000,1
1506669895,22514335,0.16476,681.00900000,1
1506669892,22514332,0.16476,2896.89315000,1
1506669892,22514331,0.16470,1045.02660000,0
1506669861,22514297,0.16476,5000.00000000,0
1506669829,22514256,0.16435,61.73533000,0
1506669796,22514139,0.16405,2274.37752000,0
1506669751,22514090,0.16323,2285.87791000,0
1506669714,22514028,0.16300,197.02831367,0
1506669713,22514022,0.16300,1788.95705500,0
1506669712,22514017,0.16300,1244.01463133,0
1506669696,22513999,0.16300,134.00000000,0
1506669686,22513995,0.16300,10000.00000000,0
1506669669,22513986,0.16300,6636.00000000,0
1506669669,22513985,0.16297,13364.00000000,0
1506669655,22513957,0.16296,40.00000000,0
1506669601,22513893,0.16296,2439.37140250,0
1506669600,22513892,0.16259,235.49884050,0
1506669600,22513887,0.16274,0.50115950,1
1506669585,22513870,0.16296,1177.04400000,0
1506669561,22513849,0.16296,1572.53295287,0
1506669513,22513777,0.16296,963.26491163,0
1506669511,22513774,0.16279,46.77723000,0
1506669490,22513713,0.16240,715.40284050,0
1506669310,22513558,0.16240,783.27000000,0
1506669251,22513495,0.16240,675.97678300,0
1506669244,22513480,0.16201,1244.59000000,1
1506669175,22513415,0.16240,122.84556650,0
1506669087,22513320,0.16222,1577.74247141,0
1506668994,22513235,0.16102,22.71781211,1
1506668994,22513234,0.16102,3508.50000000,1
1506668994,22513233,0.16115,493.58536489,1
1506668990,22513231,0.16232,1296.65974618,0
1506668982,22513214,0.16100,273.00000000,1
1506668982,22513213,0.16151,200.00000000,1
1506668922,22513174,0.16107,4175.96355000,1
1506668922,22513173,0.16108,14679.25485000,1
1506668922,22513172,0.16119,34.76330000,1
1506668922,22513171,0.16120,330.16900000,1
1506668879,22513139,0.16197,380.41229857,0
1506668878,22513138,0.16159,236.00000000,0
1506668428,22512765,0.16120,568.43100000,1
1506668420,22512759,0.16120,1.40000000,1
1506668420,22512758,0.16122,2000.00000000,1
1506668294,22512657,0.16200,753.02000000,1
1506668294,22512656,0.16200,5746.98000000,1
1506668284,22512637,0.16112,1400.00000000,1
1506668204,22512577,0.16215,30.75874191,0
1506668142,22512542,0.16194,2946.58533117,1
1506668141,22512540,0.16194,786.15519000,0
1506667999,22512433,0.16053,400.00000000,1
1506667979,22512422,0.16050,382.00000000,1
1506667969,22512418,0.16211,615.32292887,0
1506667909,22512367,0.16119,4106.15555000,1
1506667908,22512365,0.16114,4225.45963000,0
1506667908,22512364,0.16112,3464.00000000,0
1506667907,22512360,0.16111,10000.00000000,0
1506667880,22512333,0.16122,1608.68142910,0
1506667823,22512275,0.16140,618.02973977,0
1506667746,22512245,0.15980,21718.58865070,0
1506667745,22512244,0.15980,629.21749000,0
1506667745,22512242,0.15981,4777.25406956,1
1506667745,22512241,0.15982,14369.88300000,1
1506667745,22512240,0.15983,8310.69891000,1
1506667745,22512239,0.15984,1659.33225000,1
1506667605,22512151,0.16124,618.64686182,0
1506667375,22511823,0.15918,2296.85793750,1
1506667352,22511785,0.15915,320.00000000,0
1506667351,22511782,0.15915,270.00000000,0
1506667350,22511778,0.15915,2486.29739239,0
1506667350,22511774,0.15915,1244.70047126,0
1506667349,22511771,0.15915,2486.29739239,0
1506667348,22511768,0.15914,4348.59710000,1
1506667347,22511765,0.15915,2484.98699340,0
1506667347,22511763,0.15915,508.12836946,0
1506667346,22511761,0.15915,735.18510838,0
1506667346,22511760,0.15915,1849.37453800,0
1506667345,22511756,0.15915,2484.48432296,0
1506667343,22511753,0.15915,2482.88495130,0
1506667343,22511751,0.15915,1242.19321395,0
1506667342,22511747,0.15915,2482.88495130,0
1506667341,22511742,0.15915,784.90800000,0
1506667340,22511740,0.15915,2480.97650794,0
1506667340,22511739,0.15915,8733.12000000,0
1506667337,22511733,0.15915,8446.67003000,1
1506667331,22511721,0.15915,5024.00000000,1
1506667278,22511621,0.15940,15179.03311184,1
1506667113,22511502,0.15999,100.00000000,0
1506667103,22511495,0.16000,187.03237500,0
1506667065,22511463,0.16000,56.10968750,0
1506666653,22511226,0.15913,45.00000000,1
1506666651,22511225,0.16036,108.19865814,0
1506666580,22511190,0.15913,2382.43453366,1
1506666578,22511186,0.15938,1424.56546634,1
1506666574,22511183,0.15938,872.92972366,1
1506666568,22511177,0.15970,2167.00000000,1
1506666568,22511176,0.16000,100.00000000,1
1506666433,22511084,0.16173,585.93390218,0
1506666197,22510995,0.16041,3622.22567171,0
1506666197,22510994,0.16040,3595.79255800,1
1506666195,22510993,0.15991,320.00000000,0
1506666036,22510935,0.16035,4867.00511381,0
1506666034,22510931,0.16034,2026.88489150,0
1506666034,22510930,0.16034,5199.80741430,0
1506665990,22510899,0.15939,1235.00000000,1
1506665916,22510860,0.16021,933.93627114,0
1506665915,22510858,0.16021,25.50129084,1
1506665914,22510856,0.16021,967.49870916,1
1506665905,22510853,0.16021,7.00000000,0
1506665898,22510848,0.15999,2000.00000000,1
1506665838,22510815,0.16040,10000.00000000,1
1506665644,22510688,0.16037,2488.26021076,0
1506665584,22510650,0.16054,1640.00000000,0
1506665362,22510541,0.15999,3117.40177511,0
1506665216,22510468,0.16047,993.21941795,1
1506665216,22510467,0.16046,15580.14044000,1
1506665214,22510466,0.15970,10657.69341267,0
1506665212,22510465,0.15970,624.79949906,0
1506665209,22510462,0.15970,909.10000000,0
1506665191,22510450,0.15970,2500.00000000,0
1506665147,22510415,0.16000,500.00000000,1
1506664868,22510167,0.15970,100.00000000,0
1506664865,22510158,0.15939,662.57823000,1
1506664865,22510157,0.15939,1837.42177000,1
1506664865,22510155,0.15950,150.00000000,1
1506664864,22510153,0.15960,46.77723000,1
1506664844,22510123,0.15990,205.44400000,1
1506664842,22510119,0.15990,794.55600000,1
1506664780,22510079,0.16040,621.88665835,0
1506664772,22510074,0.15999,1451.56974300,1
1506664739,22510004,0.15999,548.43025700,1
1506664739,22510003,0.15999,124.68999000,1
1506664739,22510002,0.16000,12642.25000000,1
1506664739,22510001,0.16000,3538.00000000,1
1506664722,22509994,0.16000,1462.00000000,1
1506664722,22509993,0.16000,8364.00000000,1
1506664722,22509992,0.16000,13240.62500000,1
1506664722,22509991,0.16000,933.37500000,1
1506664722,22509990,0.16000,1000.00000000,1
1506664722,22509989,0.16000,1000.00000000,1
1506664721,22509988,0.16000,1000.00000000,1
1506664721,22509987,0.16000,304.10000000,1
1506664720,22509986,0.16000,300.00000000,1
1506664720,22509985,0.16000,100.00000000,1
1506664720,22509984,0.16000,2400.00000000,1
1506664720,22509983,0.16000,6276.62097630,1
1506664638,22509961,0.16000,6192.12896135,1
1506664638,22509960,0.16000,50.00000000,1
1506664638,22509959,0.16000,403.62331065,1
1506664638,22509958,0.16001,2842.14001000,1
1506664593,22509953,0.16001,654.40942308,1
1506664581,22509948,0.16000,271.37668935,1
1506664581,22509947,0.16000,947.66049800,1
1506664581,22509946,0.16000,1870.31243765,1
1506664581,22509945,0.16000,1000.00000000,1
1506664527,22509916,0.16032,6259.51160000,1
1506664482,22509901,0.16030,6223.00000000,1
1506664465,22509887,0.16031,5664.75228570,1
1506664461,22509884,0.16031,3618.00000000,1
1506664449,22509875,0.16031,2805.24764500,1
1506664379,22509833,0.16032,6800.00000000,1
1506664265,22509707,0.16005,2213.51990809,1
1506664265,22509705,0.16050,286.48009191,1
1506664126,22509563,0.16050,267.51990809,1
1506664124,22509558,0.16070,44.77265875,1
1506664115,22509549,0.16070,12057.41919000,1
1506664047,22509476,0.16105,3489.88831000,0
1506664019,22509443,0.16050,100.00000000,1
1506663793,22509304,0.16074,48.59039000,0
1506663788,22509302,0.16002,1132.18846200,1
1506663776,22509290,0.16000,655.00000000,1
1506663776,22509289,0.16000,1406.51000000,1
1506663775,22509288,0.16000,100.00000000,1
1506663775,22509286,0.16000,120.00000000,1
1506663775,22509285,0.16000,100.00000000,1
1506663764,22509266,0.16000,715.00000000,1
1506663764,22509265,0.16000,600.00000000,1
1506663746,22509249,0.16000,630.00000000,1
1506663746,22509248,0.16000,250.00000000,1
1506663746,22509246,0.16000,300.00000000,1
1506663746,22509245,0.16001,2500.00000000,1
1506663735,22509243,0.16000,1000.00000000,1
1506663734,22509242,0.16000,750.00000000,1
1506663734,22509241,0.16000,3095.00000000,1
1506663734,22509240,0.16005,7000.00000000,1
1506663734,22509239,0.16006,2500.00000000,1
1506663724,22509229,0.16000,1000.00000000,1
1506663723,22509227,0.16000,3075.00000000,1
1506663723,22509226,0.16001,2500.00000000,1
1506663685,22509184,0.16070,2493.39103920,1
1506663685,22509183,0.16036,145.00000000,0
1506663683,22509179,0.16001,0.00000229,0
1506663648,22509114,0.16001,133.31085000,0
1506663611,22509034,0.16001,56.12299231,0
1506663575,22508987,0.16001,623.39853759,0
1506663458,22508863,0.16001,4364.26473000,1
1506663458,22508862,0.16001,2822.90288781,1
1506663251,22508733,0.16083,4342.00099484,0
1506663240,22508730,0.16001,7151.41121754,1
1506663240,22508729,0.16001,750.00000000,1
1506663239,22508728,0.16001,500.05000000,1
1506663239,22508727,0.16001,1169.08062446,1
1506663239,22508726,0.16002,7000.00000000,1
1506663098,22508633,0.16001,701.66573280,1
1506663098,22508632,0.16001,4298.33426720,1
1506663083,22508623,0.16082,68.22882726,0
1506663079,22508622,0.16001,314.07434000,1
1506663079,22508621,0.16002,6610.55566000,1
1506663009,22508581,0.16001,9851.33726081,1
1506663009,22508580,0.16001,2622.73779919,1
1506663007,22508578,0.16002,8525.92494000,1
1506662966,22508569,0.16004,590.00000000,0
1506662900,22508541,0.16004,428.00000000,0
1506662890,22508539,0.16004,2578.40000000,1
1506662786,22508430,0.16074,1354.59016021,0
1506662784,22508422,0.16076,2492.10974186,0
1506662708,22508353,0.16001,2377.26220081,1
1506662707,22508352,0.16002,5586.04987000,1
1506662707,22508351,0.16003,1853.38661000,1
1506662707,22508350,0.16007,9265.86530000,1
1506662706,22508349,0.16019,2285.87791000,1
1506662706,22508348,0.16036,625.14810427,1
1506662704,22508338,0.16038,1237.70108492,1
1506662667,22508307,0.16085,619.72000000,0
1506662660,22508297,0.16088,619.76000000,0
1506662652,22508289,0.16091,619.60000000,0
1506662645,22508281,0.16098,119.33000000,0
1506662645,22508280,0.16040,500.00000000,0
1506662636,22508272,0.16102,619.26000000,0
1506662634,22508271,0.16105,619.03000000,0
1506662632,22508269,0.16106,619.03000000,0
1506662609,22508246,0.16041,345.20964214,1
1506662608,22508240,0.16073,618.07000000,0
1506662607,22508236,0.16073,618.36999956,1
1506662597,22508224,0.16073,15204.96077800,1
1506662597,22508223,0.16131,618.37000000,1
1506662587,22508209,0.16135,742.09215990,0
1506662587,22508208,0.16135,618.18000000,0
1506662578,22508198,0.16126,618.45000000,0
1506662576,22508194,0.16126,618.45000000,0
1506662551,22508159,0.16132,618.22000000,0
1506662541,22508132,0.16135,618.11000000,0
1506662526,22508111,0.16123,618.60000000,0
1506662518,22508094,0.16123,618.57000000,0
1506662474,22508010,0.16073,3743.70513400,1
1506662474,22508009,0.16100,1861.11285000,1
1506662468,22507992,0.16138,617.80000000,0
1506662461,22507984,0.16143,617.72000000,0
1506662446,22507958,0.16100,413.26467000,1
1506662446,22507957,0.16113,61.73533000,1
1506662412,22507886,0.16159,472.54019431,1
1506662410,22507883,0.16133,145.00000000,0
1506662387,22507809,0.16170,616.84000000,0
1506662378,22507793,0.16169,616.62000000,0
1506662305,22507604,0.16218,614.75000000,0
1506662297,22507585,0.16224,614.64000000,0
1506662258,22507521,0.16260,613.20000000,0
1506662247,22507507,0.16269,612.98000000,0
1506662214,22507452,0.16133,4626.00495436,1
1506662213,22507451,0.16181,2262.99228000,1
1506662213,22507450,0.16182,2223.73276564,1
1506662211,22507448,0.16182,2229.40315400,1
1506662211,22507447,0.16222,2000.00000000,1
1506662210,22507444,0.16223,1045.63893300,1
1506662210,22507443,0.16223,3799.52579200,1
1506662209,22507441,0.16223,2645.20224300,1
1506662089,22507350,0.16223,509.63303200,1
1506661804,22507102,0.16222,41.00000000,1
1506661776,22507094,0.16216,2464.94695000,1
1506661776,22507093,0.16217,7651.48958000,1
1506661776,22507092,0.16218,2357.21961000,1
1506661776,22507091,0.16218,1526.34386000,1
1506661736,22507078,0.16279,612.71000000,0
1506661729,22507073,0.16277,612.83000000,1
1506661728,22507064,0.16279,270.58302000,0
1506661712,22507056,0.16280,270.00000000,0
1506661703,22507043,0.16285,2000.00000000,1
1506661703,22507042,0.16286,1596.25029000,1
1506661646,22506990,0.16285,851.05542000,0
1506661607,22506950,0.16294,450.00000000,1
1506661607,22506949,0.16295,1642.57126000,1
1506661540,22506910,0.16301,145.00000000,0
1506661263,22506798,0.16319,1500.00000000,1
1506661025,22506680,0.16298,145.68018000,0
1506660995,22506638,0.16302,56.31982000,0
1506660607,22506356,0.16400,3795.14748445,1
1506660575,22506318,0.16400,259.45423100,1
1506660548,22506307,0.16400,5983.45788400,1
1506660278,22506060,0.16400,1001.34928746,1
1506660278,22506059,0.16400,3487.00777054,1
1506660278,22506058,0.16401,2538.12378900,1
1506660277,22506057,0.16401,3717.67159300,1
1506660276,22506056,0.16401,4488.35705800,1
1506660252,22506048,0.16400,8678.84588800,1
1506660096,22505964,0.16450,200.00000000,1
1506660044,22505943,0.16462,200.00000000,0
1506660038,22505938,0.16490,200.00000000,1
1506660037,22505937,0.16490,618.14940584,1
1506660036,22505929,0.16490,331.89284416,1
1506660024,22505907,0.16500,936.06271712,1
1506660024,22505905,0.16500,2629.87987879,1
1506660012,22505895,0.16500,201.67817000,1
1506660010,22505891,0.16500,2629.57200000,1
1506660007,22505884,0.16500,1304.96328733,1
1506660007,22505881,0.16500,8267.69548100,1
1506660006,22505880,0.16500,1862.11995435,1
1506660005,22505877,0.16500,200.12478000,1
1506660005,22505873,0.16500,1042.88812122,1
1506659996,22505866,0.16500,1950.23075900,1
1506659996,22505865,0.16500,2698.99533334,1
1506659993,22505861,0.16500,641.12843090,1
1506659992,22505858,0.16500,11494.55745500,1
1506659992,22505852,0.16500,2062.22490200,1
1506659976,22505837,0.16501,3277.33453300,1
1506659976,22505836,0.16501,1150.04225000,1
1506659972,22505804,0.16501,1608.14264100,1
1506659965,22505796,0.16502,3727.59715500,1
1506659963,22505777,0.16502,5782.58287000,1
1506659939,22505768,0.16500,4885.47717400,1
1506659895,22505755,0.16490,450.00000000,0
1506659895,22505754,0.16488,1849.95775000,0
1506659697,22505679,0.16488,413.03453000,0
1506659622,22505652,0.16455,4948.85803708,1
1506658843,22505063,0.16429,602.00000000,0
1506658617,22504843,0.16454,454.67947004,0
1506658586,22504787,0.16465,1185.61488005,0
1506658410,22504668,0.16335,936.81850000,1
1506658387,22504619,0.16430,1500.00000000,1
1506658312,22504569,0.16421,220.66073929,0
1506658312,22504568,0.16405,2274.37752000,0
1506658312,22504567,0.16402,3526.88959271,0
1506658310,22504566,0.16340,0.00009984,0
1506658020,22504239,0.16340,2713.60350516,0
1506658018,22504235,0.16340,286.39639500,0
1506658018,22504234,0.16339,2713.60360000,0
1506658010,22504208,0.16321,1792.22483800,1
1506658009,22504206,0.16322,1965.64568169,0
1506658004,22504184,0.16322,1258.43780831,0
1506657996,22504165,0.16319,473.02432598,0
1506657964,22504095,0.16310,2576.42143338,0
1506657890,22503962,0.16199,3000.00000000,1
1506657781,22503848,0.16185,3390.54000000,1
1506657776,22503840,0.16279,612.75000000,0
1506657769,22503828,0.16276,612.68000000,0
1506657717,22503734,0.16318,602.00000000,0
1506657667,22503639,0.16360,609.50000000,0
1506657664,22503630,0.16200,3390.54000000,0
1506657660,22503619,0.16200,609.46000000,0
1506657620,22503560,0.16222,517.64518044,0
1506657615,22503549,0.16222,1281.46487074,1
1506657612,22503542,0.16220,819.70583000,0
1506657612,22503541,0.16220,151.70001377,0
1506657611,22503536,0.16220,1301.91003742,0
1506657609,22503523,0.16220,2644.91909881,0
1506657606,22503510,0.16158,231.62768030,0
1506657605,22503507,0.16158,370.37231970,0
1506657603,22503497,0.16201,343.91420876,0
1506657584,22503451,0.16194,615.70000000,0
1506657574,22503445,0.16194,615.93000000,0
1506657548,22503415,0.16197,615.70000000,0
1506657537,22503403,0.16188,615.78000000,0
1506657460,22503307,0.16080,5758.04000000,1
1506657456,22503299,0.16176,178.86852410,0
1506657456,22503298,0.16173,436.87147590,0
1506657453,22503296,0.16173,616.54000000,0
1506657377,22503167,0.16161,616.84000000,0
1506657336,22503068,0.16171,616.73000000,0
1506657333,22503060,0.16172,616.73000000,0
1506657261,22502936,0.16177,616.31000000,0
1506657208,22502882,0.16161,3004.62607900,0
1506657204,22502879,0.16074,3264.55298460,1
1506657203,22502878,0.16084,213.12857473,1
1506657203,22502877,0.16100,2074.37752000,1
1506657203,22502876,0.16100,200.00000000,1
1506657201,22502874,0.16101,840.28290117,1
1506657194,22502867,0.16101,200.00000000,1
1506657083,22502716,0.16073,23318.68218857,1
1506657082,22502713,0.16100,1743.22981366,1
1506657082,22502711,0.16100,900.00000000,1
1506657082,22502710,0.16100,800.00000000,1
1506657082,22502709,0.16100,200.00000000,1
1506657082,22502708,0.16100,2000.00000000,1
1506657082,22502707,0.16111,1619.67599777,1
1506657081,22502706,0.16120,620.00000000,1
1506657081,22502705,0.16123,1040.00000000,1
1506657081,22502704,0.16124,8758.41200000,1
1506657075,22502694,0.16143,1912.33012619,1
1506657075,22502693,0.16180,31.00000000,1
1506657058,22502654,0.16181,2262.99228000,1
1506657058,22502653,0.16185,209.54587581,1
1506657021,22502583,0.16187,617.09817000,1
1506656998,22502550,0.16200,0.00004019,1
1506656996,22502545,0.16200,936.34438681,1
1506656996,22502544,0.16200,1269.37925500,1
1506656993,22502536,0.16200,784.44065600,1
1506656989,22502522,0.16200,784.24962700,1
1506656987,22502515,0.16200,784.05901900,1
1506656982,22502475,0.16200,392.02581900,1
1506656961,22502439,0.16200,360.66148500,1
1506656956,22502418,0.16200,1328.37025100,1
1506656956,22502417,0.16200,392.00393000,1
1506656956,22502412,0.16200,392.00393000,1
1506656952,22502398,0.16200,392.00382717,1
1506656948,22502388,0.16200,391.96253087,1
1506656946,22502382,0.16200,1442.49524296,1
1506656946,22502381,0.16200,750.00000000,1
1506656946,22502380,0.16200,250.00000000,1
1506656946,22502379,0.16200,30.00000000,1
1506656946,22502377,0.16204,1231.17748704,1
1506656946,22502376,0.16210,50.00000000,1
1506656945,22502374,0.16222,1200.61995333,1
1506656945,22502373,0.16222,517.64524692,1
1506656938,22502361,0.16222,6072.76630502,1
1506656925,22502328,0.16243,2229.45810503,0
1506656906,22502294,0.16222,2026.92800000,1
1506656904,22502284,0.16222,43893.10099407,1
1506656868,22502226,0.16222,3312.64000000,1
1506656863,22502213,0.16222,2645.06755900,1
1506656753,22502013,0.16225,844.11813200,0
1506656685,22501949,0.16229,7628.15781000,0
1506656672,22501925,0.16229,162.94953300,1
1506656672,22501922,0.16230,229.01304300,1
1506656671,22501921,0.16230,667.77558600,1
1506656671,22501919,0.16230,1269.88450300,1
1506656669,22501914,0.16230,1059.68585800,1
1506656668,22501910,0.16229,667.72328200,1
1506656668,22501909,0.16229,1662.00692700,1
1506656665,22501901,0.16229,2997.53115200,1
1506656664,22501899,0.16229,391.96257600,1
1506656620,22501863,0.16229,100.00000000,0
1506656616,22501858,0.16229,3565.22491000,0
1506656614,22501855,0.16229,391.96257600,1
1506656612,22501849,0.16229,10434.18605700,1
1506656612,22501846,0.16229,391.96257600,1
1506656546,22501733,0.16229,4342.63534400,1
1506656545,22501725,0.16229,391.96257600,1
1506656534,22501668,0.16229,3876.41378000,1
1506656532,22501665,0.16229,391.96257600,1
1506656524,22501647,0.16229,335.69900400,0
1506656522,22501645,0.16229,391.96257600,1
1506656521,22501643,0.16290,622.58373200,0
1506656521,22501641,0.16260,370.00000000,0
1506656487,22501548,0.16274,1480.10329594,1
1506656487,22501542,0.16274,391.96257600,1
1506656474,22501500,0.16278,3530.33900649,1
1506656471,22501489,0.16279,1574.80314961,1
1506656464,22501451,0.16278,391.69719868,1
1506656462,22501425,0.16278,391.43266987,1
1506656461,22501420,0.16278,391.43273130,1
1506656459,22501416,0.16278,391.16887825,1
1506656457,22501406,0.16277,449.91558642,1
1506656452,22501396,0.16276,449.63418531,1
1506656426,22501347,0.16276,390.96884985,1
1506656321,22501155,0.16280,340.73125300,1
1506656215,22500962,0.16357,5275.06810540,0
1506656081,22500760,0.16274,442.59900000,1
1506656074,22500758,0.16264,25351.80000000,1
1506656074,22500757,0.16273,3348.20000000,1
1506656028,22500683,0.16460,3050.65890100,0
1506656021,22500658,0.16462,1622.48789825,0
1506656021,22500657,0.16462,1276.52120000,0
1506655978,22500400,0.16222,500.00000000,1
1506655978,22500399,0.16222,830.00000000,1
1506655978,22500397,0.16222,2676.48060843,1
1506655978,22500396,0.16222,2489.10313000,1
1506655978,22500395,0.16222,534.41626157,1
1506655978,22500393,0.16222,1954.68686843,1
1506655977,22500391,0.16222,47453.83438200,1
1506655977,22500390,0.16222,10110.54807700,1
1506655977,22500389,0.16222,7646.17478247,1
1506655977,22500387,0.16222,132.59266000,1
1506655977,22500385,0.16222,4000.00000000,1
1506655977,22500384,0.16222,295.85543955,1
1506655977,22500382,0.16222,80.89398000,1
1506655976,22500379,0.16222,116.44622000,1
1506655976,22500376,0.16222,558.20754944,1
1506655976,22500375,0.16222,274.39236944,1
1506655976,22500374,0.16222,231.14018000,1
1506655976,22500372,0.16222,389.36882000,1
1506655976,22500371,0.16222,9225.12946500,1
1506655976,22500369,0.16222,684.36303000,1
1506655976,22500367,0.16222,6254.21354846,1
1506655976,22500366,0.16222,0.87392000,1
1506655975,22500364,0.16231,3852.47390000,0
1506655975,22500363,0.16250,6864.51877000,1
1506655975,22500361,0.16250,1000.00000000,1
1506655975,22500358,0.16270,616.15703749,1
1506655974,22500356,0.16274,6130.02335013,1
1506655974,22500355,0.16274,140.99053705,1
1506655974,22500354,0.16275,14727.45100000,0
1506655973,22500350,0.16280,1501.23547312,1
1506655973,22500346,0.16290,30620.01227747,1
1506655973,22500342,0.16294,450.00000000,1
1506655972,22500339,0.16300,3300.00000000,1
1506655972,22500338,0.16300,500.00000000,1
1506655972,22500336,0.16300,1500.00000000,1
1506655972,22500334,0.16300,200.00000000,1
1506655972,22500332,0.16300,6000.00000000,1
1506655972,22500328,0.16302,2447.55244755,1
1506655971,22500327,0.16306,1010.00000000,1
1506655971,22500325,0.16320,730.86391540,1
1506655971,22500323,0.16320,3269.13608460,1
1506655970,22500320,0.16342,610.39040509,1
1506655970,22500318,0.16345,4420.47351031,1
1506655969,22500315,0.16345,13252.25336969,1
1506655969,22500313,0.16348,500.00000000,1
1506655969,22500311,0.16364,5000.00000000,1
1506655969,22500310,0.16386,8341.41562934,1
1506655969,22500309,0.16400,0.00006097,1
1506655968,22500304,0.16400,1499.99993903,1
1506655968,22500303,0.16400,491.21951219,1
1506655968,22500302,0.16400,1000.00000000,1
1506655968,22500300,0.16400,150.00000000,1
1506655968,22500298,0.16400,4000.00000000,1
1506655769,22499672,0.16476,0.00005620,1
1506655644,22499578,0.16476,2058.56281865,1
1506655599,22499544,0.16476,4857.07390000,1
1506655569,22499515,0.16485,5000.00000000,1
1506655564,22499506,0.16486,3479.26793000,1
1506655491,22499466,0.16559,114.87016773,1
1506655490,22499464,0.16559,1830.69659377,1
1506655490,22499462,0.16559,4078.38534913,0
1506655482,22499461,0.16477,307.21632700,1
1506655454,22499431,0.16482,733.72841000,1
1506655322,22499342,0.16469,370.00000000,0
1506655249,22499231,0.16453,555.00000000,1
1506655129,22499146,0.16545,602.90492596,0
1506654663,22498780,0.16465,3660.32010789,0
1506654662,22498779,0.16465,2567.36423079,0
1506654662,22498778,0.16465,1649.99993921,0
1506654576,22498720,0.16477,3301.99359000,0
1506654547,22498681,0.16491,1780.33500000,0
1506654539,22498675,0.16493,2323.06464990,0
1506654539,22498674,0.16492,449.99993710,0
1506654377,22498441,0.16441,1621.71299400,0
1506654377,22498440,0.16420,289.26568000,0
1506654310,22498364,0.16418,80.73432000,1
1506654290,22498344,0.16420,1000.00000000,1
1506654290,22498343,0.16420,3500.00000000,1
1506654206,22498313,0.16428,11279.18133774,1
1506654109,22498234,0.16428,2820.39034300,1
1506654107,22498224,0.16428,3483.86635926,1
1506654107,22498223,0.16429,7759.48411000,1
1506654106,22498222,0.16450,650.00000000,1
1506654106,22498221,0.16450,1000.00000000,1
1506654106,22498220,0.16463,0.00006074,1
1506654093,22498211,0.16463,1228.99993926,1
1506654067,22498191,0.16463,291.00000000,1
1506654063,22498189,0.16490,0.00000226,1
1506654062,22498187,0.16490,449.99999774,1
1506654062,22498186,0.16500,600.00000000,1
1506654062,22498185,0.16500,4570.40299226,1
1506654048,22498155,0.16500,5425.75603819,1
1506654048,22498154,0.16500,370.00000000,1
1506654048,22498153,0.16500,10209.24396181,1
1506654047,22498150,0.16500,51790.75603819,1
1506654047,22498149,0.16500,70.00000000,1
1506654047,22498148,0.16500,370.80000000,1
1506654047,22498147,0.16500,1000.00000000,1
1506654047,22498145,0.16500,467.16296381,1
1506654008,22498108,0.16500,1649.99993941,1
1506653978,22498105,0.16500,423.97980393,1
1506653930,22498057,0.16500,14742.22260600,1
1506653845,22497983,0.16500,7726.92900000,1
1506653843,22497976,0.16501,2780.06501500,1
1506653817,22497957,0.16500,2814.73951516,1
1506653812,22497945,0.16500,102.63678788,1
1506653800,22497929,0.16500,11617.53199000,1
1506653793,22497925,0.16500,4347.89838788,1
1506653793,22497924,0.16500,1000.00000000,1
1506653353,22497487,0.16500,1698.19551000,1
1506653353,22497485,0.16500,801.80449000,1
1506653353,22497483,0.16500,150.00000000,1
1506653352,22497481,0.16500,1000.00000000,1
1506653352,22497479,0.16500,50.00000000,1
1506653352,22497478,0.16500,430.45710000,1
1506653352,22497475,0.16501,799.73841000,1
1506653045,22496982,0.16607,795.20011766,1
1506653045,22496981,0.16605,4355.38967534,0
1506653044,22496980,0.16554,33.00000000,0
1506652973,22496830,0.16501,517.13963000,1
1506652934,22496748,0.16501,545.20997700,1
1506652930,22496738,0.16500,500.00000000,1
1506652929,22496736,0.16500,69.54290000,1
1506652929,22496735,0.16500,1000.00000000,1
1506652929,22496734,0.16500,2430.45710000,1
1506652928,22496728,0.16500,2569.54290000,1
1506652927,22496727,0.16500,3000.00000000,1
1506652927,22496724,0.16500,6500.00000000,1
1506652927,22496721,0.16500,200.00000000,1
1506652927,22496719,0.16500,2000.00000000,1
1506652927,22496717,0.16500,200.00000000,1
1506652926,22496716,0.16500,159.81818181,1
1506652926,22496715,0.16500,600.00000000,1
1506652926,22496714,0.16500,1985.62948500,1
1506652926,22496713,0.16501,5000.00000000,1
1506652926,22496712,0.16510,500.00000000,1
1506652926,22496711,0.16511,666.37726300,1
1506652908,22496681,0.16511,7345.81365700,1
1506652821,22496431,0.16511,9101.39164800,1
1506652811,22496393,0.16511,200.00000000,1
1506652804,22496384,0.16511,181.46433200,1
1506652801,22496380,0.16512,32.99999000,1
1506652787,22496346,0.16512,2593.37451551,1
1506652770,22496307,0.16512,100.02054795,1
1506652718,22496093,0.16511,70.60894138,1
1506652718,22496092,0.16513,429.39105862,1
1506652714,22496069,0.16513,69.00000000,1
1506652710,22496054,0.16550,3082.85523000,1
1506652709,22496053,0.16573,216.03062627,1
1506652685,22495930,0.16573,413.43441459,1
1506652685,22495928,0.16593,201.86697294,1
1506652685,22495927,0.16594,0.00000047,1
1506652680,22495914,0.16594,2112.54614400,1
1506652630,22495713,0.16594,298.54469762,1
1506652629,22495706,0.16594,2802.89472099,1
1506652629,22495703,0.16594,1296.72417608,1
1506652627,22495690,0.16594,1305.52332272,1
1506652625,22495669,0.16594,2527.33611929,1
1506652625,22495666,0.16594,1663.02083239,1
1506652623,22495654,0.16594,500.00000000,1
1506652621,22495646,0.16594,4900.94999644,1
1506652620,22495645,0.16594,1202.24177414,1
1506652620,22495642,0.16594,1000.00000000,1
1506652620,22495640,0.16594,1731.62062830,1
1506652620,22495637,0.16600,1500.00000000,1
1506652620,22495636,0.16600,1000.00000000,1
1506652620,22495635,0.16600,1500.00000000,1
1506652620,22495634,0.16610,44.88164112,1
1506652619,22495628,0.16610,455.11835888,1
1506652607,22495590,0.16640,0.00000022,1
1506652606,22495587,0.16640,2414.14413800,1
1506652602,22495574,0.16640,956.21188027,1
1506652598,22495552,0.16640,955.77887697,1
1506652595,22495546,0.16640,954.71198768,1
1506652587,22495518,0.16640,18498.81205283,1
1506652581,22495503,0.16640,1276.29501202,1
1506652580,22495490,0.16640,1231.18794717,1
1506652579,22495483,0.16640,954.23044831,1
1506652574,22495461,0.16640,8570.55457900,1
1506652566,22495439,0.16640,500.00000000,1
1506652561,22495433,0.16640,22029.48686700,1
1506652560,22495426,0.16640,2641.79554960,1
1506652560,22495424,0.16653,10.28147540,1
1506652534,22495308,0.16653,2142.89293755,1
1506652532,22495293,0.16653,2413.93816400,1
1506652532,22495291,0.16653,2757.33621100,1
1506652531,22495288,0.16653,2873.77107100,1
1506652530,22495276,0.16653,1540.91119215,1
1506652530,22495271,0.16653,512.61184000,1
1506652530,22495266,0.16653,905.27865427,1
1506652528,22495253,0.16653,966.05346441,1
1506652517,22495193,0.16653,5433.70103100,1
1506652512,22495188,0.16653,1105.82587600,1
1506652511,22495186,0.16653,1446.70709400,1
1506652463,22495083,0.16653,1804.00000000,1
1506652383,22494919,0.16653,907.68866800,1
1506652382,22494915,0.16653,3802.30634400,1
1506652356,22494885,0.16654,2466.18429300,1
1506652354,22494882,0.16654,1875.67977700,1
1506652326,22494858,0.16653,3880.98306100,1
1506652325,22494857,0.16678,1387.01693900,1
1506652291,22494820,0.16678,15932.84883100,1
1506652291,22494818,0.16687,233.51512500,1
1506652270,22494780,0.16687,216.48487500,1
1506652270,22494779,0.16700,477.84000000,1
1506652270,22494778,0.16700,692.69206400,1
1506652258,22494761,0.16700,193.18048600,1
1506652213,22494667,0.16700,114.12745000,1
1506652213,22494665,0.16700,200.00000000,1
1506652213,22494663,0.16700,685.87255000,1
1506652211,22494655,0.16700,500.00000000,1
1506652211,22494654,0.16700,1814.12745000,1
1506652211,22494653,0.16704,525.87255000,1
1506652211,22494652,0.16704,418.56942000,1
1506652211,22494651,0.16704,4726.43058000,1
1506652206,22494632,0.16703,1234.94365945,1
1506652206,22494631,0.16740,1055.55555555,1
1506652050,22494216,0.16762,0.00000019,1
1506651886,22493966,0.16762,4568.51179900,1
1506651885,22493962,0.16762,7039.28827200,1
1506651796,22493855,0.16762,2325.67993900,1
1506651784,22493843,0.16762,545.69893900,1
1506651714,22493770,0.16762,500.00000000,1
1506651714,22493769,0.16762,1000.00000000,1
1506651714,22493768,0.16762,260.18663420,1
1506651713,22493767,0.16762,993.70429661,1
1506651713,22493766,0.16780,48.92694539,1
1506651711,22493764,0.16780,751.07305461,1
1506651711,22493763,0.16784,74.28950191,1
1506651711,22493762,0.16792,40.00000000,1
1506651711,22493761,0.16800,200.00000000,1
1506651710,22493760,0.16800,300.00000000,1
1506651710,22493759,0.16809,2090.78288648,1
1506651705,22493753,0.16809,1419.67313200,1
1506651618,22493623,0.16809,500.00000000,1
1506651613,22493616,0.16809,1339.10000000,1
1506651612,22493614,0.16809,1863.48742200,1
1506651612,22493613,0.16840,173.57347800,1
1506651548,22493544,0.16840,7213.23731000,1
1506651534,22493471,0.16840,6866.03518700,1
1506651534,22493469,0.16840,2012.99524700,1
1506651534,22493468,0.16840,4297.89715800,1
1506651523,22493458,0.16847,1871.67300000,1
1506651488,22493356,0.16840,9436.26162000,1
1506651488,22493353,0.16847,11146.12207000,1
1506651484,22493320,0.16850,944.16394176,1
1506651417,22493186,0.16847,5000.00000000,1
1506651417,22493185,0.16847,1000.00000000,1
1506651414,22493177,0.16849,5229.97107600,1
1506651413,22493176,0.16888,450.00000000,1
1506651406,22493174,0.16900,15005.09427400,1
1506651406,22493173,0.16901,1208.82965000,1
1506650671,22492884,0.16965,1130.74000000,0
1506650671,22492883,0.16936,33.00000000,0
1506650641,22492877,0.16900,2804.90572600,1
1506650641,22492876,0.16900,60.00000000,1
1506650640,22492875,0.16900,100.00000000,1
1506650640,22492874,0.16914,104.40986000,1
1506647085,22491451,0.16932,1884.44331322,1
1506647084,22491450,0.16932,11106.15543678,1
1506647084,22491449,0.16939,9194.89226022,1
1506647083,22491446,0.16939,872.85898300,1
1506647083,22491445,0.16941,9546.08678000,1
1506646805,22491377,0.16939,500.00000000,1
1506646800,22491372,0.16939,33.00000000,1
1506644869,22490660,0.16977,33.00000000,0
1506644860,22490657,0.17000,2000.00000000,1
1506644859,22490655,0.17000,1393.02130788,1
1506644822,22490645,0.17000,1540.74339800,1
1506643942,22490475,0.17104,72.66814002,0
1506643575,22490397,0.17060,33.00000000,0
