date,tid,price,amount,type
1506729280,22556429,0.19689,532.18498095,0
1506728939,22556379,0.19596,1950.00000000,0
1506728936,22556378,0.19596,270.00000000,0
1506728935,22556377,0.19596,270.00000000,1
1506728577,22556328,0.19584,4560.05000000,1
1506728576,22556327,0.19636,809.95000000,1
1506728573,22556326,0.19591,119.00000000,0
1506728572,22556325,0.19531,2071.05223381,1
1506728572,22556324,0.19531,2537.09450000,0
1506728572,22556323,0.19560,2327.97123932,1
1506728572,22556322,0.19580,114394.10198000,1
1506728571,22556321,0.19580,1150.60000000,0
1506728571,22556320,0.19582,2193.04680000,1
1506728571,22556319,0.19600,322.00000000,1
1506728569,22556318,0.19611,4.13324687,1
1506728400,22556242,0.19621,118.35445000,1
1506727811,22556121,0.19738,4639.32880738,0
1506727766,22556086,0.19799,7557.24708319,0
1506727496,22555987,0.19635,500.00000000,0
1506727364,22555964,0.19560,5909.16675313,0
1506727361,22555963,0.19560,100.00000000,1
1506727361,22555962,0.19580,10000.00000000,1
1506727361,22555961,0.19582,6163.22021000,1
1506727361,22555960,0.19600,10000.00000000,1
1506727361,22555959,0.19601,270.00000000,1
1506727361,22555958,0.19601,1255.96790000,1
1506727200,22555916,0.19631,0.64554426,1
1506726885,22555751,0.19600,922.36045574,0
1506726863,22555747,0.19600,1063.66734694,0
1506726863,22555746,0.19600,1250.91169732,1
1506726862,22555745,0.19600,896.00000000,1
1506726862,22555744,0.19601,1262.06050000,1
1506726795,22555690,0.19645,270.00000000,1
1506726795,22555689,0.19645,1253.49290000,1
1506726687,22555641,0.19600,3848.26607415,0
1506726687,22555640,0.19600,10000.00000000,0
1506726687,22555639,0.19600,10000.00000000,0
1506726687,22555638,0.19600,10000.00000000,0
1506726687,22555637,0.19600,10000.00000000,0
1506726687,22555636,0.19600,10000.00000000,0
1506726686,22555635,0.19600,10000.00000000,0
1506726686,22555634,0.19600,10000.00000000,0
1506726685,22555633,0.19600,10000.00000000,0
1506726685,22555632,0.19600,10000.00000000,0
1506726685,22555631,0.19600,10000.00000000,0
1506726685,22555630,0.19600,10000.00000000,0
1506726685,22555629,0.19600,10000.00000000,0
1506726685,22555628,0.19600,10000.00000000,0
1506726685,22555627,0.19600,728.31300000,0
1506726684,22555626,0.19600,10000.00000000,0
1506726684,22555625,0.19600,10000.00000000,0
1506726684,22555624,0.19600,10000.00000000,0
1506726684,22555623,0.19600,10000.00000000,0
1506726684,22555622,0.19600,10000.00000000,0
1506726684,22555621,0.19600,1286.64000000,0
1506726683,22555620,0.19600,10000.00000000,0
1506726683,22555619,0.19600,10000.00000000,0
1506726683,22555618,0.19600,10000.00000000,0
1506726683,22555617,0.19600,10000.00000000,0
1506726682,22555616,0.19600,1618.17500000,0
1506726682,22555614,0.19600,280.00000000,0
1506726682,22555613,0.19600,5477.39769700,0
1506726673,22555608,0.19561,5705.40833047,1
1506726673,22555607,0.19600,900.00000000,1
1506726672,22555606,0.19602,1250.43031453,1
1506726672,22555605,0.19603,1707.50830000,1
1506726672,22555604,0.19604,7509.16692100,1
1506726670,22555603,0.19652,70.63915000,1
1506726637,22555598,0.19667,119.00000000,0
1506726632,22555597,0.19700,210.96614751,1
1506726022,22555450,0.19700,540.00000000,1
1506725987,22555438,0.19700,213.44796900,1
1506725835,22555404,0.19783,645.44411000,0
1506725803,22555359,0.19700,20548.00000000,1
1506725803,22555357,0.19701,1236.44660000,1
1506725802,22555355,0.19702,270.00000000,1
1506725785,22555339,0.19719,1394.35020523,1
1506725785,22555338,0.19719,1143.84539055,1
1506725785,22555337,0.19725,7353.02889000,1
1506725785,22555336,0.19726,3672.17580000,1
1506725785,22555335,0.19750,0.00000022,1
1506725766,22555326,0.19750,1733.69170700,1
1506725765,22555324,0.19751,270.00000000,1
1506725194,22555151,0.19825,2489.10718890,0
1506725193,22555150,0.19788,142.00000000,0
1506724875,22554977,0.19794,3121.79317412,1
1506724747,22554757,0.19760,2002.22571100,1
1506724747,22554755,0.19805,270.00000000,1
1506724742,22554713,0.19758,2134.20650200,1
1506724740,22554697,0.19804,1126.89107300,1
1506724740,22554693,0.19804,270.00000000,1
1506724626,22554615,0.19790,2742.37320000,1
1506724626,22554614,0.19790,1257.62680000,1
1506724612,22554601,0.20000,3574.38568845,0
1506724612,22554600,0.20000,5000.00000000,1
1506724612,22554599,0.20000,2518.93240000,1
1506724612,22554598,0.19999,500.00000000,0
1506724611,22554596,0.19979,4886.13887326,0
1506724611,22554595,0.19970,5000.00000000,0
1506724611,22554594,0.19969,570.85508000,1
1506724611,22554593,0.19969,2854.27542000,0
1506724610,22554592,0.19880,5241.00000000,0
1506724610,22554591,0.19873,1240.38030000,0
1506724610,22554590,0.19852,459.18874800,0
1506724608,22554588,0.19851,270.00000000,0
1506724479,22554561,0.19795,3593.10355060,1
1506724410,22554520,0.19852,3061.81125200,0
1506724362,22554495,0.19835,26.00000000,0
1506724242,22554471,0.19835,3882.85456900,0
1506724137,22554462,0.19760,2307.53571620,1
1506723627,22554383,0.19841,5253.00000000,0
1506723627,22554382,0.19806,142.00000000,0
1506723520,22554353,0.19846,458.89504182,0
1506723512,22554352,0.19754,0.00008955,0
1506723304,22554276,0.19754,184.98991045,0
1506723300,22554273,0.19754,270.00000000,1
1506723093,22554159,0.19787,142.00000000,0
1506722500,22553801,0.19831,10416.17350000,1
1506722372,22553744,0.19977,10321.15244666,1
1506722372,22553743,0.19897,2418.25256000,0
1506722372,22553741,0.19896,270.00000000,0
1506722372,22553740,0.19896,2500.00000000,0
1506722370,22553739,0.19895,1633.71060000,0
1506722269,22553718,0.19922,254.99398000,0
1506722192,22553701,0.19858,50.23668000,0
1506722162,22553697,0.19858,39.07828111,0
1506721697,22553571,0.19887,1049.32263586,1
1506721687,22553566,0.19901,50.12561600,0
1506721658,22553559,0.19905,35.17955288,0
1506721511,22553530,0.19949,2415.02290596,0
1506721509,22553527,0.19979,5113.86112674,0
1506721509,22553526,0.19978,5000.00000000,0
1506721508,22553525,0.19977,2194.93860000,1
1506721508,22553524,0.19977,1686.16933000,1
1506721508,22553523,0.19944,2500.00000000,1
1506721506,22553521,0.19939,2500.00000000,0
1506721466,22553514,0.19954,1399.69083892,0
1506721466,22553513,0.19931,70.13259000,0
1506721464,22553512,0.19910,2500.00000000,0
1506721399,22553501,0.19925,1145.98766358,0
1506721317,22553473,0.19887,1258.44709900,1
1506721306,22553469,0.19900,19256.00000000,0
1506721306,22553468,0.19899,3211.75110000,0
1506721305,22553467,0.19899,10000.00000000,0
1506721305,22553466,0.19898,11032.71540000,0
1506721304,22553463,0.19887,270.00000000,1
1506721298,22553454,0.19888,1363.83837668,0
1506721295,22553444,0.19844,112.00000000,0
1506721155,22553408,0.19848,0.00000006,0
1506721155,22553407,0.19842,2717.26629000,0
1506721155,22553406,0.19842,1254.82760000,0
1506720971,22553371,0.19842,2014.90611000,0
1506720929,22553344,0.19848,3253.99999994,0
1506720929,22553343,0.19845,4452.21033006,0
1506720929,22553342,0.19844,4456.84926000,0
1506720929,22553341,0.19840,270.00000000,0
1506720734,22553296,0.19831,1257.50869850,0
1506720528,22553239,0.19837,3039.06820000,1
1506720528,22553238,0.19828,1252.89180000,0
1506720527,22553236,0.19829,16.64659263,0
1506720527,22553235,0.19810,58.35340737,0
1506720527,22553234,0.19809,4288.95682000,0
1506720463,22553219,0.19810,41.64659263,0
1506720194,22553125,0.19750,10000.00000000,1
1506720073,22553086,0.19752,112.00000000,1
1506720072,22553085,0.19751,318.15021242,0
1506720071,22553084,0.19751,824.27403000,0
1506720071,22553082,0.19752,500.00000000,1
1506720000,22553066,0.19751,26.75733000,1
1506719131,22552848,0.19751,1478.22747735,0
1506719088,22552799,0.19751,3430.39380900,0
1506719068,22552787,0.19751,860.03393174,1
1506719009,22552759,0.19815,95.48000000,0
1506718910,22552692,0.19815,25.17047691,0
1506718811,22552633,0.19800,85.24267000,1
1506718801,22552630,0.19800,34.75733000,1
1506718762,22552627,0.19817,1000.00000000,0
1506718601,22552583,0.19843,2292.07780297,0
1506718600,22552581,0.19845,68.78966994,0
1506718599,22552580,0.19844,1870.09230000,0
1506718599,22552579,0.19829,1552.90800000,0
1506718599,22552578,0.19828,2500.00000000,0
1506718597,22552577,0.19821,270.00000000,0
1506718257,22552475,0.19751,768.35304910,1
1506718257,22552474,0.19751,1232.02780000,1
1506717797,22552297,0.19797,68.24266302,0
1506716930,22551938,0.19751,210.00000000,1
1506716892,22551907,0.19756,2945.06368500,0
1506716884,22551899,0.19756,4858.26000000,0
1506716882,22551897,0.19756,150.00000000,0
1506716855,22551888,0.19756,4702.09708400,0
1506716837,22551881,0.19753,82.68259200,0
1506716827,22551877,0.19756,1263.74610100,0
1506716827,22551876,0.19755,4195.00776000,0
1506716800,22551872,0.19756,1236.98810000,0
1506716799,22551870,0.19756,8977.78613000,1
1506716799,22551869,0.19757,1642.36300000,1
1506716799,22551868,0.19757,4223.69590000,1
1506716639,22551748,0.19847,233.17875200,0
1506716527,22551634,0.19719,3322.68276500,0
1506716526,22551633,0.19719,5742.22063500,0
1506716526,22551632,0.19719,3876.99146600,0
1506716525,22551631,0.19719,4783.31096200,0
1506716525,22551630,0.19719,584.27300000,0
1506716524,22551628,0.19719,1397.69788600,0
1506716524,22551627,0.19719,3984.82328600,0
1506716522,22551624,0.19719,270.00000000,1
1506716436,22551476,0.19823,772.27593944,0
1506716435,22551474,0.19797,701.35468756,0
1506716435,22551473,0.19796,270.00000000,0
1506716277,22551366,0.19745,1196.06000000,0
1506716275,22551365,0.19745,1072.35000000,0
1506715966,22551282,0.19750,270.00000000,1
1506715723,22551173,0.19741,1063.38983918,0
1506715677,22551165,0.19721,824.00000000,0
1506715616,22551128,0.19820,778.06805591,1
1506715616,22551127,0.19820,187.75972900,1
1506715615,22551126,0.19821,778.06807100,1
1506715615,22551124,0.19821,965.82780000,1
1506715615,22551122,0.19821,965.82780000,1
1506715610,22551114,0.19820,1366.83586509,1
1506715610,22551113,0.19821,4.39985191,1
1506715610,22551111,0.19858,1337.48000000,1
1506715610,22551110,0.19883,3540.11836826,0
1506715610,22551109,0.19883,367.58991000,0
1506715610,22551108,0.19850,7542.00000000,0
1506715609,22551107,0.19821,2702.42427500,1
1506715608,22551106,0.19849,6071.25053381,0
1506715608,22551104,0.19846,1264.37850000,1
1506715608,22551101,0.19819,1837.94954000,0
1506715607,22551093,0.19819,100.91326505,0
1506715607,22551092,0.19819,1336.54740000,0
1506715606,22551088,0.19820,1029.18688193,1
1506715606,22551081,0.19819,225.87782778,0
1506715605,22551077,0.19819,1110.66957222,0
1506714864,22550852,0.19834,25.14636483,0
1506714679,22550799,0.19826,1672.34018400,0
1506714679,22550798,0.19826,1254.58560000,0
1506714569,22550771,0.19833,782.76712300,0
1506714569,22550770,0.19763,300.00000000,0
1506714569,22550769,0.19763,266.32000000,0
1506714090,22550632,0.19763,1056.86749700,0
1506714089,22550631,0.19763,270.00000000,0
1506713861,22550561,0.19619,8252.07434463,1
1506713861,22550560,0.19621,2015.56701000,1
1506713861,22550559,0.19678,10058.64944000,1
1506713861,22550557,0.19679,1252.75130000,1
1506713860,22550556,0.19679,14919.20386000,1
1506713860,22550555,0.19679,270.00000000,1
1506713655,22550421,0.19838,1368.27616100,0
1506713616,22550400,0.19855,1896.44142388,0
1506713616,22550399,0.19855,2201.82360000,0
1506713209,22550236,0.19885,14521.35405411,1
1506713208,22550234,0.19883,207.53099000,0
1506713208,22550233,0.19860,8523.00000000,0
1506713208,22550232,0.19854,13650.00000000,0
1506713207,22550231,0.19852,6253.00000000,0
1506713207,22550230,0.19851,1037.65494000,0
1506713207,22550229,0.19838,1574.30120000,1
1506713206,22550228,0.19837,2880.72403500,1
1506713205,22550227,0.19837,1589.48060000,0
1506712412,22549987,0.19851,50.25439500,0
1506712269,22549889,0.19850,379.60277000,0
1506712086,22549741,0.19840,50.27972400,0
1506712043,22549726,0.19850,1242.42771400,0
1506711919,22549631,0.19851,1164.06769000,0
1506711587,22549534,0.19851,25.15490404,0
1506711583,22549531,0.19843,22.42932016,0
1506711582,22549530,0.19835,173.92847018,0
1506711570,22549525,0.19835,25.17519536,0
1506711567,22549521,0.19758,500.00000000,1
1506711388,22549454,0.19769,5879.66033200,1
1506711388,22549452,0.19770,1253.31290000,1
1506711003,22549349,0.19851,399.73724245,0
1506711002,22549348,0.19850,60.00000000,0
1506710937,22549308,0.19851,1150.63120160,0
1506710935,22549307,0.19799,0.00000029,0
1506710897,22549297,0.19799,1854.79923200,0
1506710622,22549216,0.19732,213.00000000,0
1506710280,22549159,0.19798,730.00000000,0
1506710279,22549158,0.19798,270.00000000,0
1506710273,22549126,0.19799,730.00000000,0
1506710273,22549125,0.19797,270.00000000,0
1506710114,22549088,0.19799,1583.20076771,0
1506710112,22549087,0.19789,3245.00000000,0
1506709909,22549038,0.19750,990.00000000,0
1506709909,22549037,0.19750,4478.16654600,0
1506709909,22549036,0.19750,10000.00000000,0
1506709854,22549017,0.19750,1679.43489200,0
1506709826,22549015,0.19750,8842.39856200,0
1506709826,22549014,0.19750,1157.60143800,0
1506709825,22549013,0.19750,10000.00000000,0
1506709825,22549012,0.19750,8283.44670000,0
1506709825,22549011,0.19747,1716.55330000,0
1506709825,22549010,0.19750,10000.00000000,0
1506709825,22549009,0.19750,10000.00000000,0
1506709824,22549008,0.19750,10000.00000000,0
1506709824,22549007,0.19750,10000.00000000,0
1506709824,22549001,0.19750,10000.00000000,0
1506709824,22548999,0.19750,9914.91962907,0
1506709823,22548997,0.19749,85.08037093,0
1506709823,22548996,0.19749,1631.47292907,0
1506709823,22548995,0.19749,8368.52707093,0
1506709823,22548994,0.19749,768.78700000,0
1506709823,22548993,0.19748,9231.21300000,0
1506709823,22548992,0.19748,10000.00000000,0
1506709673,22548930,0.19749,7.81426907,0
1506709672,22548929,0.19748,270.00000000,0
1506709634,22548908,0.19749,10231.29266000,1
1506709626,22548906,0.19749,2039.46927000,1
1506709613,22548902,0.19749,2423.13181000,1
1506709600,22548894,0.19749,2878.96848000,1
1506709589,22548883,0.19749,15215.57747000,1
1506709589,22548882,0.19749,3420.55661000,0
1506709425,22548788,0.19749,99.00000000,0
1506709280,22548740,0.19710,213.00000000,0
1506709193,22548711,0.19746,155.08680239,0
1506709087,22548639,0.19750,25.28354430,0
1506709080,22548638,0.19701,4500.00000000,1
1506708791,22548457,0.19750,465.27817721,0
1506708656,22548424,0.19750,12143.99428000,0
1506708617,22548389,0.19750,273.34782828,0
1506708520,22548341,0.19777,1254.20063599,0
1506708506,22548340,0.19764,25.26563449,0
1506708504,22548338,0.19764,25.26179997,0
1506708434,22548316,0.19701,4.41695000,1
1506708434,22548315,0.19702,6309.96305000,1
1506708329,22548263,0.19784,25.24009300,0
1506708329,22548261,0.19784,25.24009300,0
1506708327,22548260,0.19784,25.24009300,0
1506708326,22548259,0.19784,25.23881729,0
1506708324,22548258,0.19785,25.23881729,0
1506708321,22548256,0.19715,200.00000000,1
1506708318,22548248,0.19785,791.36972135,0
1506708316,22548243,0.19780,0.00000317,0
1506708295,22548216,0.19780,765.01516683,1
1506708233,22548200,0.19780,65.52351754,0
1506708146,22548161,0.19701,4328.65937963,1
1506708146,22548160,0.19702,0.00004037,1
1506708146,22548159,0.19706,270.00000000,1
1506708143,22548153,0.19702,1250.50765963,1
1506708143,22548152,0.19705,270.00000000,1
1506708052,22548112,0.19750,2034.06002200,1
1506708046,22548107,0.19750,117.88200000,1
1506708040,22548104,0.19750,3090.72473400,1
1506708040,22548102,0.19750,2034.06007000,1
1506708039,22548100,0.19750,3237.74800000,1
1506708038,22548099,0.19714,213.00000000,0
1506707886,22548044,0.19786,5439.72953000,1
1506707886,22548043,0.19786,1530.84960000,1
1506707886,22548042,0.19781,2500.00000000,0
1506707885,22548041,0.19781,1856.00087000,0
1506707845,22548023,0.19758,270.00000000,0
1506707827,22548011,0.19750,1468.59000000,1
1506707825,22548004,0.19750,120.00000000,0
1506707824,22548003,0.19749,270.00000000,0
1506707791,22547982,0.19723,2244.07658700,1
1506707785,22547976,0.19723,667.46100000,1
1506707784,22547972,0.19723,666.99416953,1
1506707784,22547971,0.19723,6129.74715600,1
1506707780,22547967,0.19723,1251.74190000,1
1506707779,22547966,0.19723,2205.14955000,0
1506707779,22547965,0.19723,270.00000000,0
1506707702,22547911,0.19650,1258.56290000,1
1506707701,22547909,0.19650,9340.17768000,1
1506707673,22547898,0.19705,1157.53155559,0
1506707524,22547819,0.19711,43.42329125,0
1506707508,22547778,0.19650,659.82232000,1
1506707461,22547743,0.19650,10000.00000000,0
1506707392,22547711,0.19602,1892.13037634,0
1506707392,22547710,0.19602,10000.00000000,0
1506707391,22547709,0.19602,10000.00000000,0
1506707391,22547708,0.19602,1272.52344321,0
1506707391,22547706,0.19602,10000.00000000,0
1506707388,22547699,0.19602,270.00000000,0
1506707388,22547698,0.19602,10660.67907100,0
1506707388,22547697,0.19602,6382.86400000,0
1506707386,22547695,0.19623,8647.31718800,1
1506707259,22547638,0.19602,100.00000000,1
1506707220,22547617,0.19595,2478.33720000,1
1506707218,22547616,0.19625,1251.66280000,1
1506707218,22547615,0.19625,270.00000000,1
1506707166,22547587,0.19611,4657.41730417,0
1506707166,22547585,0.19614,270.00000000,1
1506707166,22547584,0.19615,12130.54800000,1
1506707154,22547563,0.19650,3880.11670000,0
1506707140,22547552,0.19650,42.19532000,1
1506707126,22547537,0.19662,3003.00928000,0
1506707119,22547531,0.19662,270.00000000,0
1506707116,22547519,0.19662,1002.99994005,1
1506707116,22547518,0.19662,1909.71374962,1
1506707108,22547505,0.19662,1088.78700000,0
1506707107,22547499,0.19662,1911.21300000,0
1506706822,22547293,0.19654,298.00000000,0
1506706801,22547287,0.19650,57.80468000,1
1506706801,22547286,0.19652,70.13259000,1
1506706801,22547285,0.19700,120.00000000,1
1506706771,22547213,0.19737,1588.54069991,1
1506706701,22547178,0.19737,3305.20000009,1
1506706632,22547093,0.19739,2666.15000000,1
1506706611,22547071,0.19738,1106.21173897,1
1506706611,22547070,0.19739,621.49279000,1
1506706611,22547068,0.19750,541.73463303,1
1506706582,22547024,0.19838,600.31400000,0
1506706577,22547014,0.19760,1112.00000000,1
1506706524,22546936,0.19760,16065.01355259,1
1506706524,22546935,0.19766,1249.57530000,1
1506706524,22546934,0.19774,1000.00000000,1
1506706523,22546933,0.19777,8071.59410000,1
1506706523,22546932,0.19778,15353.76137000,1
1506706508,22546897,0.19800,1277.00000000,1
1506706508,22546895,0.19804,623.68815592,1
1506706393,22546647,0.19881,1340.00000000,1
1506706318,22546544,0.19927,50.06272900,0
1506706252,22546398,0.19927,1253.50000000,0
1506706251,22546395,0.19927,3807.18299000,0
1506706251,22546394,0.19926,1257.31701000,0
1506706076,22546219,0.19927,50.06272900,0
1506705463,22545905,0.19983,49.91993600,0
1506705437,22545893,0.19989,49.90495200,0
1506704803,22545471,0.19999,49.88249392,0
1506704803,22545470,0.19974,0.00000008,0
1506704791,22545463,0.19974,877.61223200,0
1506704791,22545462,0.19973,270.00000000,0
1506704716,22545445,0.19974,90.00000000,0
1506704712,22545418,0.19918,176.00000000,1
1506704712,22545417,0.19918,56.00000000,1
1506704712,22545416,0.19918,56.00000000,1
1506704711,22545415,0.19918,56.00000000,1
1506704711,22545414,0.19918,56.00000000,1
1506704671,22545403,0.19974,171.15224792,0
1506704556,22545352,0.19924,1840.66250000,0
1506704516,22545335,0.19911,56.00000000,0
1506704403,22545299,0.19931,242.00000000,1
1506704400,22545297,0.19931,28.00000000,1
1506704348,22545281,0.20000,881.17707098,0
1506704348,22545280,0.20000,1618.82292902,0
1506703930,22545007,0.20000,242.00000000,0
1506703876,22544991,0.20000,539.45000000,0
1506703863,22544984,0.20000,24.96750000,0
1506703815,22544971,0.20000,24.96750000,0
1506703814,22544970,0.20000,24.96750000,0
1506703814,22544969,0.20000,24.96750000,0
1506703813,22544968,0.20000,24.96750000,0
1506703384,22544751,0.20000,24.96750000,0
1506703382,22544750,0.20000,24.96750000,0
1506703318,22544671,0.20000,1136.90770000,0
1506703287,22544640,0.20000,24.96750000,0
1506703279,22544639,0.19998,3010.95849000,1
1506703279,22544638,0.19998,3037.43972598,1
1506703200,22544617,0.19998,28.00000000,1
1506703145,22544605,0.20000,24.96750000,0
1506703121,22544598,0.20000,359.69996973,1
1506703065,22544584,0.20038,1153.87074817,0
1506703065,22544583,0.20024,924.00727000,0
1506703065,22544582,0.20020,35.00000000,0
1506703065,22544581,0.20020,600.00000000,0
1506703063,22544580,0.20010,35.00000000,0
1506703063,22544579,0.20010,35.00000000,0
1506703013,22544560,0.20000,1033.84745000,1
1506703010,22544557,0.20000,3140.00000000,0
1506703010,22544556,0.20000,14238.11898027,0
1506703009,22544555,0.19999,1228.33360000,0
1506702960,22544532,0.20000,2495.00995000,0
1506702916,22544477,0.20000,2176.57900000,0
1506702775,22544390,0.19999,649.71690836,1
1506702765,22544381,0.20000,4467.44200000,0
1506702763,22544379,0.20000,2412.22543728,0
1506702762,22544375,0.19999,1595.45320000,1
1506702758,22544370,0.19999,1.12316582,0
1506702756,22544368,0.19999,2246.29327418,0
1506702752,22544363,0.19999,791.54205000,0
1506702699,22544319,0.20000,1007.41930300,0
1506702610,22544240,0.20000,1006.41000000,0
1506702610,22544239,0.19999,270.00000000,0
1506702605,22544223,0.20000,14529.86747000,0
1506702603,22544216,0.19999,991.75000000,0
1506702602,22544215,0.19993,270.00000000,0
1506702589,22544161,0.19993,2789.74527600,0
1506702526,22544120,0.19835,300.00000000,0
1506702523,22544117,0.19927,3859.00000000,0
1506702521,22544115,0.19927,270.00000000,1
1506702389,22543942,0.20000,19612.27376238,0
1506702388,22543941,0.19999,1913.58818262,0
1506702387,22543940,0.19999,2337.87227533,0
1506702387,22543939,0.19998,1140.25927000,0
1506702381,22543936,0.19999,486.28340205,0
1506702302,22543893,0.19876,1136.70904560,0
1506702300,22543890,0.19929,270.00000000,1
1506702267,22543876,0.19860,18883.98713596,1
1506702267,22543875,0.19870,2551.72134000,1
1506702267,22543874,0.19870,12766.71574000,1
1506702267,22543873,0.19871,20000.00000000,1
1506702267,22543872,0.19924,1979.00171791,1
1506702266,22543871,0.19926,1227.32570000,1
1506702266,22543870,0.19944,10000.00000000,1
1506702213,22543827,0.19999,507.72098974,0
1506702213,22543825,0.19998,60.00000000,0
1506702027,22543653,0.20000,1554.88238300,0
1506702027,22543652,0.19999,2539.57964000,0
1506702025,22543647,0.19940,210.00000000,1
1506702000,22543618,0.19940,28.00000000,1
1506701963,22543508,0.19999,24.96874844,0
1506701907,22543413,0.19974,816.11127000,0
1506701907,22543412,0.19950,100.00000000,0
1506701850,22543275,0.19931,69.63110000,0
1506701787,22543105,0.19924,0.00000006,0
1506701785,22543098,0.19924,1978.47440994,0
1506701784,22543096,0.19900,0.00000006,0
1506701761,22543030,0.19900,30645.92516800,0
1506701706,22542986,0.19900,25.09296482,0
1506701705,22542984,0.19900,25.09296482,0
1506701700,22542970,0.19861,4394.51811200,1
1506701688,22542963,0.19900,25.09296482,0
1506701688,22542962,0.19900,25.09296482,0
1506701687,22542961,0.19900,25.09296482,0
1506701687,22542960,0.19900,25.09296482,0
1506701687,22542959,0.19900,25.09296482,0
1506701687,22542958,0.19900,25.09296482,0
1506701686,22542957,0.19900,25.09296482,0
1506701685,22542955,0.19900,25.09296482,0
1506701682,22542950,0.19858,500.00000000,1
1506701674,22542944,0.19856,1255.20298600,0
1506701671,22542934,0.19860,399.13784600,1
1506701663,22542922,0.19866,2000.00000000,1
1506701650,22542910,0.19863,1998.45616400,1
1506701554,22542823,0.19900,25.09296482,0
1506701554,22542822,0.19900,3.07462311,0
1506701553,22542818,0.19900,25.09296482,0
1506701553,22542816,0.19900,25.09296482,0
1506701553,22542815,0.19900,25.09296482,0
1506701552,22542811,0.19899,22.01943000,0
1506701551,22542807,0.19899,3000.00000000,0
1506701547,22542798,0.19900,836.44277700,0
1506701542,22542793,0.19900,25.09296482,0
1506701542,22542792,0.19900,300.00000000,0
1506701541,22542791,0.19900,25.09296482,0
1506701541,22542790,0.19900,25.09296482,0
1506701541,22542789,0.19900,25.09296482,0
1506701540,22542787,0.19900,25.09296482,0
1506701540,22542786,0.19900,25.09296482,0
1506701538,22542781,0.19900,25.09296482,0
1506701537,22542778,0.19900,2564.38956865,0
1506701537,22542776,0.19900,25.09296482,0
1506701535,22542765,0.19900,904.16273200,0
1506701500,22542728,0.19900,50189.71587940,0
1506701401,22542657,0.19900,9506.51261306,0
1506701399,22542648,0.19890,2324.37758813,0
1506701233,22542511,0.19890,78.00066900,0
1506700968,22542321,0.19888,464.30000000,0
1506700895,22542270,0.19888,89.67870000,0
1506699824,22541722,0.19889,628.80000000,0
1506699807,22541719,0.19889,2370.06154156,0
1506699733,22541699,0.19889,3551.03223219,0
1506699733,22541698,0.19888,1527.60420000,0
1506699625,22541673,0.19889,3.63235959,0
1506699624,22541672,0.19847,97.00000000,0
1506699601,22541667,0.19869,29.00000000,1
1506699575,22541659,0.19889,2256.91487757,1
1506699555,22541638,0.19888,25.10810539,0
1506699370,22541292,0.19882,391.97697198,1
1506699267,22541233,0.19890,25.10558069,0
1506699230,22541224,0.19888,25.10810539,0
1506699218,22541221,0.19882,200.00000000,1
1506699196,22541213,0.19886,25.11063059,0
1506699112,22541141,0.19884,1025.09857171,0
1506699110,22541137,0.19882,3976.87914000,0
1506699016,22541077,0.19882,25.11568253,0
1506698804,22540989,0.19881,1.27382928,1
1506698802,22540988,0.19874,194.70719938,0
1506698680,22540941,0.19871,125.50551054,0
1506698678,22540939,0.19838,0.14285714,0
1506698673,22540938,0.19838,125.85714286,0
1506698666,22540933,0.19764,498.00000000,0
1506698664,22540930,0.19804,502.00000000,1
1506698634,22540921,0.19752,1117.34418720,1
1506698382,22540798,0.19887,361.27550661,0
1506698380,22540791,0.19858,270.00000000,0
1506698340,22540783,0.19767,638.00000000,1
1506698231,22540704,0.19868,132.00669418,0
1506698229,22540703,0.19842,270.00000000,0
1506698141,22540620,0.19846,50.95000000,0
1506698052,22540527,0.19837,1494.14476100,1
1506698052,22540526,0.19837,3426.72523900,1
1506698040,22540513,0.19837,270.00000000,0
1506697874,22540434,0.19857,426.53090000,0
1506697860,22540424,0.19800,1455.00000000,0
1506697725,22540333,0.19754,100.00000000,1
1506697633,22540312,0.19810,126.00000000,0
1506697410,22540189,0.19742,30.00000000,1
1506696929,22539836,0.19862,268.61569215,0
1506696929,22539835,0.19860,2500.00000000,0
1506696927,22539831,0.19861,1173.83473785,0
1506696552,22539587,0.19806,189.59853300,1
1506696534,22539571,0.19801,2290.59456000,1
1506696449,22539532,0.19890,4915.11930618,0
1506696447,22539530,0.19889,100.00000000,0
1506696238,22539369,0.19890,143.39685600,0
1506696079,22539300,0.19890,514.00000000,0
1506696079,22539299,0.19851,211.00000000,0
1506695885,22539187,0.19899,32.85356691,0
1506695781,22539098,0.19900,4145.55120603,0
1506695781,22539097,0.19893,1967.30200000,1
1506695781,22539096,0.19893,1192.93405700,1
1506695781,22539095,0.19893,783.93000000,1
1506695779,22539090,0.19893,534.55954000,1
1506695779,22539089,0.19893,1402.98040000,0
1506695686,22539048,0.19800,1239.04750000,1
1506695685,22539047,0.19800,2598.00000000,1
1506695578,22538932,0.19887,3526.34927339,1
1506695578,22538931,0.19886,1488.91140000,1
1506695576,22538929,0.19859,0.68600000,0
1506695566,22538918,0.19879,979.97200000,1
1506695559,22538913,0.19879,769.51800000,1
1506695551,22538909,0.19879,980.51000000,1
1506695549,22538908,0.19870,270.00000000,0
1506695418,22538775,0.19884,714.82432000,1
1506695395,22538680,0.19884,227.00000000,1
1506695395,22538679,0.19884,2061.53986000,1
1506695359,22538660,0.19884,1825.19290000,1
1506695358,22538658,0.19882,270.00000000,0
1506695358,22538657,0.19881,2500.00000000,0
1506695358,22538656,0.19879,1765.69840000,0
1506695255,22538579,0.19869,957.69115945,0
1506695115,22538482,0.19857,440.21977539,1
1506695113,22538480,0.19818,500.00000000,0
1506695054,22538441,0.19817,309.13328400,0
1506695054,22538440,0.19816,270.00000000,0
1506694990,22538418,0.19781,190.65826000,0
1506694573,22538001,0.19806,65.00000000,0
1506694553,22537974,0.19740,516.98000000,1
1506694519,22537941,0.19813,566.79579064,0
1506694499,22537883,0.19750,1425.84776770,0
1506694490,22537877,0.19748,513.98000000,0
1506694199,22537660,0.19737,1422.25930000,0
1506694199,22537659,0.19737,270.00000000,0
1506693916,22537509,0.19742,1366.00000000,0
1506693864,22537481,0.19748,1278.00000000,0
1506693864,22537480,0.19748,270.00000000,0
1506693838,22537441,0.19647,2578.39587600,0
1506693838,22537440,0.19647,2426.21382900,0
1506693838,22537439,0.19647,15243.26869200,0
1506693838,22537438,0.19647,1597.45435300,0
1506693837,22537437,0.19647,1287.35312732,0
1506693837,22537433,0.19647,3267.45570613,0
1506693829,22537427,0.19654,270.00000000,1
1506693708,22537363,0.19541,11696.99632000,1
1506693708,22537360,0.19542,20000.00000000,1
1506693708,22537358,0.19542,4334.37258000,0
1506693707,22537357,0.19600,1000.00000000,1
1506693707,22537356,0.19652,69.63110000,1
1506693707,22537355,0.19700,890.00000000,1
1506693705,22537354,0.19712,100.00000000,1
1506693641,22537335,0.19750,1783.09807594,0
1506693640,22537334,0.19742,1250.77230000,0
1506693640,22537333,0.19740,150.00000000,0
1506693640,22537332,0.19730,2594.34775970,0
1506693639,22537331,0.19715,211.00000000,0
1506693542,22537272,0.19730,1198.25000000,0
1506693496,22537199,0.19730,1729.44439939,0
1506693496,22537198,0.19729,1430.47287000,1
1506693494,22537197,0.19729,1766.01589000,0
1506693466,22537175,0.19730,4477.95784091,1
1506693294,22537039,0.19730,10380.00000000,0
1506693294,22537038,0.19729,12040.78351000,0
1506693169,22536914,0.19730,2841.00000000,0
1506692847,22536514,0.19735,2949.58006000,0
1506692834,22536475,0.19740,1129.00000000,1
1506692816,22536450,0.19750,439.40779747,0
1506692740,22536275,0.19750,1139.14694899,1
1506692696,22536223,0.19750,860.85305101,1
1506692568,22536107,0.19829,1550.19690700,0
1506692559,22536100,0.19743,89.49943504,0
1506692559,22536099,0.19738,0.99999966,0
1506692422,22536001,0.19738,714.00000000,0
1506692402,22535972,0.19738,1968.77860000,0
1506692402,22535971,0.19726,715.00000000,0
1506692400,22535965,0.19740,22411.00000000,1
1506692400,22535964,0.19743,270.00000000,1
1506692389,22535949,0.19826,958.79635084,0
1506692387,22535941,0.19827,227.03150000,0
1506692387,22535940,0.19826,42.96850000,0
1506692387,22535939,0.19826,1725.19970000,0
1506692277,22535874,0.19849,376.91047408,0
1506692129,22535735,0.19874,1833.67070000,0
1506692115,22535720,0.19748,6605.94383310,0
1506692114,22535719,0.19748,15363.16811000,0
1506692114,22535718,0.19757,3112.82243000,1
1506692114,22535717,0.19773,270.00000000,1
1506691882,22535500,0.19786,157.63369153,1
1506691749,22535292,0.19876,3861.27393991,0
1506691749,22535291,0.19876,1157.37282000,0
1506691718,22535260,0.19876,102.57018000,0
1506691515,22534941,0.19888,180.56224859,0
1506691202,22534714,0.19870,310.78844801,0
1506691200,22534713,0.19856,715.00000000,1
1506691200,22534712,0.19856,0.00000027,0
1506691136,22534674,0.19834,1712.86710713,1
1506691125,22534637,0.19834,270.00000000,1
1506691030,22534601,0.19856,1866.51519300,0
1506690911,22534552,0.19856,954.24170469,0
1506690905,22534547,0.19856,954.86025117,0
1506690902,22534542,0.19856,954.38285087,0
1506690855,22534524,0.19856,270.00000000,1
1506690768,22534444,0.19834,290.21401781,1
1506690768,22534443,0.19836,707.42295000,1
1506690768,22534442,0.19836,3538.07109000,1
1506690768,22534441,0.19866,5163.10000000,1
1506690766,22534440,0.19943,301.19194219,1
1506690747,22534437,0.19943,21290.98740700,1
1506690730,22534430,0.19943,301.19194200,1
1506690712,22534388,0.19943,7203.15765000,1
1506690712,22534387,0.19944,3888.52630000,1
1506690672,22534360,0.19941,1281.34080000,0
1506690672,22534359,0.19940,4622.13025881,0
1506690613,22534286,0.19943,240.08569423,0
1506690579,22534218,0.19900,4265.04026572,1
1506690453,22534137,0.19960,24.98762525,0
1506690438,22534120,0.19904,100.00000000,1
1506690357,22534025,0.19960,2067.47634900,1
1506690093,22533871,0.20000,2556.70692000,1
1506690091,22533869,0.20000,7443.29308000,1
1506690072,22533847,0.19960,127.98000000,1
1506690040,22533825,0.20000,115.41529828,0
1506690040,22533824,0.20000,4600.00000000,0
1506690040,22533823,0.20000,20000.00000000,0
1506690040,22533822,0.20000,28.56234500,0
1506690040,22533821,0.20000,28.36842200,0
1506690040,22533820,0.20000,600.00000000,0
1506690040,22533819,0.19990,1084.68962225,0
1506690039,22533818,0.19990,1733.59465621,0
1506690039,22533817,0.19976,715.00000000,0
1506689950,22533715,0.19990,1070.86000000,0
1506689910,22533679,0.19990,1110.85572154,0
1506689910,22533678,0.19981,944.13282656,0
1506689910,22533677,0.19980,600.00000000,0
1506689909,22533676,0.19974,1229.97167000,0
1506689909,22533675,0.19960,600.00000000,0
1506689909,22533674,0.19958,60.57277000,0
1506689909,22533673,0.19950,1600.00000000,0
1506689909,22533672,0.19940,600.00000000,0
1506689909,22533671,0.19931,69.13463000,0
1506689909,22533670,0.19924,553.62469000,0
1506689909,22533669,0.19901,20165.70769190,0
1506689908,22533668,0.19901,10000.00000000,0
1506689907,22533667,0.19901,10000.00000000,0
1506689905,22533664,0.19901,10428.91000000,0
1506689891,22533655,0.19901,3955.32095700,0
1506689879,22533650,0.19901,29384.00000000,0
1506689877,22533649,0.19901,3648.18520900,0
1506689871,22533644,0.19900,184.00000000,1
1506689859,22533640,0.19901,2506.17109693,0
1506689837,22533633,0.19901,17212.54754044,0
1506689816,22533598,0.19901,4654.86196674,0
1506689811,22533573,0.19901,2175.85883700,0
1506689809,22533570,0.19901,50116.73716300,0
1506689809,22533569,0.19901,63430.76761100,0
1506689808,22533567,0.19900,1765.03566664,1
1506689804,22533564,0.19901,17688.95126700,0
1506689801,22533560,0.19901,1655.83480300,0
1506689800,22533558,0.19900,71.96765000,1
1506689797,22533557,0.19901,5289.68393300,0
1506689797,22533556,0.19901,5309.62535700,0
1506689787,22533551,0.19900,85.50612000,1
1506689773,22533544,0.19900,101.59143000,1
1506689772,22533542,0.19901,2255.35497500,0
1506689760,22533533,0.19900,120.70268000,1
1506689754,22533527,0.19901,407.42900000,0
1506689747,22533507,0.19900,143.40913000,1
1506689734,22533498,0.19900,170.38708000,1
1506689722,22533491,0.19901,26423.00000000,0
1506689720,22533490,0.19900,202.44010000,1
1506689713,22533489,0.19901,2488.89000000,0
1506689707,22533486,0.19900,240.52289000,1
1506689694,22533484,0.19900,285.76977000,1
1506689681,22533463,0.19900,339.52844000,1
1506689668,22533456,0.19900,403.40013000,1
1506689655,22533441,0.19900,479.28728000,1
1506689641,22533432,0.19900,569.45023000,1
1506689628,22533423,0.19900,676.57454000,1
1506689621,22533413,0.19901,2101.16074600,0
1506689615,22533411,0.19900,2983.72000000,1
1506689615,22533410,0.19900,990.10907000,1
1506689614,22533409,0.19901,3152.38476400,0
1506689613,22533408,0.19900,990.10907000,0
1506689560,22533371,0.19900,378.98278000,0
1506689560,22533370,0.19900,1176.36722000,0
1506689547,22533357,0.19901,26244.08610493,0
1506689547,22533356,0.19890,1397.66402000,0
1506689547,22533355,0.19864,0.24987507,0
1506689494,22533261,0.19864,499.75012493,0
1506689366,22533016,0.19834,958.86115585,1
1506689362,22533000,0.19834,1661.23839100,1
1506689360,22532988,0.19834,500.00000000,0
1506689319,22532877,0.19800,937.00000000,1
1506689161,22532708,0.19863,130.05144333,1
1506689161,22532707,0.19863,270.00000000,1
1506689161,22532706,0.19849,3971.85138700,1
1506689159,22532704,0.19849,2500.00000000,0
1506689133,22532685,0.19858,1612.49528700,0
1506689133,22532684,0.19857,1940.53860000,0
1506689102,22532654,0.19874,567.33818642,0
1506688984,22532537,0.19860,18234.35462000,1
1506688984,22532536,0.19851,270.00000000,0
1506688984,22532535,0.19848,1974.22230000,0
1506688983,22532534,0.19843,15321.42308000,0
1506688918,22532495,0.19836,3011.00380300,1
1506688888,22532480,0.19836,1501.20992100,1
1506688869,22532444,0.19836,7181.66498300,1
1506688866,22532439,0.19836,2659.67993800,1
1506688863,22532435,0.19836,1426.50621600,1
1506688863,22532433,0.19836,11083.81200000,1
1506688862,22532431,0.19836,4250.00000000,1
1506688860,22532430,0.19836,10000.00000000,1
1506688859,22532428,0.19836,300.91527500,1
1506688858,22532427,0.19836,1158.09376000,1
1506688858,22532426,0.19836,1743.44308100,1
1506688858,22532425,0.19836,3455.07708200,1
1506688858,22532424,0.19836,2000.00000000,1
1506688858,22532423,0.19836,885.31166200,1
1506688858,22532422,0.19836,6121.24839200,1
1506688854,22532421,0.19832,399.00000000,0
1506688854,22532420,0.19800,990.75906400,1
1506688839,22532416,0.19800,4317.66881000,1
1506688839,22532415,0.19801,3000.00000000,1
1506688839,22532414,0.19802,2682.33119000,1
1506688797,22532384,0.19800,3513.75984900,1
1506688749,22532349,0.19852,150.74138626,0
1506688706,22532332,0.19800,1177.81227700,1
1506688335,22532077,0.19801,4865.02235400,1
1506688328,22532074,0.19801,3184.74000000,1
1506688310,22532062,0.19924,6487.39056254,1
1506688309,22532058,0.19920,35.00000000,0
1506688309,22532057,0.19920,600.00000000,0
1506688309,22532056,0.19910,35.00000000,0
1506688309,22532054,0.19910,35.00000000,0
1506688308,22532052,0.19910,1535.70060000,1
1506688308,22532048,0.19900,600.00000000,0
1506688308,22532046,0.19900,3946.86301746,0
1506688308,22532044,0.19897,307.14012000,0
1506688307,22532043,0.19864,1535.70060000,0
1506688307,22532042,0.19835,270.00000000,0
1506688307,22532041,0.19835,2500.00000000,0
1506688305,22532040,0.19834,2112.20510000,0
1506688205,22531947,0.19860,5018.35369840,0
1506688204,22531945,0.19860,2008.87186000,0
1506688204,22531942,0.19860,1312.40860000,0
1506688203,22531940,0.19859,2500.00000000,0
1506688202,22531938,0.19900,21053.13698254,0
1506688201,22531937,0.19900,1133.36140704,0
1506688201,22531936,0.19900,4882.59856000,1
1506688200,22531935,0.19897,2815.51970000,1
1506688200,22531934,0.19897,3075.76006400,1
1506688200,22531933,0.19897,1784.48539400,1
1506688199,22531932,0.19880,600.00000000,0
1506688199,22531931,0.19880,3171.18096600,1
1506688199,22531930,0.19880,1712.42736900,1
1506688198,22531929,0.19865,509.61694000,0
1506688198,22531928,0.19860,600.00000000,0
1506688198,22531927,0.19850,25.50000000,0
1506688197,22531926,0.19848,2548.08468000,0
1506688197,22531925,0.19848,4235.47695500,1
1506688197,22531924,0.19840,130.49168242,0
1506688196,22531923,0.19814,1753.35930000,1
1506688195,22531922,0.19814,2500.00000000,0
1506688168,22531912,0.19823,377.54690410,0
1506688032,22531817,0.19830,1406.70904563,0
1506687991,22531759,0.19792,500.00000000,0
1506687980,22531757,0.19792,137.96374797,0
1506687974,22531716,0.19731,641.89921900,1
1506687931,22531656,0.19840,469.50831758,0
1506687931,22531655,0.19840,602.04138000,0
1506687930,22531653,0.19823,91.39405000,0
1506687930,22531650,0.19820,337.69931400,0
1506687930,22531649,0.19820,243.52388600,0
1506687930,22531648,0.19820,18.77680000,0
1506687930,22531647,0.19820,426.16760705,0
1506687929,22531646,0.19815,2446.80314000,0
1506687929,22531645,0.19815,958.74364150,0
1506687929,22531644,0.19791,1998.60490000,0
1506687927,22531641,0.19790,2500.00000000,0
1506687842,22531595,0.19786,114.44809279,0
1506687840,22531594,0.19784,270.00000000,0
1506687690,22531387,0.19702,3301.39880060,1
1506687688,22531383,0.19750,398.60119940,1
1506687626,22531299,0.19790,556.18643432,0
1506687617,22531292,0.19750,0.19940030,0
1506687614,22531287,0.19750,398.80059970,0
1506687601,22531275,0.19705,73.70877000,1
1506687537,22531192,0.19700,1882.19273449,0
1506687532,22531188,0.19700,2184.17575453,0
1506687532,22531187,0.19700,2513.08770400,0
1506687531,22531185,0.19700,5337.84000000,0
1506687530,22531184,0.19700,5316.64978900,0
1506687505,22531163,0.19700,6340.04237300,0
1506687502,22531159,0.19700,386.93288100,0
1506687495,22531157,0.19700,100.00000000,0
1506687489,22531154,0.19699,1885.79193900,0
1506687450,22531129,0.19700,2240.21180700,0
1506687398,22531065,0.19700,2608.52731700,0
1506687391,22531053,0.19700,2227.38643800,0
1506687387,22531033,0.19700,2000.00000000,0
1506687380,22530990,0.19700,1543.69887000,0
1506687378,22530979,0.19700,958.95143798,0
1506687324,22530906,0.19691,5994.85400000,0
1506687324,22530904,0.19690,1239.80500000,0
1506687316,22530897,0.19696,4876.37936000,0
1506687246,22530820,0.19699,1918.23950500,0
1506687224,22530809,0.19700,6.12721000,0
1506687224,22530808,0.19699,1332.69178200,0
1506687219,22530807,0.19699,1972.27420800,0
1506687202,22530796,0.19699,1332.69178200,0
1506687200,22530795,0.19699,253.21224428,0
1506687190,22530780,0.19700,1650.92444500,0
1506687190,22530779,0.19699,337.18110100,0
1506687186,22530777,0.19699,4029.38662900,0
1506687173,22530771,0.19699,400.61121086,1
1506687168,22530765,0.19699,400.61025590,0
1506687137,22530739,0.19699,5338.72609000,0
1506686900,22530487,0.19711,7755.64033900,1
1506686881,22530469,0.19711,2536.65470000,1
1506686881,22530468,0.19711,8451.22596100,1
1506686871,22530465,0.19711,2550.58358600,1
1506686857,22530457,0.19711,15476.71841400,1
1506686826,22530429,0.19711,567.76000000,1
1506686782,22530406,0.19711,1241.28000000,1
1506686782,22530405,0.19755,8041.05289800,0
1506686658,22530308,0.19779,25.24519717,0
1506686645,22530290,0.19712,5385.24000000,1
1506686578,22530242,0.19775,25.25158028,0
1506686570,22530237,0.19744,25.29122771,0
1506686558,22530234,0.19744,100.00000000,0
1506686541,22530221,0.19712,659.87400000,1
1506686528,22530198,0.19712,1791.11000000,1
1506686510,22530178,0.19744,200.00000000,0
1506686392,22530071,0.19785,25.23881729,0
1506686391,22530069,0.19785,25.23881729,0
1506686387,22530068,0.19787,25.23626624,0
1506686381,22530066,0.19710,6673.43000000,1
1506686381,22530065,0.19711,70.00000000,1
1506686372,22530052,0.19795,25.22606719,0
1506686368,22530021,0.19711,200.00000000,1
1506685945,22529644,0.19611,1782.22265700,1
1506685943,22529640,0.19611,10215.52841600,1
1506685847,22529484,0.19556,4787.50059010,1
1506685847,22529483,0.19556,884.17180790,1
1506685846,22529482,0.19557,3191.08867000,1
1506685750,22529318,0.19556,23392.69692700,1
1506685750,22529317,0.19558,270.00000000,1
1506685695,22529239,0.19681,1013.77541792,0
1506685622,22529139,0.19630,461.58666153,1
1506685515,22528947,0.19630,2340.34915100,1
1506685512,22528938,0.19650,16712.37479780,1
1506685478,22528864,0.19650,500.00000000,1
1506685466,22528846,0.19650,11317.19593700,1
1506685456,22528812,0.19650,15983.18500000,1
1506685419,22528759,0.19650,17034.64058100,1
1506685414,22528747,0.19650,151.00000000,1
1506685407,22528731,0.19650,34914.78831800,1
1506685405,22528723,0.19650,2527.96294600,1
1506685405,22528721,0.19651,5261.56228000,1
1506685383,22528672,0.19650,1256.42380300,1
1506685372,22528664,0.19650,8588.83269200,1
1506685369,22528663,0.19650,3611.75013000,1
1506685368,22528662,0.19650,2570.76499200,1
1506685368,22528661,0.19651,3611.75013000,1
1506685362,22528659,0.19681,410.57669834,1
1506685291,22528582,0.19726,500.00000000,0
1506685285,22528576,0.19726,2789.97468354,0
1506685285,22528575,0.19725,2500.00000000,0
1506685229,22528511,0.19750,461.99996800,1
1506685225,22528502,0.19744,0.00003200,0
1506685225,22528501,0.19721,434.00000000,0
1506685213,22528486,0.19750,3204.93976800,1
1506685204,22528476,0.19750,4932.41923200,1
1506685203,22528471,0.19750,3204.93976800,1
1506685185,22528438,0.19750,8137.35900000,1
1506685159,22528396,0.19750,529.57684400,1
1506685147,22528375,0.19750,10621.15638800,1
1506685144,22528364,0.19750,6599.60900000,1
1506685125,22528354,0.19750,10000.00000000,1
1506685124,22528351,0.19750,270.00000000,1
1506685123,22528350,0.19750,10000.00000000,1
1506685123,22528349,0.19750,10000.00000000,1
1506685122,22528348,0.19750,10000.00000000,1
1506685119,22528343,0.19731,2500.00000000,0
1506684928,22528122,0.19717,44.55882690,0
1506684684,22527946,0.19700,204.00000000,1
1506684682,22527943,0.19700,10945.04218000,1
1506684682,22527942,0.19701,2352.31091000,1
1506684597,22527872,0.19771,3.23888523,1
1506684595,22527871,0.19736,118.20265553,0
1506684585,22527866,0.19736,25.30147953,0
1506684583,22527864,0.19736,25.30147953,0
1506684582,22527863,0.19736,25.30147953,0
1506684580,22527861,0.19736,25.30147953,0
1506684578,22527859,0.19736,25.30147953,0
1506684534,22527829,0.19745,25.28994682,1
1506684528,22527822,0.19738,25.29891580,0
1506684526,22527819,0.19747,25.28738543,0
1506684413,22527738,0.19704,25.34257004,0
1506684411,22527736,0.19705,25.34128394,0
1506684410,22527734,0.19705,25.34128394,0
1506684408,22527731,0.19704,25.34257004,0
1506684405,22527729,0.19705,25.34128394,0
1506684402,22527726,0.19600,500.00000000,1
1506684195,22527409,0.19616,4873.74000000,0
1506684174,22527339,0.19600,96.00000000,1
1506684173,22527337,0.19601,434.00000000,1
1506684088,22527091,0.19625,328.80005220,1
1506684057,22527045,0.19618,434.00000000,0
1506683975,22526953,0.19600,9456.22745700,1
1506683855,22526917,0.19635,1642.42424242,1
1506683834,22526914,0.19635,936.92950300,0
1506683718,22526871,0.19652,2500.00000000,1
1506683718,22526870,0.19652,1020.65307000,1
1506683716,22526868,0.19652,1479.34693000,1
1506683716,22526866,0.19653,1020.65307000,1
1506683713,22526864,0.19652,2500.00000000,1
1506683712,22526863,0.19649,2500.00000000,0
1506683385,22526588,0.19467,3200.00000000,1
1506683385,22526587,0.19498,1000.00000000,1
1506683317,22526547,0.19598,1024.31332000,1
1506683315,22526544,0.19660,1016.94982833,0
1506683307,22526526,0.19814,18969.17308146,0
1506683307,22526525,0.19743,859.20233000,0
1506683307,22526524,0.19598,4296.01165000,0
1506683019,22526365,0.19502,500.00000000,1
1506682893,22526292,0.19469,5028.83984297,0
1506682893,22526291,0.19519,42172.46083303,1
1506682892,22526289,0.19524,6900.91028000,1
1506682837,22526229,0.19570,434.00000000,0
1506682759,22526128,0.19599,5356.37577208,1
1506682745,22526124,0.19596,208.63485584,1
1506682721,22526090,0.19590,4073.51064373,1
1506682616,22525951,0.19643,200.00000000,0
1506682305,22525780,0.19644,10935.50000000,0
1506682280,22525735,0.19700,5355.92503263,1
1506682279,22525730,0.19662,0.45073945,0
1506682252,22525705,0.19700,7048.41776055,1
1506682231,22525686,0.19700,504.82655531,1
1506682212,22525646,0.19775,61.63000000,0
1506682210,22525644,0.19700,15734.90000000,1
1506682204,22525636,0.19700,1919.82307272,1
1506682203,22525634,0.19700,7564.69000000,1
1506682198,22525624,0.19700,25213.70000000,1
1506682178,22525602,0.19700,1266.94000000,1
1506682176,22525599,0.19700,3.28431000,1
1506682176,22525598,0.19701,4689.04569000,1
1506682113,22525531,0.19700,652.93400000,1
1506682067,22525471,0.19700,10000.00000000,1
1506682055,22525459,0.19700,2622.80104097,1
1506682054,22525456,0.19700,584.00000000,1
1506682049,22525448,0.19700,669.51200000,1
1506682039,22525429,0.19700,4760.34492000,1
1506682039,22525427,0.19701,5239.65508000,1
1506682014,22525364,0.19701,1303.00000000,1
1506682010,22525361,0.19700,10000.00000000,1
1506682006,22525355,0.19700,7711.13245000,1
1506682006,22525354,0.19703,2288.86755000,1
1506682005,22525353,0.19700,10000.00000000,1
1506682005,22525352,0.19700,10000.00000000,1
1506682005,22525351,0.19700,10000.00000000,1
1506682004,22525344,0.19700,4073.12360000,1
1506682004,22525342,0.19701,5926.87640000,1
1506682004,22525340,0.19702,10000.00000000,1
1506681989,22525327,0.19664,1300.00000000,1
1506681981,22525304,0.19813,2118.94246202,0
1506681981,22525303,0.19813,398.35986474,0
1506681978,22525298,0.19662,3000.00000000,1
1506681974,22525286,0.19662,419.39800000,1
1506681970,22525269,0.19818,27008.60589995,0
1506681970,22525267,0.19818,994.42482968,1
1506681970,22525265,0.19817,523.41265000,0
1506681970,22525264,0.19817,2617.06326000,0
1506681969,22525261,0.19816,2500.00000000,0
1506681969,22525259,0.19815,1263.31020000,0
1506681967,22525254,0.19659,372.33913440,0
1506681953,22525193,0.19818,30410.16212534,0
1506681953,22525191,0.19817,5000.00000000,0
1506681952,22525190,0.19817,5000.00000000,0
1506681952,22525187,0.19817,7425.00000000,1
1506681952,22525186,0.19817,4655.59192187,1
1506681952,22525184,0.19810,35.00000000,0
1506681951,22525181,0.19800,600.00000000,0
1506681951,22525179,0.19710,35.00000000,0
1506681951,22525175,0.19709,672.47878000,0
1506681951,22525172,0.19709,4650.08795402,1
1506681950,22525168,0.19660,4625.50559580,0
1506681950,22525165,0.19659,4644.60150568,0
1506681949,22525155,0.19658,4644.60168888,1
1506681948,22525150,0.19658,3362.39391000,0
1506681922,22525091,0.19660,14060.49440420,0
1506681922,22525089,0.19652,70.62003000,0
1506681922,22525087,0.19650,7238.25000000,0
1506681921,22525086,0.19610,35.00000000,0
1506681921,22525085,0.19609,3994.92346000,0
1506681911,22525047,0.19609,84.74343413,0
1506681911,22525042,0.19598,500.00000000,0
1506681910,22525036,0.19590,26.00000000,0
1506681839,22524894,0.19577,0.33840412,1
1506681836,22524883,0.19577,2500.00000000,0
1506681722,22524709,0.19490,2804.33580462,0
1506681712,22524693,0.19490,1211.60584245,0
1506681706,22524688,0.19490,5949.76929607,0
1506681698,22524678,0.19490,1262.86393506,0
1506681639,22524594,0.19490,771.42512180,0
1506681639,22524593,0.19470,204.00000000,0
1506681080,22524238,0.19450,50.00000000,1
1506681074,22524229,0.19489,50.00000000,0
1506681071,22524224,0.19450,6265.00000000,1
1506681040,22524178,0.19450,3637.15496700,1
1506681038,22524176,0.19450,12256.85100000,1
1506681036,22524172,0.19450,6837.61376400,1
1506681036,22524170,0.19451,3000.00000000,1
1506681035,22524165,0.19455,4453.93388960,1
1506681035,22524164,0.19455,3000.00000000,1
1506681012,22524132,0.19455,6387.61102000,1
1506680997,22524099,0.19455,6373.35306400,1
1506680967,22524080,0.19455,6263.76657500,1
1506680967,22524079,0.19456,204.00000000,1
1506680967,22524078,0.19456,204.00000000,1
1506680946,22524053,0.19455,3271.14229000,1
1506680711,22523870,0.19491,2500.00000000,0
1506680711,22523869,0.19491,1634.92535782,0
1506680710,22523868,0.19472,204.00000000,0
1506680577,22523752,0.19450,956.93681437,1
1506680550,22523737,0.19450,180.00000000,1
1506680520,22523720,0.19450,932.37777625,1
1506680460,22523695,0.19450,6353.09018740,1
1506680460,22523694,0.19455,955.59845560,1
1506679893,22523344,0.19522,172.93627426,0
1506679879,22523325,0.19527,597.14245894,0
1506679862,22523310,0.19448,0.63000000,1
1506679862,22523309,0.19500,1868.23200000,1
1506679806,22523253,0.19500,631.76800000,1
1506679692,22523170,0.19492,955.59845560,0
1506679497,22523082,0.19492,1544.40154440,0
1506679434,22523048,0.19425,2205.55754357,0
1506679420,22523027,0.19428,0.04364834,0
1506679420,22523025,0.19403,204.00000000,0
1506679201,22522898,0.19350,174.68675000,1
1506679201,22522897,0.19350,270.00000000,1
1506679004,22522775,0.19404,1078.72536800,1
1506678902,22522732,0.19470,321.87460000,0
1506678902,22522731,0.19469,9678.12540000,0
1506678879,22522723,0.19477,1075.27633470,0
1506678852,22522710,0.19493,95.00978533,1
1506678760,22522678,0.19493,694.42569238,1
1506678760,22522677,0.19493,1805.57430762,1
1506678746,22522667,0.19496,25.60236530,1
1506678745,22522666,0.19495,270.00000000,0
1506678730,22522648,0.19500,1818.88274506,0
1506678729,22522645,0.19499,898.14589000,0
1506678607,22522483,0.19498,603.60000000,1
1506678213,22522074,0.19500,530.57604100,0
1506678213,22522073,0.19495,270.00000000,0
1506678205,22522066,0.19414,809.41586844,1
1506678157,22522027,0.19451,292.31324868,0
1506678001,22521909,0.19337,25.91077000,1
1506678001,22521908,0.19376,184.00000000,1
1506678000,22521907,0.19381,270.00000000,1
1506677543,22521647,0.19363,9094.40000000,1
1506677543,22521646,0.19363,270.00000000,1
1506677534,22521638,0.19357,1977.12900000,1
1506677534,22521637,0.19357,270.00000000,1
1506677534,22521636,0.19361,12496.97100000,1
1506677497,22521625,0.19351,830.00000000,0
1506677496,22521624,0.19351,270.00000000,1
1506677406,22521554,0.19500,3650.54121394,0
1506677406,22521551,0.19499,397.41866000,1
1506677406,22521545,0.19400,10340.42337606,0
1506677405,22521533,0.19397,1987.09329000,1
1506677404,22521526,0.19397,4624.52346000,0
1506677210,22521397,0.19428,154.03119209,0
1506676870,22521098,0.19483,191.46825437,1
1506676869,22521096,0.19434,270.00000000,0
1506676802,22521049,0.19400,257.08922680,0
1506676755,22521024,0.19465,71.87749000,0
1506676754,22521023,0.19461,858.03615000,0
1506676754,22521022,0.19461,4290.18076000,0
1506676754,22521021,0.19457,7383.31900000,0
1506676754,22521019,0.19454,7139.42600000,1
1506676752,22521018,0.19385,257.16060000,0
1506676634,22520967,0.19385,6472.83940000,0
1506676575,22520890,0.19383,270.00000000,0
1506676570,22520882,0.19385,3000.00000000,1
1506676570,22520880,0.19386,270.00000000,1
1506676368,22520527,0.19466,256.21755882,0
1506676290,22520458,0.19471,3634.69482661,1
1506676267,22520446,0.19471,5276.25203000,1
1506676249,22520437,0.19471,3634.71525500,1
1506676237,22520428,0.19471,8910.96728500,1
1506676210,22520412,0.19471,8852.05242800,1
1506676206,22520410,0.19471,801.40132500,1
1506676157,22520365,0.19471,10000.00000000,1
1506675975,22520252,0.19471,2067.93030000,1
1506675917,22520188,0.19471,11534.49600000,1
1506675917,22520186,0.19471,1035.97106400,1
1506675917,22520183,0.19471,2067.93030100,1
1506675916,22520182,0.19471,26416.00000000,1
1506675916,22520180,0.19471,2500.00000000,1
1506675916,22520179,0.19471,3106.57871000,1
1506675916,22520178,0.19472,7924.03729000,1
1506675908,22520117,0.19464,737.00000000,0
1506675800,22519986,0.19470,899.00000000,1
1506675767,22519920,0.19470,7247.84406700,1
1506675337,22519662,0.19525,93.55620000,0
1506675320,22519638,0.19474,1243.92381600,0
1506675259,22519606,0.19410,184.21685484,1
1506674954,22519442,0.19416,5163.10000000,1
1506674953,22519440,0.19415,5163.10000000,1
1506674731,22519204,0.19385,239.68206296,1
1506674731,22519203,0.19385,0.00000004,1
1506674731,22519202,0.19417,701.67900000,1
1506674730,22519201,0.19422,554.64100000,1
1506674727,22519191,0.19385,1256.88775996,0
1506674702,22519156,0.19385,5720.66286700,0
1506674702,22519153,0.19384,1256.88776000,0
1506674701,22519151,0.19384,2714.30800000,0
1506674584,22519101,0.19384,2768.08627200,0
1506674553,22519062,0.19384,222.40332232,0
1506674507,22519032,0.19330,2202.00000000,1
1506674477,22519024,0.19324,3004.00000000,1
1506674468,22519018,0.19323,816.19599847,0
1506674467,22519015,0.19323,974.80400153,0
1506674467,22519014,0.19319,0.00000021,0
1506674419,22518998,0.19278,795.30964600,0
1506674419,22518997,0.19278,3149.69035400,0
1506674419,22518996,0.19278,55.00000000,0
1506674410,22518993,0.19280,40048.00000000,1
1506674379,22518970,0.19319,680.99999979,0
1506674379,22518969,0.19315,147.40027421,0
1506674362,22518962,0.19315,2238.45000000,0
1506674360,22518961,0.19315,1019.85000000,0
1506674343,22518952,0.19315,975.27260185,0
1506674342,22518950,0.19315,1500.25814134,0
1506674322,22518945,0.19315,384.84500000,0
1506674320,22518940,0.19315,670.02600000,0
1506674319,22518939,0.19315,1635.34000000,0
1506674318,22518936,0.19315,383.53400000,0
1506674312,22518934,0.19315,2217.85723000,0
1506674311,22518933,0.19315,541.14200000,0
1506674302,22518931,0.19315,888.00000000,0
1506674298,22518930,0.19315,888.00000000,0
1506674296,22518929,0.19315,981.13300000,0
1506674278,22518917,0.19315,982.96600000,0
1506674264,22518910,0.19315,20570.00000000,0
1506674243,22518895,0.19315,1431.45000000,0
1506674211,22518876,0.19314,2400.56213000,0
1506674206,22518866,0.19315,3467.95804479,0
1506674202,22518845,0.19315,931.33700000,0
1506674202,22518843,0.19315,18135.13004700,0
1506674202,22518841,0.19315,1786.48359900,0
1506674201,22518840,0.19315,10824.00000000,0
1506674200,22518838,0.19315,1000.00000000,1
1506674200,22518837,0.19318,10022.05600000,1
1506674199,22518836,0.19320,9817.36800000,1
1506674199,22518835,0.19321,7225.10404000,1
1506674199,22518834,0.19321,270.00000000,1
1506674171,22518804,0.19318,847.00000000,1
1506674171,22518803,0.19318,270.00000000,1
1506674141,22518784,0.19317,364.00000000,1
1506674141,22518783,0.19319,270.00000000,1
1506674112,22518759,0.19317,3730.00000000,1
1506674112,22518758,0.19318,270.00000000,1
1506674092,22518702,0.19385,511.84360000,0
1506674092,22518700,0.19380,270.00000000,0
1506674084,22518656,0.19317,3730.00000000,1
1506674084,22518655,0.19317,270.00000000,1
1506674064,22518642,0.19381,844.26245500,0
1506674056,22518634,0.19315,120.00000000,0
1506674042,22518626,0.19315,5236.44852500,0
1506674042,22518625,0.19315,2560.66989000,0
1506674035,22518615,0.19315,8116.55489900,0
1506674017,22518598,0.19315,2396.05103541,0
1506674012,22518590,0.19315,2396.05103541,0
1506674007,22518583,0.19315,974.79047170,0
1506674007,22518582,0.19315,5052.09488500,0
1506674007,22518581,0.19315,730.57079989,0
1506674006,22518579,0.19315,12567.40691000,0
1506674005,22518575,0.19315,12538.78346242,0
1506674005,22518574,0.19315,6053.99838700,0
1506674005,22518572,0.19315,270.00000000,0
1506674004,22518571,0.19315,2189.34200000,0
1506674004,22518570,0.19315,1506.17600000,0
1506674004,22518569,0.19315,5831.96434500,0
1506674004,22518568,0.19315,1654.72430100,0
1506674003,22518567,0.19315,6720.03424600,0
1506674002,22518566,0.19318,270.00000000,1
1506673893,22518394,0.19315,757.00000000,1
1506673893,22518392,0.19317,270.00000000,1
1506673864,22518385,0.19315,3730.00000000,1
1506673864,22518384,0.19316,270.00000000,1
1506673836,22518370,0.19308,3730.00000000,1
1506673836,22518369,0.19309,270.00000000,1
1506673748,22518315,0.19384,564.85867288,0
1506673748,22518314,0.19300,0.31018900,0
1506673748,22518313,0.19299,4.90113812,0
1506673715,22518287,0.19299,1010.13000000,0
1506673714,22518286,0.19299,3608.86000000,0
1506673639,22518205,0.19300,1379.12000000,0
1506673636,22518201,0.19300,1167.46000000,0
1506673631,22518193,0.19300,2882.57381000,0
1506673631,22518191,0.19300,4570.53500100,0
1506673482,22518055,0.19298,741.06200000,0
1506673481,22518054,0.19298,886.26600000,0
1506673455,22518040,0.19298,10000.00000000,0
1506673454,22518038,0.19298,3009.00100300,0
1506673454,22518036,0.19298,2060.36929300,0
1506673454,22518035,0.19298,1740.68417800,0
1506673448,22518023,0.19298,65824.80049746,0
1506673446,22518019,0.19298,1738.49000000,0
1506673428,22517978,0.19298,35.74388000,0
1506673428,22517977,0.19297,135.25612000,0
1506673380,22517915,0.19298,783.29966000,0
1506673380,22517914,0.19297,160.70034000,0
1506673379,22517912,0.19298,11627.50825900,0
1506673379,22517910,0.19298,7004.00000000,0
1506673372,22517881,0.19298,1651.82890000,0
1506673372,22517879,0.19297,190.93110000,0
1506673366,22517868,0.19298,1358.13372900,0
1506673365,22517866,0.19298,1306.30913300,0
1506673354,22517846,0.19298,13297.72335500,0
1506673354,22517842,0.19298,2208.47886868,0
1506673353,22517841,0.19297,226.84883000,0
1506673348,22517820,0.19298,2434.29176097,0
1506673343,22517805,0.19298,2066.17586991,0
1506673342,22517800,0.19298,6135.20930100,0
1506673341,22517799,0.19297,269.52336000,0
1506673337,22517787,0.19298,2064.54173911,0
1506673333,22517777,0.19298,90687.35751295,0
1506673331,22517773,0.19298,159.53356056,0
1506673330,22517771,0.19297,248.53206078,0
1506673326,22517755,0.19297,71.69371922,1
1506673325,22517746,0.19298,981.37280569,0
1506673313,22517728,0.19297,380.46627000,1
1506673302,22517707,0.19298,1636.49087000,0
1506673302,22517706,0.19297,452.03913000,0
1506673285,22517696,0.19298,0.37580000,0
1506673285,22517695,0.19297,537.07620000,0
1506673220,22517659,0.19298,3804.71203600,0
1506673220,22517658,0.19296,638.11033000,0
1506673205,22517650,0.19249,430.08000000,0
1506673202,22517642,0.19249,1358.68000000,0
1506673188,22517639,0.19297,609.16769446,0
1506673127,22517620,0.19298,2.57000000,0
1506673127,22517619,0.19290,7002.88000000,0
1506673126,22517618,0.19290,2997.12000000,0
1506673090,22517602,0.19300,1991.62339404,0
1506673090,22517601,0.19299,826.51820000,0
1506673087,22517594,0.19300,20000.00000000,0
1506673085,22517590,0.19300,3459.33458000,0
1506673085,22517588,0.19299,141.66542000,0
1506673083,22517578,0.19200,5264.62198877,0
1506673082,22517575,0.19200,1309.35003056,0
1506673082,22517574,0.19200,104.16666667,0
1506673081,22517570,0.19200,1562.50000000,0
1506673080,22517567,0.19200,600.00000000,1
1506673080,22517566,0.19202,14409.21200000,1
1506673080,22517565,0.19210,35.00000000,1
1506673080,22517564,0.19220,337.69931400,1
1506673079,22517563,0.19225,6377.44800000,1
1506673063,22517537,0.19300,132.23397300,0
1506673063,22517536,0.19299,207.31525000,0
1506673063,22517535,0.19297,1620.00000000,0
1506673025,22517509,0.19220,243.52388600,1
1506673023,22517507,0.19221,270.00000000,1
1506673016,22517498,0.19220,18.77680000,1
1506673016,22517497,0.19232,93.55620000,1
1506673016,22517496,0.19240,18757.86700000,1
1506673014,22517494,0.19240,100.00000000,1
1506673005,22517487,0.19300,294.56493500,0
1506673005,22517486,0.19299,360.46119000,0
1506672974,22517474,0.19300,231.06627000,0
1506672974,22517473,0.19299,428.27073000,0
1506672972,22517472,0.19240,2407.13300000,1
1506672972,22517471,0.19240,600.00000000,1
1506672971,22517470,0.19241,31879.96500000,1
1506672971,22517469,0.19260,600.00000000,1
1506672971,22517468,0.19280,600.00000000,1
1506672967,22517465,0.19300,1673.37300000,0
1506672961,22517462,0.19300,47748.90000000,0
1506672959,22517460,0.19300,0.39629000,0
1506672959,22517459,0.19299,566.21471000,0
1506672946,22517444,0.19300,659.47200000,0
1506672943,22517441,0.19300,600.00000000,1
1506672943,22517440,0.19302,8215.82000000,1
1506672943,22517438,0.19310,35.00000000,1
1506672943,22517437,0.19320,2310.15212228,1
1506672943,22517436,0.19351,3522.00000000,1
1506672878,22517345,0.19383,457.63534788,0
1506672794,22517289,0.19385,614.33256900,0
1506672787,22517285,0.19385,1230.27000000,0
1506672622,22517189,0.19385,197.00000000,1
1506672494,22517119,0.19353,150.00000000,1
1506672362,22517028,0.19430,706.76021000,0
1506672362,22517027,0.19429,706.65635000,0
1506672361,22517026,0.19419,543.56344000,0
1506672358,22517025,0.19429,543.94400000,0
1506672330,22517016,0.19429,1485.86180000,0
1506672279,22516999,0.19427,238.64885990,0
1506672273,22516991,0.19427,4990.60000000,1
1506672271,22516987,0.19427,970.58862343,1
1506672266,22516984,0.19429,1262.78151292,0
1506672262,22516977,0.19429,502.59884708,0
1506672194,22516932,0.19429,2097.48161000,0
1506672012,22516855,0.19373,1655.37997000,0
1506672011,22516854,0.19377,70.62003000,1
1506672000,22516840,0.19410,35.00000000,1
1506672000,22516839,0.19411,30.00000000,1
1506671964,22516780,0.19430,1437.23500000,0
1506671959,22516776,0.19430,711.22882800,0
1506671959,22516775,0.19429,3206.74876000,0
1506671953,22516773,0.19429,1268.63139100,0
1506671940,22516771,0.19429,8796.38000000,0
1506671934,22516768,0.19430,22477.00000000,1
1506671933,22516767,0.19433,4947.80748000,1
1506671933,22516766,0.19436,270.00000000,1
1506671830,22516696,0.19515,0.39800000,1
1506671830,22516695,0.19525,91.39405000,1
1506671660,22516592,0.19526,964.76697600,1
1506671660,22516590,0.19547,270.00000000,1
1506671604,22516517,0.19528,1125.03197000,1
1506671603,22516516,0.19546,5622.33768000,1
1506671603,22516515,0.19546,270.00000000,1
1506671595,22516512,0.19541,3378.46093600,1
1506671595,22516511,0.19544,4990.60000000,1
1506671594,22516510,0.19545,10000.00000000,1
1506671594,22516509,0.19545,4990.60000000,1
1506671594,22516508,0.19546,13491.86265000,1
1506671523,22516421,0.19607,918.93716000,1
1506671520,22516418,0.19606,206.56630000,1
1506671516,22516414,0.19607,1127.41000000,1
1506671515,22516413,0.19606,270.00000000,1
1506671485,22516384,0.19744,45524.28682131,0
1506671454,22516343,0.19800,15900.96232323,1
1506671453,22516342,0.19751,350.49382000,1
1506671453,22516341,0.19751,1752.46909000,1
1506671453,22516340,0.19751,1254.06140000,0
1506671452,22516338,0.19620,1028.20900713,0
1506671408,22516306,0.19765,4037.86789780,0
1506671384,22516292,0.19782,25.24264483,0
1506671318,22516180,0.19526,20415.92809000,0
1506671307,22516155,0.19900,866.63859296,0
1506671307,22516154,0.19900,600.00000000,0
1506671307,22516148,0.19880,600.00000000,0
1506671307,22516147,0.19880,832.84930000,1
1506671306,22516141,0.19860,600.00000000,0
1506671306,22516139,0.19850,16762.00000000,0
1506671306,22516136,0.19840,600.00000000,0
1506671305,22516133,0.19820,4990.60000000,0
1506671305,22516132,0.19820,18035.90929326,1
1506671305,22516130,0.19819,62153.16600000,0
1506671305,22516128,0.19800,4623.51079100,0
1506671304,22516127,0.19800,956.19611503,0
1506671304,22516125,0.19720,959.56717325,0
1506671304,22516123,0.19719,16999.13100000,1
1506671303,22516120,0.19684,205.64180000,0
1506671303,22516118,0.19684,1028.20901000,0
1506671303,22516117,0.19684,270.00000000,0
1506671286,22516062,0.19839,6308.25727103,0
1506671286,22516060,0.19838,1581.71844116,1
1506671286,22516056,0.19823,90.63748000,0
1506671286,22516054,0.19820,35.00000000,0
1506671285,22516052,0.19820,600.00000000,0
1506671285,22516051,0.19810,35.00000000,0
1506671285,22516050,0.19810,35.00000000,0
1506671285,22516049,0.19800,600.00000000,0
1506671285,22516048,0.19800,19787.03764457,1
1506671284,22516046,0.19780,600.00000000,0
1506671284,22516044,0.19780,270.00000000,1
1506671284,22516043,0.19760,600.00000000,0
1506671283,22516042,0.19740,600.00000000,0
1506671283,22516041,0.19740,236.00005080,1
1506671283,22516040,0.19720,35.00000000,0
1506671283,22516039,0.19720,600.00000000,0
1506671282,22516038,0.19718,24235.46700000,1
1506671282,22516037,0.19700,157.10202839,0
1506671281,22516036,0.19686,2500.00000000,1
1506671281,22516035,0.19686,5000.00000000,1
1506671281,22516034,0.19686,315.56287000,1
1506671280,22516032,0.19686,1577.81433000,1
1506671279,22516031,0.19686,4990.60000000,0
1506671271,22516017,0.19720,2323.36576064,1
1506671270,22516016,0.19720,1019.16000000,1
1506671270,22516015,0.19710,129.83257891,0
1506671270,22516014,0.19710,35.00000000,0
1506671270,22516013,0.19710,2500.00000000,1
1506671270,22516012,0.19710,1094.94000000,1
1506671269,22516011,0.19700,600.00000000,0
1506671269,22516010,0.19700,25898.61963640,0
1506671269,22516009,0.19699,389.58379000,1
1506671269,22516008,0.19699,5000.00000000,1
1506671268,22516007,0.19688,2500.00000000,1
1506671268,22516006,0.19688,1947.91893000,1
1506671268,22516005,0.19687,7259.56800000,0
1506671193,22515955,0.19592,10000.00000000,0
1506671192,22515954,0.19588,10000.00000000,0
1506671187,22515951,0.19700,4871.96157360,0
1506671187,22515950,0.19699,5000.00000000,0
1506671186,22515948,0.19650,17836.00000000,0
1506671186,22515945,0.19649,31766.85600000,0
1506671185,22515940,0.19636,480.96764000,0
1506671185,22515939,0.19544,12143.27481888,0
1506671185,22515938,0.19541,2404.83819000,0
1506671183,22515934,0.19540,1798.88165000,0
1506670959,22515487,0.19490,569.00000000,0
1506670429,22514950,0.19544,185.00000000,0
1506670395,22514903,0.19401,1981.06458900,1
1506670395,22514902,0.19500,1768.70000000,1
1506670384,22514881,0.19570,1358.16437000,0
1506670384,22514880,0.19569,9742.12400000,0
1506670384,22514879,0.19568,4049.71163000,0
1506670369,22514863,0.19573,901.40188014,1
1506670368,22514860,0.19573,270.00000000,0
1506670368,22514859,0.19573,2500.00000000,0
1506670313,22514766,0.19613,10184.07877428,0
1506670272,22514746,0.19580,1940.24810873,1
1506670242,22514732,0.19580,9921.08529100,1
1506670241,22514731,0.19581,270.00000000,1
1506670124,22514660,0.19580,1338.05480400,1
1506670110,22514645,0.19581,8229.20779000,1
1506670110,22514644,0.19581,3632.12561000,1
1506670107,22514637,0.19581,250.54700000,1
1506670107,22514636,0.19583,270.00000000,1
1506670097,22514619,0.19582,524.81000800,1
1506670097,22514618,0.19582,270.00000000,1
1506670080,22514606,0.19700,2143.41879000,0
1506670080,22514605,0.19689,73.79692000,0
1506670080,22514604,0.19688,50.00000000,0
1506670080,22514602,0.19680,600.00000000,0
1506670080,22514601,0.19673,33061.00500000,0
1506670079,22514600,0.19672,1406.51790000,0
1506670079,22514599,0.19670,31995.14500000,0
1506670079,22514598,0.19660,600.00000000,0
1506670079,22514597,0.19652,70.11639000,0
1506670061,22514582,0.19581,505.00000000,0
1506670059,22514580,0.19581,6398.54401400,1
1506670059,22514579,0.19582,4653.83561000,1
1506670059,22514578,0.19582,270.00000000,1
1506670033,22514539,0.19582,1000.00000000,1
1506670028,22514531,0.19582,759.49398700,1
1506669991,22514493,0.19581,823.49537000,1
1506669990,22514490,0.19581,462.71314600,1
1506669989,22514489,0.19581,1000.00000000,1
1506669986,22514485,0.19580,2028.18740000,1
1506669985,22514484,0.19580,10645.38920627,1
1506669985,22514483,0.19640,1539.14760273,1
1506669984,22514482,0.19640,3736.15335900,1
1506669984,22514481,0.19640,7126.95083000,1
1506669984,22514480,0.19640,15886.00000000,1
1506669981,22514479,0.19640,600.00000000,0
1506669981,22514478,0.19620,35.00000000,0
1506669981,22514477,0.19620,600.00000000,0
1506669981,22514476,0.19618,143.55381000,0
1506669981,22514475,0.19618,20328.41500000,0
1506669980,22514474,0.19610,4.77939827,0
1506669980,22514473,0.19580,1000.00000000,1
1506669978,22514472,0.19580,100.00000000,1
1506669976,22514470,0.19610,30.22060173,0
1506669974,22514466,0.19600,0.29985008,0
1506669972,22514461,0.19600,143.41114992,0
1506669972,22514460,0.19600,456.28900000,0
1506669969,22514457,0.19580,2026.42000000,1
1506669968,22514452,0.19580,612.32500000,1
1506669966,22514448,0.19580,600.00000000,0
1506669966,22514447,0.19570,12217.99760000,0
1506669966,22514446,0.19569,5999.66380000,0
1506669965,22514445,0.19568,231.53839000,0
1506669965,22514444,0.19560,600.00000000,0
1506669965,22514442,0.19540,600.00000000,0
1506669965,22514441,0.19538,46.30768000,0
1506669965,22514440,0.19525,92.78272000,0
1506669939,22514423,0.19501,4819.08506000,1
1506669936,22514421,0.19501,1183.92400000,1
1506669932,22514406,0.19476,849.60660000,0
1506669932,22514404,0.19476,0.00005000,0
1506669927,22514391,0.19510,849.60655000,1
1506669922,22514387,0.19510,4525.01178000,1
1506669921,22514384,0.19510,1593.00000000,1
1506669921,22514382,0.19510,11157.52500000,1
1506669921,22514381,0.19510,338.83667000,1
1506669918,22514380,0.19499,13764.10000000,0
1506669918,22514379,0.19498,5000.00000000,0
1506669918,22514378,0.19491,6922.06000000,0
1506669917,22514377,0.19491,2339.67000000,0
1506669917,22514376,0.19466,1010.19000000,0
1506669917,22514374,0.19465,2500.00000000,0
1506669903,22514351,0.19520,35784.76856600,1
1506669903,22514349,0.19520,9518.09600000,1
1506669902,22514347,0.19520,61.73533000,0
1506669902,22514346,0.19507,169.29431000,0
1506669902,22514345,0.19506,846.47155000,0
1506669902,22514344,0.19505,362.42024400,0
1506669902,22514343,0.19505,8878.22400000,0
1506669902,22514342,0.19505,26878.99000000,0
1506669901,22514340,0.19504,2500.00000000,0
1506669901,22514339,0.19504,5000.00000000,0
1506669884,22514319,0.19510,9038.13708000,0
1506669884,22514318,0.19510,209.00532000,0
1506669884,22514317,0.19510,1045.02660000,0
1506669884,22514316,0.19509,2500.00000000,0
1506669884,22514315,0.19509,7207.83100000,0
1506669864,22514306,0.19515,23903.20087000,0
1506669864,22514305,0.19418,10000.00000000,0
1506669864,22514304,0.19418,10000.00000000,0
1506669863,22514302,0.19415,270.00000000,0
1506669863,22514300,0.19415,2500.00000000,0
1506669863,22514299,0.19413,3326.79913000,0
1506669847,22514280,0.19500,14068.38209400,1
1506669847,22514279,0.19500,10608.78134600,1
1506669844,22514276,0.19491,258.03126000,0
1506669844,22514275,0.19447,1290.15630000,0
1506669844,22514274,0.19323,23774.64900000,0
1506669843,22514272,0.19323,2252.77000000,0
1506669841,22514271,0.19323,4497.27000000,0
1506669838,22514268,0.19324,270.00000000,1
1506669838,22514267,0.19324,928.64304000,1
1506669835,22514264,0.19446,2565.31473673,0
1506669827,22514252,0.19520,1753.38950446,1
1506669827,22514251,0.19520,4123.30524800,1
1506669827,22514250,0.19520,10238.55841100,1
1506669826,22514249,0.19521,5876.69475200,1
1506669824,22514248,0.19520,2500.00000000,1
1506669823,22514246,0.19520,35.00000000,0
1506669823,22514245,0.19520,600.00000000,0
1506669823,22514244,0.19510,35.00000000,0
1506669823,22514243,0.19500,600.00000000,0
1506669823,22514242,0.19490,106.51191654,0
1506669823,22514241,0.19488,9490.00000000,0
1506669822,22514240,0.19480,600.00000000,0
1506669822,22514239,0.19479,332.48152000,0
1506669822,22514238,0.19479,1662.40761000,0
1506669822,22514237,0.19460,986.26980000,0
1506669822,22514236,0.19419,1290.40870000,0
1506669822,22514235,0.19416,15646.66729000,0
1506669808,22514169,0.19322,9329.19216184,1
1506669808,22514167,0.19324,4838.88889000,1
1506669808,22514166,0.19325,15652.96918000,1
1506669808,22514165,0.19350,120.00000000,1
1506669808,22514163,0.19410,94.94976816,1
1506669804,22514156,0.19460,2492.21421200,1
1506669802,22514155,0.19460,1064.85173000,1
1506669802,22514154,0.19460,2885.07937300,1
1506669801,22514153,0.19460,1539.54300000,1
1506669801,22514152,0.19460,1097.22800000,1
1506669801,22514151,0.19460,1622.59331500,1
1506669800,22514150,0.19460,4456.32000000,1
1506669798,22514148,0.19460,19277.00000000,0
1506669798,22514147,0.19460,600.00000000,0
1506669798,22514146,0.19450,10000.00000000,0
1506669798,22514144,0.19449,1265.17037000,0
1506669798,22514143,0.19440,600.00000000,0
1506669797,22514142,0.19420,600.00000000,0
1506669797,22514141,0.19419,2500.00000000,0
1506669797,22514140,0.19410,35.00000000,0
1506669776,22514119,0.19400,1484.21156900,1
1506669775,22514118,0.19400,9315.89770400,1
1506669775,22514117,0.19400,20979.64725200,1
1506669775,22514116,0.19400,2577.31966000,1
1506669775,22514115,0.19400,11251.65721500,1
1506669773,22514112,0.19400,600.00000000,0
1506669773,22514111,0.19399,1291.26660000,0
1506669773,22514110,0.19388,2500.00000000,0
1506669756,22514095,0.19392,49928.88757000,0
1506669756,22514094,0.19377,71.11243000,0
1506669738,22514064,0.19312,1518.95705500,1
1506669738,22514062,0.19312,270.00000000,1
1506669728,22514049,0.19327,4236.80218200,0
1506669728,22514047,0.19326,1496.63644000,0
1506669717,22514037,0.19356,12353.25315928,1
1506669717,22514036,0.19356,6589.58942000,1
1506669717,22514035,0.19356,7963.00000000,1
1506669716,22514031,0.19356,3232.26000000,1
1506669715,22514029,0.19356,3432.18287500,1
1506669714,22514027,0.19356,2285.87791000,1
1506669714,22514026,0.19356,2862.06969416,1
1506669714,22514025,0.19356,2500.00000000,1
1506669713,22514023,0.19356,1294.18117704,1
1506669713,22514021,0.19356,407.00100000,1
1506669712,22514019,0.19356,1559.50797024,1
1506669711,22514015,0.19356,469.87712428,1
1506669711,22514013,0.19332,2190.19967000,0
1506669711,22514012,0.19332,2500.00000000,0
1506669711,22514011,0.19329,56.00000000,0
1506669711,22514010,0.19310,35.00000000,0
1506669710,22514009,0.19309,270.00000000,0
1506669625,22513932,0.19303,1431.00000000,0
1506669625,22513931,0.19271,569.00000000,0
1506669605,22513895,0.19237,376.81800000,1
1506669577,22513862,0.19298,20423.32386775,0
1506669576,22513860,0.19281,2500.00000000,1
1506669576,22513859,0.19281,10611.45574000,1
1506669576,22513858,0.19281,7884.96800000,0
1506669541,22513819,0.19236,3756.09300000,1
1506669530,22513815,0.19236,10000.00000000,0
1506669530,22513814,0.19235,10000.00000000,0
1506669530,22513813,0.19235,10000.00000000,0
1506669530,22513812,0.19234,2531.33087000,0
1506669530,22513810,0.19232,270.00000000,0
1506669502,22513756,0.19296,10605.04071987,0
1506669502,22513755,0.19298,3653.40740013,1
1506669502,22513754,0.19298,2010.57077200,1
1506669502,22513753,0.19298,1245.63505400,1
1506669501,22513752,0.19298,10605.04072000,1
1506669500,22513750,0.19298,970.76693387,1
1506669500,22513749,0.19298,5000.00000000,1
1506669499,22513748,0.19298,2500.00000000,1
1506669499,22513745,0.19268,3007.52183000,0
1506669499,22513744,0.19268,5000.00000000,0
1506669498,22513743,0.19266,15737.05729000,0
1506669498,22513742,0.19255,270.00000000,0
1506669436,22513698,0.19081,52860.71163896,0
1506669435,22513697,0.19102,475.24657104,1
1506669435,22513696,0.19104,945.06189000,0
1506669435,22513694,0.19137,10000.00000000,1
1506669434,22513692,0.19150,10000.00000000,1
1506669434,22513691,0.19157,270.00000000,1
1506669433,22513690,0.19161,4717.42106000,0
1506669432,22513688,0.19161,15740.95884000,1
1506669432,22513687,0.19161,4990.60000000,1
1506669327,22513600,0.19264,4425.50145348,0
1506669327,22513599,0.19264,10000.00000000,0
1506669326,22513596,0.19260,270.00000000,0
1506669325,22513592,0.19257,12619.71805000,1
1506669324,22513585,0.19257,2500.00000000,0
1506669298,22513554,0.19261,3050.00000000,0
1506669298,22513553,0.19250,2500.00000000,0
1506669298,22513552,0.19250,270.00000000,0
1506669252,22513498,0.19300,153.75572900,1
1506669252,22513497,0.19300,16857.30000000,1
1506669251,22513496,0.19300,1806.57000000,1
1506669250,22513493,0.19300,3738.38113100,1
1506669250,22513492,0.19301,15668.60858000,1
1506669248,22513489,0.19300,270.00000000,1
1506669247,22513488,0.19300,2127.99657000,1
1506669247,22513487,0.19270,20148.00000000,0
1506669247,22513486,0.19269,2127.99657000,0
1506669246,22513485,0.19268,2500.00000000,0
1506669246,22513484,0.19268,270.00000000,0
1506669211,22513463,0.19201,458.34400000,1
1506669178,22513421,0.19225,77.82881664,0
1506669150,22513377,0.19269,23250.92433525,1
1506669150,22513376,0.19269,2824.18381200,1
1506669149,22513375,0.19269,270.00000000,1
1506669149,22513374,0.19269,2500.00000000,1
1506669148,22513373,0.19269,13506.19138000,1
1506669148,22513372,0.19269,624.27475000,0
1506669147,22513371,0.19262,524.29724853,0
1506669147,22513370,0.19262,515.33566422,0
1506669147,22513369,0.19251,3121.37377000,0
1506669147,22513368,0.19250,2500.00000000,0
1506669147,22513367,0.19232,93.41904000,0
1506669147,22513366,0.19231,270.00000000,0
1506669108,22513331,0.19210,35.00000000,0
1506669108,22513330,0.19204,2500.00000000,0
1506669108,22513329,0.19193,270.00000000,0
1506668988,22513230,0.19182,3519.08483211,1
1506668985,22513222,0.19182,1655.34603259,1
1506668985,22513221,0.19182,4027.62000000,1
1506668984,22513218,0.19182,1577.74247141,1
1506668983,22513217,0.19182,621.96435000,1
1506668982,22513215,0.19182,493.58536489,1
1506668975,22513210,0.19182,227.10390000,1
1506668974,22513209,0.19182,13254.40200000,1
1506668969,22513207,0.19182,2123.15104900,1
1506668968,22513206,0.19183,2792.61895100,1
1506668965,22513205,0.19183,671.00000000,1
1506668959,22513202,0.19183,880.27610900,1
1506668954,22513200,0.19182,2500.00000000,1
1506668947,22513197,0.19168,983.99692195,0
1506668902,22513154,0.19070,1482.64552670,1
1506668900,22513152,0.19150,13.68864000,1
1506668763,22513075,0.19158,1288.07280000,0
1506668549,22512855,0.19146,602.88523000,0
1506668549,22512854,0.19146,3014.42613000,0
1506668549,22512853,0.19078,569.00000000,0
1506668418,22512755,0.18918,5864.95818139,1
1506668418,22512754,0.19075,4135.04181861,1
1506668405,22512749,0.19075,720.00000000,1
1506668386,22512735,0.19129,745.69182916,0
1506668375,22512732,0.19056,730.00000000,1
1506668375,22512731,0.19056,270.00000000,1
1506668339,22512702,0.19128,270.00000000,0
1506668251,22512602,0.19051,463.67571533,1
1506668251,22512601,0.19051,270.00000000,1
1506668243,22512597,0.19051,2231.00000000,1
1506668243,22512596,0.19057,270.00000000,1
1506668213,22512578,0.19054,1116.00000000,1
1506668142,22512543,0.19140,291.88045977,0
1506668113,22512509,0.19051,2730.00000000,1
1506668113,22512508,0.19051,270.00000000,1
1506668006,22512445,0.19204,28227.91043532,1
1506668006,22512444,0.19202,16631.84696000,0
1506668006,22512443,0.19202,1307.51840000,1
1506668005,22512441,0.19106,71.60880000,0
1506668005,22512440,0.19100,296.57000000,0
1506668003,22512437,0.19069,270.00000000,0
1506667921,22512371,0.19071,342.35367835,0
1506667919,22512370,0.19048,270.00000000,0
1506667893,22512347,0.19049,1163.60236810,1
1506667889,22512345,0.19049,100.00000000,1
1506667888,22512344,0.19049,100.00000000,1
1506667886,22512343,0.19049,100.00000000,1
1506667884,22512340,0.19049,100.00000000,1
1506667883,22512339,0.19049,100.00000000,1
1506667880,22512334,0.19049,270.00000000,0
1506667762,22512253,0.18881,2983.07912000,0
1506667762,22512252,0.18881,15942.23346000,0
1506667762,22512251,0.18911,929.23379000,1
1506667762,22512250,0.18911,270.00000000,0
1506667760,22512249,0.18957,4641.45363000,1
1506667760,22512248,0.18957,270.00000000,1
1506667735,22512233,0.19096,286.25544617,0
1506667733,22512232,0.18956,698.16600000,1
1506667609,22512158,0.19049,2590.18032442,0
1506667608,22512157,0.19044,2902.29970000,0
1506667608,22512156,0.19043,2213.10958000,0
1506667608,22512155,0.19042,2500.00000000,0
1506667606,22512152,0.19038,270.00000000,0
1506667529,22512029,0.19043,880.00000000,0
1506667521,22511979,0.19100,2043.31867000,1
1506667519,22511976,0.19100,858.98100000,1
1506667518,22511973,0.19100,1010.13000000,1
1506667518,22511970,0.19100,9798.39956000,1
1506667517,22511969,0.19100,659.83700000,1
1506667516,22511964,0.19101,9801.36223000,1
1506667514,22511957,0.19100,270.00000000,1
1506667514,22511955,0.19060,3306.74693000,0
1506667514,22511953,0.19044,10000.00000000,0
1506667514,22511952,0.19044,10000.00000000,0
1506667514,22511951,0.19044,6031.08841000,0
1506667514,22511950,0.19042,3251.49843000,0
1506667513,22511949,0.19042,270.00000000,0
1506667513,22511947,0.19041,2500.00000000,0
1506667479,22511916,0.19044,3968.91159000,0
1506667477,22511914,0.19060,4748.36613171,1
1506667476,22511913,0.19060,4569.30400000,1
1506667476,22511912,0.19060,44860.63286600,1
1506667474,22511907,0.19060,7431.22254000,1
1506667473,22511905,0.19015,270.00000000,0
1506667473,22511904,0.19014,3116.53952000,0
1506667473,22511903,0.19013,2500.00000000,0
1506667471,22511902,0.18925,51.79600000,1
1506667471,22511901,0.18926,270.00000000,1
1506667417,22511867,0.19030,3849.54425874,1
1506667417,22511863,0.19000,65.63651126,0
1506667417,22511862,0.18995,3702.81923000,0
1506667415,22511861,0.18985,270.00000000,0
1506667375,22511824,0.18999,9122.14744443,0
1506667374,22511822,0.18990,1135.27416190,0
1506667374,22511820,0.18967,303.62200000,0
1506667366,22511798,0.18990,985.78111448,0
1506667366,22511797,0.18990,270.00000000,1
1506667364,22511793,0.18984,2500.00000000,0
1506667351,22511779,0.18900,3730.99788360,1
1506667350,22511777,0.18900,2216.29735451,1
1506667350,22511775,0.18901,0.00010581,1
1506667350,22511773,0.18901,269.99989419,1
1506667348,22511770,0.18900,3728.30047620,1
1506667346,22511762,0.18900,2484.48433863,1
1506667344,22511755,0.18900,3725.07820107,1
1506667343,22511752,0.18900,2482.88486773,1
1506667342,22511748,0.18900,3722.24010583,1
1506667341,22511745,0.18900,2210.97650794,1
1506667341,22511743,0.18901,270.00000000,1
1506667335,22511730,0.18900,49736.89044457,1
1506667334,22511729,0.18901,270.00000000,1
1506667214,22511562,0.18871,894.00000000,0
1506666939,22511403,0.18802,172.28000000,1
1506666853,22511294,0.18801,73.48987400,1
1506666853,22511293,0.18802,270.00000000,1
1506666790,22511274,0.18865,666.12000000,0
1506666790,22511273,0.18865,270.00000000,0
1506666498,22511120,0.18880,363.94577676,1
1506666497,22511119,0.18880,8972.19936900,1
1506666497,22511118,0.18880,2025.91160000,1
1506666497,22511117,0.18880,4990.60000000,1
1506666495,22511116,0.18866,7407.42800000,0
1506666495,22511115,0.18865,2500.00000000,0
1506666495,22511114,0.18864,270.00000000,0
1506666318,22511053,0.18843,932.20000000,0
1506666087,22510963,0.18800,25000.00000000,1
1506666082,22510958,0.18800,19447.50000000,1
1506666080,22510955,0.18810,925.50000000,1
1506666024,22510918,0.18957,5440.91069262,1
1506666024,22510917,0.18900,3000.00000000,0
1506666024,22510916,0.18900,2790.01000000,0
1506666022,22510915,0.18850,894.00000000,0
1506665974,22510895,0.18800,6106.82631044,1
1506665974,22510894,0.18801,5000.00000000,1
1506665974,22510893,0.18802,270.00000000,1
1506665946,22510871,0.18811,359.50286800,0
1506665944,22510870,0.18811,9013.00000000,0
1506665935,22510867,0.18811,357.10286900,0
1506665919,22510862,0.18811,999.77600000,0
1506665916,22510859,0.18811,1328.42809996,0
1506665914,22510857,0.18811,967.49870916,0
1506665898,22510849,0.18800,13060.27533000,1
1506665898,22510847,0.18802,7428.70900000,1
1506665896,22510846,0.18803,4511.01567000,1
1506665813,22510801,0.18800,41850.09027076,1
1506665812,22510800,0.18801,3503.97899000,1
1506665812,22510799,0.18802,700.73286000,1
1506665812,22510798,0.18860,3030.89787924,1
1506665810,22510797,0.18875,914.30000000,1
1506665672,22510698,0.18907,557.00000000,0
1506665654,22510692,0.18907,2365.00000000,0
1506665635,22510683,0.18908,4545.02222400,1
1506665633,22510681,0.18908,8883.34658800,1
1506665566,22510645,0.18922,500.00000000,0
1506665504,22510633,0.18909,1000.00000000,1
1506665386,22510557,0.18957,150.00000000,0
1506665303,22510509,0.18924,1428.11038900,1
1506665301,22510508,0.18924,1539.88961100,1
1506665294,22510504,0.18924,1428.11038892,0
1506665293,22510503,0.18908,397.99039800,1
1506665291,22510501,0.18908,1500.00000000,1
1506665239,22510481,0.18932,26428.05244000,0
1506665209,22510463,0.18910,909.10000000,1
1506665198,22510455,0.18909,14955.85000000,1
1506665103,22510364,0.18908,1500.00079000,1
1506665022,22510303,0.18908,3173.64000000,1
1506664843,22510121,0.18908,0.55600000,0
1506664843,22510120,0.18901,794.00000000,0
1506664826,22510114,0.18971,257.64482631,0
1506664823,22510112,0.18882,100.00000000,0
1506664492,22509903,0.18984,157.63369153,0
1506664475,22509892,0.18815,36.60800000,0
1506664474,22509891,0.18900,1300.00000000,1
1506664474,22509890,0.18950,902.70000000,1
1506664472,22509889,0.18980,0.69200000,1
1506664463,22509885,0.18990,2522.88468400,1
1506664449,22509874,0.18990,903.39200000,1
1506664444,22509871,0.18990,4573.72331600,1
1506663872,22509355,0.18995,715.29230000,1
1506663853,22509343,0.18995,185.30769700,1
1506663829,22509328,0.18997,2173.82901000,0
1506663829,22509327,0.18997,14226.17099000,0
1506663665,22509145,0.18963,989.00000000,0
1506663657,22509128,0.18999,2240.00531607,0
1506663535,22508938,0.18800,26667.26429490,1
1506663535,22508936,0.18800,600.00000000,1
1506663535,22508935,0.18800,27.00000000,1
1506663535,22508934,0.18810,35.00000000,1
1506663534,22508933,0.18810,35.00000000,1
1506663534,22508932,0.18810,35.00000000,1
1506663534,22508931,0.18812,56.40017010,1
1506663534,22508929,0.18820,600.00000000,1
1506663533,22508928,0.18820,35.00000000,1
1506663533,22508927,0.18838,71.60880000,1
1506663533,22508925,0.18840,5596.00000000,1
1506663533,22508924,0.18840,600.00000000,1
1506663532,22508922,0.18860,600.00000000,1
1506663532,22508921,0.18871,29.14525000,1
1506663532,22508920,0.18871,2596.74000000,0
1506663531,22508919,0.18880,600.00000000,1
1506663531,22508918,0.18880,1000.00000000,1
1506663531,22508917,0.18880,270.00000000,0
1506663531,22508915,0.18890,20000.00000000,1
1506663530,22508914,0.18925,545.84148500,1
1506663388,22508839,0.18926,146.69624400,1
1506663336,22508804,0.18996,20755.08880211,0
1506663336,22508803,0.18971,5216.16116000,0
1506663336,22508802,0.18954,169.74973677,0
1506663334,22508801,0.18930,895.90000000,1
1506663166,22508671,0.18925,4954.15851500,1
1506663059,22508614,0.18954,170.00000000,0
1506662901,22508542,0.18950,428.00000000,1
1506662837,22508510,0.18954,1832.04266800,0
1506662819,22508481,0.18954,270.00000000,1
1506662796,22508462,0.19137,299.68750000,0
1506662790,22508456,0.19200,1352.63429053,1
1506662790,22508455,0.19200,5209.16480000,1
1506662790,22508454,0.19200,10000.00000000,1
1506662790,22508452,0.19200,10000.00000000,1
1506662790,22508451,0.19200,50017.92478571,1
1506662788,22508447,0.19200,6038.12046900,1
1506662788,22508445,0.19200,3262.52418100,1
1506662788,22508444,0.19200,11558.91350400,1
1506662788,22508443,0.19200,3994.64023500,1
1506662787,22508442,0.19200,2447.72252200,1
1506662787,22508441,0.19200,3839.40631000,1
1506662787,22508440,0.19200,1000.00000000,1
1506662787,22508438,0.19200,1579.60516423,1
1506662787,22508436,0.19200,524.43182000,1
1506662786,22508429,0.19200,55.00000000,1
1506662784,22508424,0.19200,2492.10974186,1
1506662784,22508420,0.19030,15990.00000000,0
1506662783,22508419,0.19008,5804.78126000,0
1506662783,22508418,0.19000,507.00000000,0
1506662783,22508417,0.18998,9072.32300000,0
1506662738,22508390,0.19000,493.00000000,0
1506662652,22508291,0.18900,80000.00000000,0
1506662643,22508279,0.18899,270.00000000,0
1506662639,22508273,0.18899,1126.00000000,0
1506662631,22508268,0.18899,126.70280000,0
1506662624,22508261,0.18899,529.00000000,0
1506662620,22508256,0.18900,500.14206944,0
1506662616,22508251,0.18900,314.10735000,0
1506662614,22508250,0.18900,314.04877627,0
1506662609,22508245,0.18900,313.93917913,0
1506662608,22508242,0.18900,1639.87832000,0
1506662604,22508231,0.18900,18859.27928977,1
1506662604,22508230,0.18902,362.44437000,1
1506662604,22508229,0.18902,1812.22766000,1
1506662604,22508228,0.18908,33184.43568860,1
1506662604,22508227,0.18950,10000.00000000,1
1506662521,22508101,0.18900,2156.56052780,1
1506662519,22508095,0.18919,106.23947220,1
1506662518,22508093,0.18978,530.00000000,0
1506662485,22508054,0.18900,13161.62000000,1
1506662485,22508053,0.18901,270.00000000,1
1506662475,22508017,0.18900,799.00189100,1
1506662459,22507981,0.18900,15030.42873600,1
1506662459,22507980,0.18900,600.00000000,1
1506662459,22507979,0.18901,2479.99225000,1
1506662459,22507978,0.18901,1471.52487000,1
1506662452,22507962,0.18901,13597.14716000,1
1506662450,22507961,0.18994,1166.00000000,0
1506662446,22507955,0.18910,35.00000000,1
1506662446,22507954,0.18910,35.00000000,1
1506662446,22507952,0.18910,35.00000000,1
1506662446,22507951,0.18920,600.00000000,1
1506662443,22507948,0.18958,983.00000000,0
1506662443,22507947,0.18920,35.00000000,1
1506662443,22507946,0.18940,600.00000000,1
1506662443,22507945,0.18944,93.41904000,1
1506662436,22507939,0.18960,600.00000000,1
1506662436,22507938,0.18980,600.00000000,1
1506662436,22507937,0.18980,1000.00000000,1
1506662424,22507927,0.18997,0.00004104,1
1506662424,22507926,0.18997,1244.22391895,1
1506662424,22507925,0.18999,1084.40088105,1
1506662420,22507919,0.19000,989.00000000,0
1506662419,22507918,0.18999,1650.47751895,1
1506662419,22507917,0.18999,8349.52248105,1
1506662418,22507916,0.19000,2199.89473684,1
1506662418,22507915,0.19000,3390.99986328,1
1506662417,22507913,0.19000,9310.12741000,1
1506662416,22507909,0.19000,7005.66209000,1
1506662415,22507904,0.19000,10000.00000000,1
1506662415,22507902,0.19000,48.10296637,1
1506662415,22507899,0.19000,3305.20000000,1
1506662415,22507896,0.19000,10657.56920790,1
1506662414,22507893,0.19000,10000.00000000,1
1506662410,22507885,0.19000,6894.67167000,1
1506662404,22507869,0.19000,2801.00000000,1
1506662401,22507854,0.19000,1600.00000000,1
1506662395,22507835,0.19000,9669.08161610,1
1506662395,22507829,0.19000,16237.91855900,1
1506662394,22507827,0.19000,5639.75894700,1
1506662394,22507826,0.19000,1300.00000000,1
1506662394,22507825,0.19000,200.00000000,1
1506662390,22507822,0.19000,2000.00000000,1
1506662390,22507820,0.19000,899.47368421,1
1506662390,22507818,0.19000,42.00000000,1
1506662390,22507817,0.19000,1000.00000000,1
1506662382,22507803,0.19000,100.00000000,1
1506662382,22507802,0.19000,8000.00000000,1
1506662382,22507800,0.19000,143.71100000,1
1506662376,22507783,0.19000,456.28900000,1
1506662376,22507782,0.19000,1000.00000000,1
1506662375,22507780,0.19000,200.00000000,1
1506662373,22507779,0.19051,368.00000000,0
1506662372,22507778,0.19000,27.00000000,1
1506662372,22507777,0.19000,3160.00000000,1
1506662372,22507775,0.19000,28.94736900,1
1506662372,22507774,0.19001,2198.11000000,1
1506662370,22507771,0.19001,22547.40852599,1
1506662370,22507769,0.19001,5263.00000000,1
1506662370,22507768,0.19002,100.00000000,1
1506662370,22507767,0.19003,29831.10705791,1
1506662369,22507763,0.19003,2705.49345300,1
1506662367,22507753,0.19052,1166.00000000,0
1506662363,22507749,0.19003,35341.43548100,1
1506662363,22507748,0.19009,4000.00000000,1
1506662363,22507747,0.19010,35.00000000,1
1506662344,22507699,0.19054,155.00000000,0
1506662338,22507681,0.19100,1494.00000000,1
1506662325,22507659,0.19082,1493.00000000,0
1506662315,22507635,0.19082,605.00000000,0
1506662306,22507624,0.19240,4279.32829551,0
1506662306,22507623,0.19200,290.21317734,0
1506662306,22507622,0.19150,3000.00000000,0
1506662306,22507621,0.19146,1037.23889000,0
1506662306,22507620,0.19146,5186.19443000,0
1506662306,22507619,0.19146,5000.00000000,0
1506662306,22507618,0.19099,382.21000000,0
1506662306,22507616,0.19099,382.21000000,0
1506662305,22507615,0.19099,382.21000000,0
1506662305,22507614,0.19099,382.21000000,0
1506662305,22507612,0.19099,382.21000000,0
1506662305,22507610,0.19099,382.21000000,0
1506662305,22507607,0.19099,0.00003700,0
1506662305,22507605,0.19086,1538.00000000,0
1506662304,22507600,0.19085,529.00000000,0
1506662301,22507593,0.19086,962.00000000,0
1506662289,22507575,0.19091,979.00000000,0
1506662281,22507565,0.19093,2928.00000000,0
1506662259,22507525,0.19049,2508.63799000,1
1506662259,22507523,0.19099,382.20996300,1
1506662244,22507504,0.19134,2715.00000000,0
1506662239,22507499,0.19136,9998.00000000,0
1506662228,22507482,0.19141,3580.00000000,0
1506662222,22507466,0.19144,2317.00000000,0
1506662215,22507454,0.19099,1469.50657400,1
1506662210,22507446,0.19099,382.20996300,1
1506662161,22507394,0.19100,213.05525322,1
1506662154,22507383,0.19106,59.64618000,1
1506662142,22507379,0.19101,161.02000000,1
1506662084,22507347,0.19172,100.66639600,0
1506662037,22507303,0.19200,430.00000000,0
1506661997,22507249,0.19240,106.27856678,0
1506661939,22507222,0.19104,7825.45368306,0
1506661938,22507221,0.19104,7904.37300000,0
1506661937,22507220,0.19104,2488.15753712,0
1506661937,22507219,0.19104,18385.90701100,0
1506661937,22507218,0.19104,9192.95350500,0
1506661937,22507217,0.19106,71.11243000,1
1506661937,22507215,0.19110,35.00000000,1
1506661936,22507213,0.19112,6390.69900000,1
1506661936,22507212,0.19150,750.00000000,1
1506661936,22507211,0.19167,270.00000000,1
1506661936,22507210,0.19167,9192.31098600,1
1506661924,22507202,0.19165,1915.99999962,0
1506661924,22507201,0.19210,35.00000000,1
1506661922,22507198,0.19232,0.00000038,1
1506661842,22507151,0.19232,92.78271962,1
1506661842,22507149,0.19233,693.65934138,1
1506661712,22507055,0.19280,269.99999837,1
1506661672,22507027,0.19280,1730.00000000,1
1506661672,22507025,0.19281,270.00000000,1
1506661646,22506992,0.19280,3005.00000163,1
1506661646,22506991,0.19300,1999.99999837,1
1506661642,22506984,0.19300,0.00000163,0
1506661619,22506964,0.19300,600.00000000,1
1506661619,22506963,0.19300,39.01453837,1
1506661605,22506948,0.19300,1503.52310863,1
1506661566,22506920,0.19300,14312.46235300,1
1506661540,22506911,0.19300,145.00000000,1
1506661508,22506902,0.19318,1457.00000000,0
1506661496,22506894,0.19352,1670.68097368,1
1506661496,22506893,0.19352,10000.00000000,1
1506661495,22506892,0.19352,10000.00000000,1
1506661495,22506891,0.19352,10000.00000000,1
1506661494,22506890,0.19352,2110.55811700,1
1506661494,22506889,0.19352,3236.19569400,1
1506661493,22506887,0.19352,2259.65130500,1
1506661493,22506886,0.19352,4392.05362600,1
1506661493,22506885,0.19352,2500.00000000,1
1506661491,22506884,0.19352,2500.00000000,1
1506661490,22506883,0.19350,2500.00000000,0
1506661427,22506855,0.19360,532.16471257,0
1506661342,22506831,0.19301,989.00000000,1
1506661341,22506830,0.19301,1612.40047000,0
1506661339,22506829,0.19301,887.59953000,1
1506661029,22506689,0.19300,500.00000000,0
1506661029,22506688,0.19300,500.00000000,0
1506661029,22506687,0.19300,500.00000000,0
1506661025,22506678,0.19298,145.68018000,1
1506660780,22506521,0.19297,1031.77820387,0
1506660715,22506472,0.19233,693.52310863,0
1506660690,22506441,0.19233,4633.83026000,1
1506660690,22506440,0.19234,270.00000000,1
1506660615,22506360,0.19240,550.00000000,1
1506660320,22506085,0.19301,9686.78300000,1
1506660239,22506043,0.19301,1978.42176200,1
1506660237,22506042,0.19307,2000.00000000,1
1506660037,22505935,0.19385,33.18914416,0
1506660037,22505934,0.19385,33.18930000,0
1506660036,22505933,0.19385,33.18930000,0
1506660036,22505932,0.19384,33.18930000,0
1506660036,22505930,0.19384,0.00008138,0
1506660035,22505928,0.19384,33.18921862,0
1506660035,22505927,0.19384,33.18930000,0
1506660035,22505926,0.19384,33.18930000,0
1506660035,22505924,0.19384,33.18930000,0
1506660035,22505923,0.19384,33.18930000,0
1506660035,22505921,0.19384,33.18930000,0
1506660030,22505914,0.19413,33.18929100,1
1506660025,22505908,0.19413,2562.88862800,1
1506660017,22505901,0.19408,2629.87997100,1
1506660009,22505888,0.19409,2629.57200000,0
1506660007,22505882,0.19362,201.88004565,0
1506660006,22505879,0.19362,1862.11995435,0
1506660004,22505870,0.19410,1042.88812122,0
1506660000,22505869,0.19309,1029.80719000,1
1506660000,22505868,0.19325,270.00000000,1
1506659995,22505863,0.19412,2698.99533334,0
1506659992,22505854,0.19415,2703.35333334,0
1506659992,22505851,0.19413,11494.55745456,0
1506659982,22505842,0.19419,2967.83092717,1
1506659981,22505841,0.19418,4210.78997000,0
1506659964,22505788,0.19429,270.00000000,0
1506659887,22505750,0.19444,1705.00000000,0
1506659782,22505726,0.19617,190.48751117,1
1506659782,22505725,0.19617,2850.59134900,1
1506659781,22505724,0.19610,35.00000000,0
1506659781,22505723,0.19525,92.01775000,0
1506659781,22505721,0.19510,35.00000000,0
1506659781,22505720,0.19509,431.94754000,0
1506659780,22505719,0.19449,4556.42626653,0
1506659780,22505717,0.19448,2159.73772000,0
1506659780,22505714,0.19445,2849.04844500,0
1506659778,22505713,0.19408,270.00000000,0
1506659621,22505648,0.19350,4948.85803708,0
1506659611,22505644,0.19308,4233.10113905,1
1506659611,22505643,0.19320,3123.42137319,1
1506659611,22505642,0.19322,1035.08953524,1
1506659611,22505640,0.19332,4990.60000000,1
1506659610,22505638,0.19333,270.00000000,1
1506659464,22505567,0.19322,4532.26184003,1
1506659464,22505566,0.19323,16168.23365000,1
1506659464,22505565,0.19323,1070.27261000,1
1506659464,22505564,0.19325,10791.20300000,1
1506659418,22505527,0.19400,5000.00000000,1
1506659339,22505423,0.19400,4041.65983517,0
1506659335,22505417,0.19400,7000.00000000,0
1506659253,22505357,0.19400,18181.01640400,0
1506659211,22505349,0.19400,3589.26900800,0
1506659193,22505339,0.19400,2396.90039800,0
1506659193,22505338,0.19399,1048.67062000,0
1506659180,22505320,0.19400,5229.80117100,0
1506659138,22505286,0.19399,1245.94529000,0
1506659049,22505225,0.19449,443.57373347,0
1506659049,22505224,0.19411,20709.39007053,0
1506659049,22505223,0.19407,1480.33104000,0
1506659049,22505222,0.19405,10819.25396000,0
1506658981,22505176,0.19410,296.93570324,0
1506658980,22505175,0.19409,1758.80916000,0
1506658833,22505047,0.19366,764.19280800,0
1506658661,22504871,0.19407,235.55564971,0
1506658624,22504849,0.19320,778.43862681,1
1506658623,22504846,0.19325,270.00000000,1
1506658615,22504842,0.19410,3972.48844384,0
1506658579,22504775,0.19408,6061.99404200,1
1506658579,22504774,0.19408,3005.67920800,1
1506658578,22504772,0.19408,9934.24176600,1
1506658578,22504771,0.19408,3378.30583400,1
1506658544,22504754,0.19385,813.29100000,1
1506658175,22504442,0.19450,18054.40874035,0
1506658175,22504441,0.19445,2283.94970000,0
1506658173,22504439,0.19410,35.00000000,0
1506658098,22504316,0.19314,2561.70810000,1
1506658089,22504308,0.19312,1000.00000000,1
1506658043,22504274,0.19306,1800.00000000,1
1506658025,22504259,0.19400,5993.30396861,1
1506658023,22504257,0.19400,270.00000000,1
1506658020,22504242,0.19400,2713.60350516,1
1506658020,22504240,0.19400,2103.88752900,1
1506658019,22504238,0.19400,896.11246600,1
1506658018,22504236,0.19400,888.00000000,1
1506658015,22504226,0.19400,888.00000000,1
1506658008,22504205,0.19400,3838.29206186,1
1506658008,22504204,0.19400,270.00000000,1
1506658007,22504199,0.19400,3222.98391100,1
1506658007,22504197,0.19400,5689.95500000,1
1506658006,22504196,0.19400,1126.90300000,1
1506658006,22504195,0.19400,9719.23400000,1
1506658006,22504193,0.19400,1940.64338100,1
1506658004,22504188,0.19400,2000.00000000,1
1506658004,22504182,0.19400,2576.58789224,1
1506658003,22504180,0.19377,70.60628000,0
1506658003,22504179,0.19375,10179.04500000,0
1506657995,22504156,0.19376,472.85786540,0
1506657966,22504100,0.19302,9730.00000000,1
1506657965,22504097,0.19303,270.00000000,1
1506657959,22504086,0.19372,896.79429000,0
1506657959,22504084,0.19371,2574.34154148,0
1506657959,22504083,0.19370,3606.61838000,0
1506657954,22504077,0.19300,10000.00000000,1
1506657952,22504068,0.19300,1110.64350300,1
1506657952,22504067,0.19300,11042.13275200,1
1506657952,22504065,0.19300,47797.12235800,1
1506657949,22504061,0.19256,1269.98700000,0
1506657949,22504060,0.19255,4483.97146000,0
1506657949,22504058,0.19255,3135.81037000,0
1506657940,22504040,0.19255,539.69000000,0
1506657766,22503827,0.19300,14578.05444067,1
1506657766,22503826,0.19301,2904.21997000,1
1506657765,22503825,0.19301,5581.46060000,0
1506657765,22503824,0.19300,1908.31800000,1
1506657765,22503823,0.19300,1841.45556413,1
1506657765,22503821,0.19300,8398.29550000,1
1506657765,22503820,0.19300,10000.00000000,1
1506657765,22503819,0.19300,10000.00000000,1
1506657763,22503818,0.19300,10000.00000000,1
1506657763,22503816,0.19300,10000.00000000,1
1506657763,22503811,0.19300,48320.26390900,1
1506657763,22503809,0.19300,77777.00000000,1
1506657762,22503807,0.19300,7568.13556900,1
1506657762,22503805,0.19300,16855.16132100,1
1506657762,22503802,0.19300,4216.80079100,1
1506657761,22503793,0.19300,6491.97169800,1
1506657761,22503792,0.19301,3000.00000000,1
