date,tid,price,amount,type
1503082455,18776510,3562.12,0.03031470,1
1503082348,18776408,3570.01,0.02757389,0
1503082345,18776403,3570.01,0.04721037,0
1503082345,18776401,3570.01,0.02171301,0
1503082336,18776388,3570.00,0.04000000,1
1503082336,18776387,3570.00,0.18000000,1
1503082335,18776386,3570.00,0.05709085,0
1503082326,18776364,3562.05,0.54655462,1
1503082326,18776363,3570.00,0.95344538,1
1503082324,18776343,3570.00,0.04000000,1
1503082323,18776334,3570.00,0.19000000,1
1503082322,18776329,3570.00,0.19000000,0
1503082277,18776285,3570.00,0.02087800,0
1503082274,18776281,3570.00,0.08165901,0
1503082256,18776264,3570.00,0.06141013,0
1503082216,18776248,3565.00,0.01130000,1
1503082191,18776211,3570.01,0.82529257,0
1503082168,18776189,3565.00,0.03709348,1
1503082161,18776184,3570.01,0.36266471,0
1503082161,18776183,3570.00,0.23000000,0
1503082151,18776176,3570.00,0.00398590,0
1503082150,18776175,3564.00,0.02882010,0
1503082150,18776169,3564.00,0.33924333,0
1503082143,18776156,3565.09,0.05609957,1
1503082143,18776155,3565.10,0.07583700,1
1503082140,18776154,3570.00,0.00503081,0
1503082098,18776144,3570.00,0.15113895,1
1503082086,18776131,3570.00,0.20000000,1
1503082085,18776130,3570.00,0.07000000,1
1503082072,18776114,3570.00,0.25000000,1
1503082059,18776106,3570.00,0.28000000,1
1503082055,18776105,3570.01,0.79000000,1
1503082005,18776052,3580.00,0.93190755,0
1503082005,18776051,3579.99,0.06809245,0
1503082001,18776043,3570.01,0.50000000,1
1503081999,18776039,3579.99,0.07190755,0
1503081999,18776038,3579.97,0.02400000,0
1503081994,18776033,3579.97,0.00600000,0
1503081925,18775987,3574.91,0.15051848,1
1503081920,18775985,3574.91,0.08651854,1
1503081913,18775983,3580.00,0.08628770,0
1503081911,18775982,3579.99,0.04736150,1
1503081911,18775981,3579.99,0.15000000,0
1503081847,18775951,3574.91,0.03300000,1
1503081839,18775941,3574.91,0.00034300,1
1503081839,18775940,3579.99,0.22855700,1
1503081838,18775939,3580.00,0.09063400,0
1503081836,18775933,3580.00,0.16417768,0
1503081836,18775931,3579.99,0.13000000,0
1503081835,18775927,3579.99,0.01092942,0
1503081798,18775904,3579.99,0.12801443,0
1503081764,18775891,3579.99,0.01100000,0
1503081718,18775873,3580.00,0.62030000,0
1503081718,18775872,3579.99,0.13000000,0
1503081664,18775806,3579.99,0.01000000,0
1503081651,18775802,3580.00,0.49556501,1
1503081651,18775800,3580.02,0.84000000,1
1503081627,18775766,3580.01,0.00181463,1
1503081623,18775765,3580.00,0.00362927,1
1503081620,18775764,3580.01,0.00725853,1
1503081616,18775762,3580.01,0.01451707,1
1503081613,18775760,3580.01,0.02903414,1
1503081610,18775757,3580.00,0.05806828,1
1503081604,18775753,3592.92,0.21822092,0
1503081604,18775752,3589.00,0.40248437,0
1503081603,18775751,3588.98,0.06000000,0
1503081603,18775750,3588.95,0.01000000,0
1503081597,18775747,3580.04,0.09982026,0
1503081593,18775746,3580.01,0.09860430,1
1503081593,18775745,3585.98,0.00243193,1
1503081578,18775740,3589.00,0.09751563,0
1503081578,18775739,3588.97,0.02000000,0
1503081578,18775738,3585.99,0.08000000,0
1503081570,18775731,3588.98,0.02000000,0
1503081570,18775730,3586.00,0.19841084,0
1503081570,18775729,3585.99,0.08000000,0
1503081563,18775726,3585.98,0.00153445,1
1503081560,18775724,3585.98,0.05000000,1
1503081560,18775723,3585.98,0.00306891,1
1503081558,18775721,3585.98,0.00613782,1
1503081557,18775719,3585.98,0.01227563,1
1503081556,18775718,3586.00,0.30158916,0
1503081556,18775717,3585.99,0.03405884,0
1503081553,18775716,3585.98,0.02455126,1
1503081550,18775714,3585.99,0.05594116,0
1503081550,18775713,3585.98,0.40956100,0
1503081549,18775711,3567.95,0.04910253,1
1503081545,18775704,3567.92,0.09820506,1
1503081509,18775695,3588.34,0.02779837,0
1503081505,18775694,3588.34,0.06240971,0
1503081488,18775692,3588.43,0.18655891,0
1503081487,18775691,3588.40,1.84775127,0
1503081484,18775689,3588.40,0.15224873,0
1503081407,18775655,3588.72,0.17725623,0
1503081366,18775626,3588.88,0.12785219,1
1503081343,18775603,3585.43,0.02749207,0
1503081335,18775601,3585.43,0.05987380,0
1503081335,18775600,3584.11,0.08000000,0
1503081333,18775596,3585.43,1.00721531,0
1503081331,18775595,3584.12,0.38397939,0
1503081317,18775588,3584.14,0.06001842,0
1503081316,18775586,3580.00,0.21800000,0
1503081231,18775514,3584.33,0.01522171,0
1503081231,18775513,3584.33,0.10535572,0
1503081226,18775510,3584.35,0.01522171,0
1503081226,18775509,3584.35,0.01362450,0
1503081225,18775505,3584.35,0.02782600,0
1503081161,18775479,3584.79,0.06395415,0
1503081153,18775476,3584.84,0.02782551,0
1503081113,18775463,3566.13,0.62787101,1
1503081102,18775459,3585.23,0.01112899,0
1503081074,18775446,3585.35,0.00695609,0
1503081067,18775439,3585.37,0.12797842,0
1503081030,18775415,3585.42,0.04674100,0
1503081022,18775413,3584.10,0.01480890,0
1503080998,18775388,3584.16,0.13915394,0
1503080946,18775353,3584.39,0.65398017,0
1503080945,18775351,3584.39,0.01185600,0
1503080940,18775348,3584.40,0.01999500,0
1503080928,18775340,3579.98,0.01999500,0
1503080897,18775325,3585.40,0.22100000,0
1503080897,18775324,3580.00,0.24900000,0
1503080897,18775323,3579.97,0.03000000,0
1503080848,18775301,3584.44,0.09892584,0
1503080848,18775300,3584.43,0.03784231,0
1503080827,18775295,3584.54,0.05431864,0
1503080813,18775292,3584.99,0.05382397,0
1503080791,18775269,3585.06,0.20846334,1
1503080791,18775268,3585.05,0.06804080,0
1503080767,18775254,3585.09,0.02559768,0
1503080742,18775242,3585.13,0.01000000,0
1503080738,18775240,3585.14,0.01788814,0
1503080738,18775239,3585.13,0.03000000,0
1503080738,18775238,3576.91,0.02349794,0
1503080655,18775203,3585.22,0.46280980,0
1503080655,18775202,3585.21,0.15000000,0
1503080655,18775201,3574.50,0.01779058,0
1503080655,18775200,3568.00,0.21033299,0
1503080639,18775189,3567.99,0.00206839,0
1503080605,18775151,3568.00,0.15500000,0
1503080601,18775150,3568.00,4.04795123,0
1503080599,18775149,3567.99,0.16000000,0
1503080519,18775126,3567.99,0.06890844,0
1503080502,18775123,3568.00,0.58671578,0
1503080502,18775122,3567.99,0.18000000,1
1503080500,18775121,3567.97,0.91003046,0
1503080462,18775086,3551.11,6.48440775,1
1503080461,18775085,3551.11,0.86000000,1
1503080461,18775084,3551.14,2.00000000,1
1503080461,18775083,3551.15,0.57059225,1
1503080461,18775082,3563.54,0.08500000,1
1503080461,18775081,3574.50,0.38220942,0
1503080460,18775080,3574.49,0.02000000,0
1503080459,18775079,3561.77,0.01000000,0
1503080454,18775073,3561.77,0.10000000,0
1503080452,18775071,3561.76,1.02337600,0
1503080452,18775070,3561.76,0.01500000,0
1503080450,18775068,3561.76,0.10000000,0
1503080446,18775067,3561.78,0.16767334,0
1503080446,18775066,3561.77,0.11500000,0
1503080443,18775063,3561.77,0.00500000,0
1503080439,18775061,3551.07,3.00000000,1
1503080438,18775060,3551.09,2.00000000,1
1503080435,18775058,3561.78,0.02000000,0
1503080427,18775053,3561.77,0.01500000,0
1503080420,18775035,3561.78,0.02761868,0
1503080420,18775034,3561.78,0.03500000,0
1503080420,18775033,3561.77,0.09500000,0
1503080412,18775028,3561.77,0.03500000,0
1503080404,18775020,3561.77,0.13000000,0
1503080396,18775017,3561.78,0.01000000,0
1503080387,18775015,3561.77,0.01500000,0
1503080379,18775012,3561.77,0.07000000,0
1503080371,18775007,3561.77,0.09000000,0
1503080363,18774995,3561.77,0.00500000,0
1503080356,18774988,3561.78,0.22000000,0
1503080350,18774986,3561.78,0.09045171,0
1503080348,18774983,3561.77,0.17000000,0
1503080348,18774981,3561.77,0.01000000,0
1503080340,18774974,3561.77,0.01000000,0
1503080332,18774968,3561.77,0.18500000,0
1503080324,18774963,3561.77,0.01000000,0
1503080317,18774958,3561.77,0.01500000,0
1503080309,18774955,3561.77,0.22000000,0
1503080301,18774950,3561.78,0.18000000,0
1503080295,18774929,3561.78,1.00000000,0
1503080294,18774918,3561.77,0.11500000,0
1503080293,18774917,3561.76,0.24000000,0
1503080286,18774913,3561.77,0.45500000,0
1503080240,18774894,3574.73,0.20609185,0
1503080240,18774893,3574.73,0.09032884,0
1503080234,18774890,3550.12,0.57719015,1
1503080232,18774884,3550.13,0.01227019,0
1503080232,18774881,3550.13,0.16053966,1
1503080226,18774875,3574.74,0.12835899,0
1503080202,18774851,3548.21,0.25000000,1
1503080186,18774843,3574.91,0.01000305,0
1503079996,18774657,3576.33,0.07854813,0
1503079990,18774650,3549.25,0.06636119,0
1503079988,18774643,3549.25,0.01286560,0
1503079977,18774628,3549.20,0.01000000,1
1503079975,18774626,3576.49,0.11000000,0
1503079965,18774603,3549.20,0.50000000,1
1503079944,18774536,3576.68,0.05577798,0
1503079915,18774505,3576.87,0.02677201,0
1503079905,18774492,3576.94,0.10000000,0
1503079893,18774457,3576.97,0.13915688,0
1503079833,18774340,3578.10,0.01366088,0
1503079831,18774339,3578.11,0.25580823,0
1503079827,18774335,3578.15,0.00200000,0
1503079819,18774332,3548.06,1.01371204,1
1503079819,18774331,3553.99,0.93596706,1
1503079818,18774330,3554.00,1.00000000,1
1503079818,18774329,3554.05,0.22000000,1
1503079818,18774328,3561.00,0.10000000,1
1503079818,18774327,3564.25,0.02032090,1
1503079817,18774326,3564.26,0.78000000,1
1503079817,18774325,3564.26,0.15000000,1
1503079816,18774322,3578.21,0.25090193,0
1503079782,18774301,3578.35,0.05575195,0
1503079688,18774241,3588.26,0.12787534,0
1503079678,18774230,3588.30,0.27798679,0
1503079661,18774212,3588.40,0.02906000,0
1503079656,18774208,3588.43,0.05341575,0
1503079655,18774207,3588.43,0.02997583,0
1503079655,18774205,3562.24,0.00292742,0
1503079640,18774195,3560.15,0.02984446,1
1503079639,18774193,3562.24,0.02500000,0
1503079627,18774185,3596.60,0.02551576,0
1503079619,18774177,3596.65,0.02723458,0
1503079619,18774176,3596.65,0.01041215,0
1503079619,18774175,3596.65,0.07066010,0
1503079618,18774174,3596.69,0.53495906,1
1503079618,18774173,3596.69,0.09211706,1
1503079618,18774172,3596.69,0.25950334,1
1503079618,18774171,3596.66,0.13493149,0
1503079618,18774168,3581.02,0.06000000,0
1503079617,18774164,3581.02,0.31000000,0
1503079615,18774127,3596.69,0.08893218,0
1503079614,18774126,3596.68,0.20012545,0
1503079614,18774125,3596.68,0.07604916,0
1503079614,18774124,3596.68,0.54367962,0
1503079614,18774123,3581.03,0.02000000,0
1503079614,18774122,3571.78,0.03000000,0
1503079606,18774098,3550.00,2.06403294,0
1503079605,18774093,3550.00,0.31456594,0
1503079605,18774090,3550.00,3.00000000,0
1503079605,18774089,3550.00,0.20970325,0
1503079605,18774086,3550.00,0.26691882,0
1503079604,18774084,3550.00,0.84000000,0
1503079602,18774078,3550.00,0.01309560,0
1503079601,18774074,3550.00,0.01299344,1
1503079601,18774072,3551.03,1.27869001,1
1503079600,18774071,3551.06,2.00000000,1
1503079597,18774056,3571.78,0.02484333,1
1503079595,18774042,3579.12,0.91722248,0
1503079594,18774039,3562.35,0.00249858,1
1503079594,18774037,3576.01,0.19600403,1
1503079593,18774034,3570.00,0.01244151,0
1503079593,18774026,3570.00,0.25674849,0
1503079593,18774025,3562.35,0.01243611,0
1503079592,18774016,3555.08,2.66202188,1
1503079591,18774012,3555.09,0.04854560,0
1503079591,18774007,3562.35,0.09676437,1
1503079588,18774002,3550.00,3.20056999,0
1503079588,18773998,3550.00,0.00557800,1
1503079587,18773996,3550.00,0.15000000,1
1503079587,18773995,3550.00,0.05000000,1
1503079587,18773994,3550.00,0.67809488,1
1503079586,18773991,3550.00,0.20000000,1
1503079586,18773988,3550.00,0.20000000,1
1503079586,18773987,3550.99,0.25000000,1
1503079585,18773986,3551.00,0.10000000,1
1503079585,18773985,3555.04,1.27869001,1
1503079585,18773984,3555.07,2.00000000,1
1503079585,18773982,3558.72,0.01314507,1
1503079585,18773981,3562.35,0.19189743,1
1503079585,18773980,3569.99,0.10000000,1
1503079584,18773978,3570.00,0.85376803,1
1503079584,18773976,3570.00,0.05000000,1
1503079584,18773975,3570.00,0.29000000,1
1503079584,18773974,3570.00,0.14599361,1
1503079584,18773972,3581.00,0.03408545,1
1503079584,18773970,3581.01,0.20817753,1
1503079581,18773964,3581.03,0.02415445,1
1503079537,18773921,3581.02,0.02792516,1
1503079533,18773913,3598.39,0.04712663,0
1503079503,18773870,3581.00,1.00000000,1
1503079459,18773819,3581.00,0.13837600,1
1503079431,18773725,3580.14,0.63877526,1
1503079424,18773709,3598.70,0.15553201,0
1503079391,18773686,3598.96,0.06837673,1
1503079387,18773679,3598.97,0.06374601,0
1503079353,18773660,3598.98,0.02500000,0
1503079350,18773655,3598.98,0.10089803,0
1503079336,18773646,3598.99,0.02497420,0
1503079329,18773636,3598.98,0.21912597,0
1503079318,18773633,3598.95,0.13777351,0
1503079316,18773632,3598.80,0.00080747,0
1503079312,18773631,3598.80,0.04919253,1
1503079190,18773529,3598.93,0.27826528,0
1503079147,18773456,3588.83,0.00374400,0
1503079068,18773420,3588.92,0.12479293,0
1503079066,18773418,3588.93,0.02779379,0
1503079063,18773416,3588.94,0.13898254,0
1503079008,18773400,3592.86,0.51240199,0
1503079008,18773399,3592.81,0.04000000,0
1503079007,18773398,3590.00,0.17430798,0
1503079007,18773397,3589.00,0.08161342,0
1503079007,18773396,3588.99,0.18000000,0
1503079007,18773395,3584.85,0.03207352,0
1503078915,18773320,3584.84,0.15952700,0
1503078905,18773312,3584.82,0.63040811,0
1503078905,18773311,3584.81,0.20000000,0
1503078850,18773259,3589.96,0.03205049,0
1503078848,18773257,3584.85,0.03190112,0
1503078832,18773245,3580.00,0.13921818,1
1503078814,18773230,3584.85,0.04073811,0
1503078742,18773187,3584.84,0.13955435,0
1503078700,18773164,3570.01,0.02784745,1
1503078692,18773162,3584.63,0.21885010,0
1503078692,18773161,3584.41,0.00761779,0
1503078688,18773158,3584.41,0.05565769,0
1503078687,18773155,3584.41,0.01000000,0
1503078684,18773153,3584.42,0.26000000,0
1503078680,18773152,3570.43,0.08491209,0
1503078678,18773151,3570.00,0.02030036,0
1503078677,18773150,3570.00,0.14599361,0
1503078671,18773141,3569.98,0.03831514,0
1503078669,18773139,3569.98,0.10815545,0
1503078668,18773138,3569.98,0.12852941,0
1503078667,18773137,3569.98,0.01500000,0
1503078665,18773135,3569.99,0.02444000,0
1503078662,18773126,3558.72,0.43613786,0
1503078659,18773123,3558.72,0.12000000,0
1503078654,18773117,3570.00,0.07113849,0
1503078653,18773116,3570.00,0.03589264,0
1503078653,18773115,3570.00,0.05000000,0
1503078651,18773113,3569.98,0.07000000,0
1503078645,18773108,3555.00,0.17430798,1
1503078645,18773107,3555.00,0.02784745,0
1503078644,18773106,3555.08,1.00000000,1
1503078644,18773105,3558.67,1.00000000,1
1503078644,18773104,3558.71,2.00000000,1
1503078642,18773102,3558.72,0.01190418,1
1503078642,18773101,3558.72,0.78544039,1
1503078641,18773100,3569.98,0.23034500,0
1503078624,18773084,3555.01,0.63689340,1
1503078624,18773083,3555.01,0.01083253,0
1503078623,18773081,3555.09,0.26000000,1
1503078623,18773080,3555.10,0.09227407,1
1503078620,18773077,3569.97,0.10000000,0
1503078620,18773075,3569.97,0.01000000,0
1503078611,18773071,3569.97,0.10000000,0
1503078608,18773056,3555.03,0.27690577,1
1503078604,18773047,3569.98,0.15500000,0
1503078596,18773013,3569.99,0.11000000,0
1503078596,18773012,3569.99,0.19500000,0
1503078588,18773001,3569.99,0.09500000,0
1503078584,18772994,3570.00,0.01000000,0
1503078582,18772990,3569.99,0.07125790,0
1503078579,18772982,3569.99,0.37999903,0
1503078579,18772981,3569.99,0.09500097,0
1503078572,18772954,3568.48,0.01000000,0
1503078570,18772947,3568.48,0.16774188,1
1503078570,18772945,3568.47,0.95038685,0
1503078567,18772934,3555.00,5.33950797,1
1503078566,18772931,3555.03,2.00000000,1
1503078566,18772928,3556.77,0.01519859,1
1503078565,18772926,3561.78,0.00981878,1
1503078565,18772924,3563.02,2.54577296,1
1503078564,18772919,3563.02,0.41345825,1
1503078563,18772914,3570.43,0.08970170,1
1503078562,18772905,3570.43,0.01029830,1
1503078559,18772892,3572.68,0.00001911,1
1503078558,18772886,3572.68,0.02022299,1
1503078554,18772868,3565.00,0.17405939,1
1503078552,18772865,3565.00,0.12736276,1
1503078552,18772864,3566.00,0.02315844,1
1503078549,18772854,3566.71,0.06522618,1
1503078549,18772853,3566.72,0.02333381,1
1503078544,18772841,3566.71,0.00281462,1
1503078542,18772835,3570.52,0.07117941,1
1503078542,18772833,3570.52,0.02882059,1
1503078542,18772832,3572.00,0.06764522,1
1503078541,18772830,3572.00,0.00281462,1
1503078540,18772828,3572.00,0.00281462,1
1503078539,18772824,3572.00,0.00281462,1
1503078539,18772820,3572.00,0.00281462,1
1503078538,18772817,3572.00,0.00281462,1
1503078538,18772813,3572.00,0.00281462,1
1503078536,18772805,3572.00,0.00281462,1
1503078535,18772797,3572.00,0.00281462,1
1503078535,18772795,3572.00,0.00281462,1
1503078534,18772792,3572.00,0.00281462,1
1503078534,18772789,3572.00,0.00281462,1
1503078533,18772785,3572.00,0.00281578,1
1503078532,18772775,3572.00,0.00281578,1
1503078531,18772767,3572.00,0.00281578,1
1503078530,18772759,3572.00,0.00281578,1
1503078530,18772750,3572.00,0.00281578,1
1503078529,18772744,3572.00,0.00281578,1
1503078529,18772738,3572.00,0.00281578,1
1503078528,18772732,3572.00,0.00281578,1
1503078528,18772730,3572.00,0.00281578,1
1503078527,18772722,3572.01,0.00281578,1
1503078500,18772647,3572.00,0.37605194,1
1503078499,18772646,3572.02,0.95053246,0
1503078498,18772645,3572.02,0.01341560,1
1503078488,18772636,3570.70,1.09700000,1
1503078481,18772630,3584.97,0.09990327,0
1503078387,18772545,3590.00,0.48300000,0
1503078387,18772544,3589.99,0.05000000,0
1503078376,18772543,3589.99,0.15000000,0
1503078369,18772541,3590.00,0.26643454,0
1503078369,18772540,3589.98,0.22000000,0
1503078368,18772538,3589.97,0.83404932,1
1503078366,18772535,3589.97,0.11281121,0
1503078326,18772515,3592.87,0.19039540,0
1503078326,18772514,3592.87,0.03178825,0
1503078326,18772513,3592.87,0.25000000,0
1503078318,18772500,3565.19,1.22339357,0
1503078317,18772499,3565.19,3.11934213,0
1503078316,18772498,3569.13,0.15000000,1
1503078316,18772497,3569.14,0.23000000,1
1503078316,18772496,3569.14,0.80000000,1
1503078316,18772495,3569.15,6.00000000,1
1503078315,18772494,3569.16,0.01149151,1
1503078315,18772493,3569.16,0.46577279,1
1503078307,18772476,3593.54,0.25815141,0
1503078275,18772443,3587.00,0.00222052,0
1503078269,18772441,3587.00,0.00277948,0
1503078263,18772436,3587.00,0.04500000,1
1503078260,18772418,3586.27,0.00500000,0
1503078246,18772403,3586.27,0.12000000,1
1503078234,18772389,3584.48,0.17000000,0
1503078226,18772382,3586.28,0.00001806,1
1503078226,18772381,3594.08,0.01205024,1
1503078220,18772371,3594.08,0.36294976,0
1503078218,18772370,3584.49,0.22494815,0
1503078218,18772369,3584.48,0.19000000,0
1503078216,18772366,3584.49,0.14791499,0
1503078213,18772362,3584.49,0.10500000,0
1503078210,18772360,3578.98,0.02520134,0
1503078205,18772353,3578.98,0.18479866,0
1503078201,18772344,3578.98,0.11500000,0
1503078201,18772343,3578.98,0.11500000,0
1503078191,18772318,3578.99,0.46521530,0
1503078191,18772316,3578.98,0.01141736,0
1503078184,18772308,3578.98,0.27676500,0
1503078183,18772307,3578.98,0.01323500,0
1503078182,18772304,3565.20,0.73620717,0
1503078178,18772294,3565.20,0.57169368,0
1503078177,18772284,3565.20,0.25000000,0
1503078176,18772282,3565.28,0.44209915,1
1503078176,18772281,3565.31,2.00000000,1
1503078169,18772275,3578.99,0.44000000,0
1503078150,18772269,3584.49,0.52213686,0
1503078146,18772266,3579.98,0.19068079,0
1503078144,18772265,3579.98,0.13931921,0
1503078097,18772242,3565.04,0.35648999,1
1503078080,18772240,3563.02,0.34839877,0
1503078079,18772239,3564.00,0.20000000,1
1503078079,18772238,3564.33,0.15000000,1
1503078079,18772237,3564.37,0.26000000,1
1503078079,18772236,3564.37,0.84000000,1
1503078079,18772235,3564.41,6.00000000,1
1503078078,18772234,3564.43,2.00000000,1
1503078078,18772233,3564.44,0.94503651,1
1503078068,18772231,3582.00,0.94861851,0
1503078066,18772230,3581.99,0.16528200,0
1503078063,18772229,3581.99,0.08471800,0
1503078063,18772228,3581.99,0.06804080,0
1503078062,18772227,3581.99,0.16878400,0
1503078046,18772218,3584.09,0.02783133,0
1503078026,18772209,3584.11,0.02783118,0
1503078024,18772204,3584.11,0.03120000,0
1503078018,18772198,3584.11,0.00718728,0
1503077992,18772169,3584.15,0.01446037,0
1503077975,18772155,3584.10,0.01612957,0
1503077973,18772154,3584.09,0.05499957,0
1503077973,18772153,3584.09,0.06804080,0
1503077961,18772144,3561.81,0.16781200,1
1503077955,18772143,3584.15,0.01406770,0
1503077955,18772141,3561.78,0.56332200,1
1503077950,18772135,3584.16,0.13916789,0
1503077948,18772132,3561.75,0.06700000,1
1503077931,18772117,3560.00,0.26147489,0
1503077929,18772115,3560.00,0.27500000,0
1503077929,18772114,3559.99,0.25000000,0
1503077927,18772108,3559.96,0.02500000,0
1503077919,18772076,3559.96,0.01000000,0
1503077904,18772051,3548.00,0.01323265,1
1503077901,18772048,3560.00,0.14481238,0
1503077901,18772047,3560.00,7.00000000,0
1503077901,18772046,3559.99,0.94541017,0
1503077900,18772045,3555.00,0.16355555,0
1503077900,18772044,3555.00,0.01311824,0
1503077897,18772039,3555.00,0.35500000,0
1503077896,18772036,3548.01,4.17372749,1
1503077896,18772034,3548.01,0.88000000,1
1503077896,18772033,3548.02,0.94627251,1
1503077891,18772024,3555.00,0.02581435,0
1503077890,18772021,3555.00,0.10680700,0
1503077890,18772020,3555.00,0.02581434,0
1503077890,18772019,3555.00,0.02000000,0
1503077882,18772001,3554.99,0.14500000,0
1503077873,18771990,3555.00,2.64500000,0
1503077871,18771988,3555.00,0.03861961,0
1503077868,18771985,3555.00,2.07709985,0
1503077868,18771983,3554.98,0.32000000,0
1503077866,18771980,3554.97,0.41023200,0
1503077865,18771979,3554.97,0.13500000,0
1503077857,18771972,3554.99,0.27500000,0
1503077853,18771967,3554.99,0.00604620,0
1503077849,18771964,3555.00,0.99500000,0
1503077842,18771953,3559.78,0.01524624,0
1503077841,18771951,3559.78,0.36500000,0
1503077833,18771937,3559.82,0.28859901,0
1503077833,18771936,3559.81,0.25640099,0
1503077825,18771926,3559.86,0.13000000,0
1503077817,18771914,3559.90,0.17500000,0
1503077810,18771903,3559.91,0.13000000,0
1503077807,18771901,3548.00,0.09000000,1
1503077807,18771900,3548.01,0.91000000,1
1503077802,18771894,3559.93,0.26000000,0
1503077799,18771893,3559.95,0.03362407,0
1503077794,18771888,3559.97,0.14000000,0
1503077786,18771865,3559.99,0.13500000,0
1503077778,18771855,3559.99,0.13500000,0
1503077771,18771844,3559.99,0.01000000,0
1503077767,18771835,3559.99,0.12889045,0
1503077758,18771820,3566.47,0.12595801,0
1503077753,18771804,3548.00,0.01198883,1
1503077752,18771801,3550.00,0.00500000,1
1503077752,18771800,3550.00,0.02800000,1
1503077752,18771799,3550.00,0.00150000,1
1503077751,18771798,3550.00,0.02512871,1
1503077751,18771797,3550.00,0.93398764,1
1503077751,18771796,3551.31,0.01423419,1
1503077751,18771795,3566.49,0.19594366,0
1503077750,18771791,3566.49,0.37183634,0
1503077750,18771790,3566.49,0.31000000,0
1503077748,18771780,3550.00,0.72874562,1
1503077748,18771779,3550.00,0.02000000,1
1503077748,18771778,3550.00,0.06000000,1
1503077748,18771777,3550.00,0.50000000,1
1503077748,18771774,3550.00,1.00000000,1
1503077747,18771773,3550.00,0.28169014,1
1503077747,18771771,3550.00,0.10000000,1
1503077747,18771770,3550.00,0.30000000,1
1503077747,18771769,3550.00,0.15000000,1
1503077747,18771768,3550.00,0.00260000,1
1503077747,18771767,3550.00,0.17608904,1
1503077747,18771766,3550.00,0.50000000,1
1503077746,18771765,3550.00,0.05000000,1
1503077746,18771764,3550.00,0.17000000,1
1503077746,18771763,3550.00,0.10000000,1
1503077746,18771761,3550.00,0.06000000,1
1503077746,18771760,3550.00,0.02809900,1
1503077746,18771759,3550.00,0.50000000,1
1503077745,18771756,3550.00,0.01405000,1
1503077745,18771753,3550.00,0.33081314,1
1503077745,18771748,3550.00,0.00150000,1
1503077744,18771745,3550.00,0.00500000,1
1503077744,18771744,3550.00,0.00557700,1
1503077744,18771742,3550.00,0.10000000,1
1503077744,18771738,3550.51,0.01000000,1
1503077743,18771735,3550.99,0.03000000,1
1503077743,18771732,3551.00,0.03800000,1
1503077743,18771730,3551.30,4.55224397,1
1503077742,18771725,3551.31,0.18559209,1
1503077739,18771720,3566.49,0.01477796,0
1503077739,18771719,3566.49,0.00276087,0
1503077725,18771663,3566.59,0.15776210,0
1503077711,18771605,3568.53,0.02571647,1
1503077708,18771600,3568.51,0.00616377,0
1503077708,18771599,3568.49,1.32291759,0
1503077708,18771598,3568.49,0.43559951,0
1503077708,18771596,3568.49,0.08150043,0
1503077707,18771594,3568.52,0.15998247,1
1503077706,18771583,3568.52,0.18384315,0
1503077704,18771569,3568.54,0.20000000,0
1503077701,18771562,3551.51,1.05699964,1
1503077700,18771557,3551.52,0.94300036,1
1503077696,18771556,3568.58,0.04194596,0
1503077696,18771555,3568.58,0.01305404,0
1503077688,18771541,3568.60,0.11000000,0
1503077680,18771537,3568.64,0.13975912,0
1503077680,18771535,3568.64,0.17000000,0
1503077672,18771527,3568.70,0.17000000,0
1503077660,18771509,3568.64,0.09782164,0
1503077658,18771503,3568.71,0.42629129,0
1503077658,18771502,3568.67,0.16000000,0
1503077658,18771501,3568.67,0.17612494,1
1503077658,18771500,3568.67,0.22000000,0
1503077656,18771497,3568.66,0.35564862,0
1503077650,18771489,3568.70,0.08500000,0
1503077636,18771477,3568.72,0.24000000,0
1503077625,18771466,3568.78,0.15998058,0
1503077625,18771465,3568.78,0.00500000,0
1503077623,18771464,3568.79,0.08129781,0
1503077617,18771448,3568.82,0.00500000,0
1503077615,18771439,3568.85,0.17745865,0
1503077613,18771431,3551.30,0.44775603,1
1503077613,18771428,3552.39,0.10000000,1
1503077612,18771421,3552.94,0.01000000,1
1503077612,18771419,3552.97,0.30000000,0
1503077612,18771416,3555.00,1.00000000,1
1503077612,18771415,3555.00,0.16999718,1
1503077611,18771413,3555.05,4.70263512,1
1503077611,18771412,3555.22,1.38693255,1
1503077611,18771411,3555.23,0.91000000,0
1503077611,18771410,3555.23,0.93971280,1
1503077609,18771409,3566.79,0.00500000,0
1503077609,18771404,3566.79,0.02796632,1
1503077601,18771399,3568.95,0.00500000,0
1503077596,18771394,3568.98,0.02205637,0
1503077596,18771391,3568.98,0.08633970,0
1503077595,18771389,3568.98,0.00500000,0
1503077594,18771387,3568.98,0.06587970,0
1503077590,18771385,3568.97,0.10978347,0
1503077588,18771381,3568.99,0.01323869,0
1503077586,18771379,3568.99,0.00500000,0
1503077582,18771373,3568.58,0.00500000,1
1503077581,18771372,3568.58,0.25000000,1
1503077580,18771370,3568.99,0.00319614,0
1503077574,18771325,3566.74,0.32197208,0
1503077573,18771320,3569.00,0.00275497,0
1503077572,18771317,3568.99,0.49319379,0
1503077572,18771316,3566.78,0.29000000,0
1503077570,18771309,3566.72,0.00500000,0
1503077570,18771307,3555.13,0.45196287,1
1503077570,18771306,3555.14,0.22616600,1
1503077564,18771293,3566.77,0.02356050,0
1503077562,18771287,3566.80,0.00500000,0
1503077560,18771286,3566.79,0.08860699,0
1503077560,18771285,3566.78,0.01139301,0
1503077554,18771277,3566.79,0.00500000,0
1503077546,18771268,3566.85,0.00500000,0
1503077542,18771263,3555.08,0.04340554,1
1503077541,18771262,3555.09,0.02789244,1
1503077540,18771259,3566.86,0.05196976,0
1503077538,18771246,3566.89,0.19500000,0
1503077534,18771227,3555.08,0.19516266,1
1503077534,18771226,3559.20,0.01139547,1
1503077534,18771224,3565.02,0.00055230,1
1503077533,18771217,3565.02,0.00944770,1
1503077531,18771210,3578.04,0.34500000,0
1503077530,18771209,3566.90,0.14500000,0
1503077529,18771207,3566.90,0.17500000,0
1503077522,18771195,3566.87,0.49500000,0
1503077521,18771192,3566.87,0.32048000,0
1503077517,18771164,3580.10,0.08425864,0
1503077516,18771152,3580.10,0.36772542,0
1503077514,18771136,3580.12,0.03500021,0
1503077514,18771134,3578.11,0.05499979,0
1503077510,18771118,3555.05,0.17656259,1
1503077510,18771116,3558.00,0.58854975,1
1503077509,18771113,3559.20,0.00636031,1
1503077509,18771112,3565.00,0.11201099,1
1503077509,18771111,3565.00,0.11651636,1
1503077509,18771110,3565.00,0.08348364,1
1503077507,18771108,3570.00,0.77881196,0
1503077507,18771106,3578.11,0.05500000,1
1503077506,18771100,3569.70,0.02290026,0
1503077505,18771096,3569.70,1.00000000,1
1503077505,18771095,3570.00,0.01000000,1
1503077505,18771094,3570.00,0.00558543,1
1503077505,18771093,3570.00,0.05958176,1
1503077505,18771091,3570.00,1.00000000,1
1503077504,18771090,3570.00,0.05500000,1
1503077504,18771087,3570.00,0.05000000,1
1503077504,18771086,3571.29,1.38693255,1
1503077504,18771085,3571.30,0.01000000,1
1503077503,18771084,3571.30,1.70000000,1
1503077500,18771074,3580.14,0.10000000,0
1503077499,18771072,3578.12,0.04460337,0
1503077498,18771069,3580.14,0.29159378,0
1503077498,18771066,3576.32,0.05340622,0
1503077493,18771048,3571.28,2.00000000,1
1503077493,18771046,3580.14,0.06965160,0
1503077492,18771043,3580.29,0.93271132,0
1503077492,18771042,3578.12,0.01000000,0
1503077491,18771040,3578.12,0.09000000,1
1503077490,18771027,3580.29,0.98500000,0
1503077488,18771018,3578.12,0.06000000,1
1503077488,18771016,3580.32,1.91119755,0
1503077483,18770976,3573.34,0.38771562,0
1503077482,18770966,3573.34,0.15000000,0
1503077481,18770952,3573.34,0.36886363,0
1503077480,18770939,3571.26,0.94557938,1
1503077478,18770927,3573.00,0.05442062,1
1503077478,18770919,3575.00,0.74256088,1
1503077477,18770917,3575.01,0.92857787,1
1503077477,18770916,3575.01,0.15000000,1
1503077477,18770914,3576.32,0.02500000,1
1503077477,18770912,3576.32,0.01844361,1
1503077477,18770911,3578.11,0.01000000,1
1503077470,18770884,3590.97,0.13889005,0
1503077469,18770876,3590.97,0.01500000,0
1503077464,18770865,3575.00,0.00672905,0
1503077463,18770863,3575.02,0.01172046,0
1503077461,18770857,3576.32,0.02155049,1
1503077460,18770855,3601.26,0.51683051,0
1503077460,18770853,3601.25,0.32699849,0
1503077455,18770830,3575.00,0.25743912,1
1503077454,18770829,3575.00,0.50000000,1
1503077454,18770827,3576.40,0.04273608,1
1503077454,18770826,3576.40,0.01877243,0
1503077454,18770825,3576.63,0.03105237,1
1503077452,18770823,3578.69,0.15000000,1
1503077414,18770774,3601.59,1.78499677,0
1503077410,18770771,3601.63,0.02548012,0
1503077406,18770766,3591.04,0.10549402,0
1503077403,18770763,3586.58,0.35000000,0
1503077397,18770759,3575.02,0.32731194,0
1503077397,18770757,3576.18,0.01895068,1
1503077397,18770756,3577.67,0.00500000,1
1503077396,18770754,3578.55,0.10000000,1
1503077396,18770753,3578.64,0.03143284,1
1503077396,18770752,3579.29,0.08468389,1
1503077395,18770749,3579.68,0.28240000,1
1503077395,18770748,3579.91,0.59235000,1
1503077395,18770747,3579.91,0.13000000,0
1503077395,18770746,3579.95,0.16433080,1
1503077394,18770745,3580.00,0.01353985,1
1503077394,18770743,3586.58,0.15000000,1
1503077387,18770738,3591.03,0.01000000,0
1503077379,18770722,3591.04,0.17500000,0
1503077372,18770696,3591.04,0.11234172,0
1503077372,18770695,3591.04,0.22500000,0
1503077370,18770683,3591.07,0.09750000,0
1503077368,18770672,3591.07,0.01000000,0
1503077367,18770664,3591.07,0.09750000,0
1503077364,18770647,3591.07,0.04891195,0
1503077363,18770645,3591.07,0.37500000,0
1503077360,18770637,3602.63,0.27688105,0
1503077358,18770635,3602.63,0.13899568,0
1503077353,18770617,3598.98,0.04477000,0
1503077348,18770593,3601.80,0.01779387,1
1503077346,18770585,3599.99,0.07720613,0
1503077338,18770552,3599.97,0.03500000,0
1503077334,18770528,3599.99,0.26256513,0
1503077334,18770526,3599.99,0.05022874,0
1503077331,18770510,3600.00,0.40296919,0
1503077331,18770509,3600.00,0.03386656,0
1503077330,18770504,3612.77,0.00017664,0
1503077330,18770502,3612.76,0.33490121,0
1503077330,18770501,3612.76,0.14162611,0
1503077330,18770500,3612.76,0.14847268,0
1503077323,18770463,3579.95,2.45205071,0
1503077321,18770455,3580.00,0.06804080,0
1503077321,18770453,3591.06,2.36735272,1
1503077321,18770452,3596.79,0.01255577,1
1503077318,18770446,3579.91,1.12777857,1
1503077318,18770445,3579.91,0.16709314,0
1503077317,18770444,3580.00,0.01000000,1
1503077317,18770443,3580.00,0.06826536,1
1503077317,18770442,3580.00,0.28000000,1
1503077317,18770441,3580.00,0.02800000,1
1503077317,18770440,3580.00,0.00300000,1
1503077316,18770439,3580.00,0.16275410,1
1503077316,18770438,3580.00,0.07171522,1
1503077316,18770437,3580.00,0.30000000,1
1503077316,18770436,3580.00,0.00150000,1
1503077316,18770434,3580.99,0.29093351,1
1503077315,18770433,3582.00,0.17000000,1
1503077315,18770432,3582.92,0.25000000,1
1503077315,18770431,3584.00,0.02793222,1
1503077314,18770430,3585.00,1.37104636,1
1503077314,18770428,3585.00,0.10000000,1
1503077314,18770427,3586.16,0.01000000,1
1503077313,18770426,3586.71,1.00000000,1
1503077313,18770424,3588.69,0.33136997,1
1503077313,18770423,3588.81,0.11672875,1
1503077312,18770422,3590.00,2.32674651,1
1503077312,18770421,3590.00,1.78556824,1
1503077312,18770419,3590.00,1.00000000,1
1503077311,18770418,3590.00,0.91442826,1
1503077311,18770417,3590.00,0.20000000,1
1503077311,18770415,3590.00,2.49792216,0
1503077311,18770413,3590.67,0.30561427,1
1503077310,18770411,3591.00,0.00140000,1
1503077310,18770410,3591.00,0.38861876,1
1503077310,18770409,3591.06,0.15000000,0
1503077310,18770408,3596.27,0.05000000,1
1503077309,18770407,3596.27,0.39000000,0
1503077309,18770406,3598.80,0.00415694,1
1503077309,18770405,3598.96,0.03000000,1
1503077309,18770404,3598.96,1.06000000,0
1503077309,18770403,3599.85,0.01672227,1
1503077308,18770401,3600.00,0.15723093,1
1503077308,18770400,3600.00,0.02500000,1
1503077308,18770399,3600.00,0.24937500,1
1503077308,18770397,3600.00,0.27777778,1
1503077308,18770396,3600.00,0.02778000,1
1503077308,18770395,3600.00,0.06000000,1
1503077308,18770394,3600.00,0.83120000,1
1503077307,18770392,3600.00,0.16234168,1
1503077307,18770389,3600.00,0.13765832,1
1503077307,18770388,3600.00,0.50000000,1
1503077307,18770387,3600.00,0.62951430,1
1503077307,18770385,3600.01,0.00350000,1
1503077307,18770383,3600.16,0.04433136,1
1503077307,18770382,3600.45,0.39000000,1
1503077306,18770381,3600.46,0.92500000,1
1503077306,18770379,3607.88,0.00160000,1
1503077306,18770377,3608.45,0.00160000,1
1503077306,18770376,3608.46,1.06000000,1
1503077305,18770374,3613.77,0.00604500,1
1503077305,18770372,3614.39,0.01000000,1
1503077282,18770298,3619.98,0.02718834,0
1503077240,18770260,3619.99,0.20356521,0
1503077229,18770226,3619.99,0.13626070,0
1503077228,18770224,3619.98,0.06000000,1
1503077227,18770222,3619.98,0.06000000,0
1503077198,18770208,3619.99,0.05993939,0
1503077196,18770200,3619.99,0.11357030,0
1503077195,18770196,3619.99,0.07966981,0
1503077195,18770195,3619.98,0.03000000,0
1503077195,18770194,3618.96,0.01000000,0
1503077162,18770154,3619.99,0.22417338,0
1503077161,18770152,3619.98,0.03000000,0
1503077143,18770140,3619.99,0.53069943,0
1503077143,18770136,3619.99,0.08384653,0
1503077139,18770134,3619.99,0.12524655,0
1503077137,18770133,3619.99,0.11824576,0
1503077137,18770132,3619.98,0.04000000,0
1503077133,18770125,3619.99,0.50240829,0
1503077131,18770120,3619.98,0.04000000,0
1503077122,18770108,3617.00,0.16868837,0
1503077115,18770106,3617.00,0.00551562,0
1503077093,18770095,3617.00,0.51156483,0
1503077092,18770094,3616.99,0.04000000,0
1503077079,18770076,3617.00,3.46276195,0
1503077076,18770073,3617.00,0.25418923,0
1503077076,18770072,3616.99,0.05000000,0
1503077060,18770038,3617.00,0.49500000,0
1503077055,18770034,3617.00,1.00000000,0
1503077054,18770031,3617.00,0.09930650,0
1503077048,18770025,3617.00,0.09962103,0
1503077043,18770020,3617.00,0.09946480,0
1503077039,18770018,3617.00,0.54410000,0
1503077038,18770017,3617.00,0.09500000,0
1503077036,18770016,3617.00,0.09946293,0
1503077035,18770013,3617.00,0.57782323,0
1503077034,18770012,3617.00,0.55613786,0
1503077033,18770011,3617.00,3.00023049,0
1503077031,18770010,3617.00,0.09946293,0
1503077025,18770003,3617.00,0.09000000,0
1503077024,18769998,3617.00,0.09930229,0
1503077017,18769990,3617.00,0.09930018,0
1503077011,18769982,3617.00,0.09930088,0
1503077005,18769980,3617.00,0.09929877,0
1503076999,18769977,3617.00,0.09929877,0
1503076993,18769973,3617.00,0.03929760,0
1503076993,18769972,3616.99,0.06000000,0
1503076985,18769956,3617.00,2.00000000,0
1503076982,18769952,3616.99,0.07000000,0
1503076956,18769949,3617.00,0.08000000,0
1503076956,18769947,3617.00,0.01516727,0
1503076953,18769942,3617.00,0.00947746,0
1503076952,18769940,3616.99,0.09000000,0
1503076950,18769939,3617.00,0.04535200,0
1503076949,18769938,3616.99,0.09000000,0
1503076927,18769933,3617.00,0.12685927,0
1503076916,18769929,3616.99,0.00551564,0
1503076912,18769928,3616.99,0.06000000,0
1503076895,18769902,3616.99,0.02021800,0
1503076872,18769892,3617.00,0.19000000,0
1503076872,18769890,3616.99,0.11000000,0
1503076869,18769889,3617.00,0.05485500,0
1503076864,18769882,3617.00,0.11000000,0
1503076859,18769879,3617.00,0.16101734,0
1503076859,18769878,3616.99,0.11000000,0
1503076856,18769877,3617.00,0.00500000,0
1503076856,18769876,3616.99,0.11000000,0
1503076848,18769874,3616.99,0.01000000,0
1503076840,18769870,3617.00,0.09999500,0
1503076840,18769869,3616.99,0.00000500,0
1503076835,18769865,3616.99,0.05499500,0
1503076832,18769861,3616.99,0.06500000,0
1503076824,18769859,3617.00,0.04516520,0
1503076819,18769855,3617.00,0.47225500,0
1503076819,18769854,3616.99,0.14000000,0
1503076810,18769851,3617.00,0.25646878,0
1503076808,18769849,3616.99,0.00000555,0
1503076806,18769846,3616.99,0.12999445,0
1503076805,18769843,3617.00,0.43316000,0
1503076773,18769835,3616.99,0.01000000,0
1503076773,18769833,3616.99,0.05047567,0
1503076770,18769831,3616.99,0.00500000,0
1503076762,18769825,3616.99,0.07000000,0
1503076758,18769821,3616.99,0.01493960,0
1503076740,18769803,3616.99,0.01983637,0
1503076734,18769798,3616.99,0.03594425,0
1503076732,18769784,3616.99,0.02550610,0
1503076724,18769782,3616.99,0.08997030,0
1503076709,18769771,3616.99,0.02170589,0
1503076708,18769767,3616.99,0.02635630,0
1503076698,18769763,3616.99,0.01077099,0
1503076676,18769735,3616.99,0.04345225,0
1503076676,18769734,3616.93,0.07654775,0
1503076675,18769733,3616.99,0.06193972,0
1503076675,18769732,3616.97,0.00542938,0
1503076674,18769730,3616.95,0.14386700,0
1503076672,18769729,3616.80,0.15000000,1
1503076665,18769728,3616.97,0.01957062,0
1503076663,18769727,3617.00,0.01591200,0
1503076661,18769724,3616.97,0.21888500,0
1503076661,18769723,3614.99,0.15000000,0
1503076658,18769718,3600.17,1.15381095,1
1503076657,18769717,3600.44,0.42000000,1
1503076657,18769716,3603.77,0.02134678,1
1503076657,18769715,3604.55,1.10000000,1
1503076657,18769714,3604.55,6.00000000,0
1503076656,18769713,3604.62,2.00000000,1
1503076656,18769712,3610.00,0.27632960,1
1503076654,18769711,3615.00,0.01721125,1
1503076640,18769688,3616.97,0.02500000,0
1503076632,18769675,3617.00,0.01078209,0
1503076631,18769674,3617.00,0.43514473,0
1503076630,18769673,3616.99,0.05000000,0
1503076615,18769666,3617.00,0.01040000,0
1503076608,18769660,3619.00,0.05640000,1
1503076608,18769659,3619.02,0.13815895,1
1503076605,18769657,3619.99,0.03034397,0
1503076603,18769656,3619.99,0.01605338,0
1503076596,18769655,3619.99,0.02000000,0
1503076586,18769648,3619.99,0.23107799,0
1503076585,18769643,3619.99,0.04139790,0
1503076584,18769637,3619.99,0.04390662,0
1503076562,18769618,3619.99,0.06500000,0
1503076554,18769611,3619.99,0.52650000,0
1503076549,18769605,3619.99,0.48272233,0
1503076549,18769602,3619.99,0.01283855,0
1503076549,18769600,3619.99,0.04140066,0
1503076548,18769599,3619.99,0.14500000,0
1503076544,18769590,3619.99,0.11531523,0
1503076543,18769585,3619.99,0.01154048,0
1503076542,18769582,3619.99,0.09513562,0
1503076540,18769580,3620.00,2.00000000,1
1503076540,18769579,3620.00,0.64038000,1
1503076540,18769578,3620.00,0.10824987,1
1503076539,18769577,3620.00,0.02978028,1
1503076539,18769576,3620.00,0.71565151,1
1503076537,18769574,3622.00,0.09257316,0
1503076535,18769570,3621.99,0.06000000,0
1503076527,18769567,3622.00,0.14884594,0
1503076527,18769565,3622.00,0.04828823,0
1503076526,18769561,3622.00,0.02508301,0
1503076526,18769559,3621.99,0.00063758,0
1503076525,18769554,3621.99,0.06936242,0
1503076488,18769506,3620.00,0.53406719,1
1503076488,18769505,3621.00,0.30300000,1
1503076488,18769504,3621.23,0.02085495,1
1503076480,18769502,3622.00,0.06325235,0
1503076478,18769496,3622.00,0.02107399,0
1503076478,18769491,3622.00,0.04618718,0
1503076477,18769489,3621.99,0.07000000,0
1503076465,18769481,3622.00,1.37714798,0
1503076464,18769480,3622.00,0.00458591,0
1503076464,18769479,3621.99,0.06934561,0
1503076463,18769476,3621.99,0.02065439,0
1503076450,18769469,3622.00,0.04620000,0
1503076443,18769463,3623.23,0.22943000,0
1503076437,18769458,3623.99,0.02000900,0
1503076436,18769451,3623.99,0.01339899,1
1503076435,18769445,3623.99,0.04998600,0
1503076407,18769430,3624.00,1.54661256,0
1503076403,18769423,3624.00,0.51367190,0
1503076403,18769421,3623.99,0.03627760,0
1503076396,18769385,3623.99,0.01372240,0
1503076394,18769372,3624.00,0.01134177,0
1503076357,18769348,3624.00,0.01891280,0
1503076356,18769347,3623.99,0.07000000,1
1503076356,18769345,3623.99,0.09000000,0
1503076264,18769300,3624.00,0.49452755,0
1503076263,18769299,3624.00,0.02433600,0
1503076253,18769293,3627.00,0.13224870,1
1503076244,18769286,3629.92,0.27479669,1
1503076240,18769282,3629.97,0.18299400,1
1503076238,18769279,3629.92,0.11000000,0
1503076238,18769278,3629.91,0.35700600,0
1503076191,18769228,3627.00,0.13412277,1
1503076184,18769222,3629.97,0.49215282,1
1503076157,18769208,3629.97,1.06241925,1
1503076101,18769166,3629.98,0.00687056,0
1503076083,18769154,3629.97,0.01164800,0
1503076078,18769153,3627.00,0.04000000,1
1503076049,18769142,3627.00,0.16900000,1
1503076024,18769129,3627.00,0.01571200,1
1503076001,18769084,3627.00,0.01602220,1
1503075933,18769022,3629.99,0.00137466,0
1503075916,18769006,3630.00,0.00390082,1
1503075916,18769005,3630.00,0.50000000,1
1503075916,18769004,3630.36,0.60339584,1
1503075900,18768984,3634.00,0.47898458,0
1503075898,18768983,3633.99,0.07000000,0
1503075857,18768943,3633.99,0.03951000,0
1503075850,18768934,3634.00,0.05626326,0
1503075849,18768933,3634.00,0.06762617,0
1503075847,18768929,3633.99,0.07000000,0
1503075831,18768918,3636.99,0.07850080,0
1503075831,18768917,3635.01,0.19711371,0
1503075824,18768913,3636.99,0.02742653,0
1503075813,18768905,3630.36,0.39660416,1
1503075811,18768904,3635.01,0.00412787,1
1503075811,18768903,3635.01,0.16926797,1
1503075801,18768902,3635.01,0.31744045,1
1503075801,18768901,3635.01,0.25547082,1
1503075769,18768854,3637.00,1.21148100,0
1503075769,18768853,3636.99,0.09000000,0
1503075737,18768824,3635.01,0.07679406,1
1503075737,18768823,3635.01,0.08875137,1
1503075712,18768798,3635.01,0.19137139,1
1503075697,18768792,3635.01,0.05214212,1
1503075678,18768773,3636.99,0.04547644,0
1503075650,18768755,3636.99,0.02541439,0
1503075643,18768753,3637.00,0.00097300,0
1503075641,18768752,3636.99,0.08000000,0
1503075579,18768708,3636.99,0.06718594,0
1503075548,18768691,3637.00,0.09776044,0
1503075547,18768690,3636.99,0.10000000,0
1503075532,18768675,3635.04,0.01602220,1
1503075529,18768673,3637.00,5.09938410,0
1503075527,18768672,3636.99,0.11000000,0
1503075510,18768663,3637.00,0.11232009,0
1503075469,18768587,3641.00,0.08977636,0
1503075468,18768585,3640.59,0.04583194,0
1503075462,18768576,3640.59,0.05409810,1
1503075460,18768571,3640.59,0.04590190,1
1503075438,18768553,3644.00,0.61614504,0
1503075432,18768546,3646.87,0.05109690,0
1503075427,18768541,3646.88,0.10484305,0
1503075420,18768529,3646.97,0.06572772,0
1503075346,18768474,3640.63,0.02739935,1
1503075307,18768443,3650.09,0.06285307,1
1503075292,18768437,3640.62,0.00165404,1
1503075289,18768431,3640.62,0.00330809,1
1503075222,18768376,3646.70,0.00482000,1
1503075200,18768358,3650.61,0.04405390,0
1503075198,18768337,3650.61,0.02867929,0
1503075196,18768327,3650.64,0.24497286,0
1503075185,18768318,3650.00,0.00312602,1
1503075150,18768282,3658.26,0.05355137,0
1503075124,18768272,3658.37,0.01700000,0
1503075111,18768268,3658.43,0.00981569,0
1503075082,18768245,3658.55,0.11026903,0
1503075065,18768220,3658.61,0.01154400,0
1503075052,18768212,3640.76,0.02107989,1
1503075041,18768198,3641.13,0.02935453,1
1503075041,18768196,3645.00,0.04989849,1
1503075040,18768194,3645.01,0.10000000,1
1503075029,18768165,3661.84,0.64239200,0
1503075029,18768164,3658.70,0.35760800,0
1503075024,18768150,3640.69,0.03873333,0
1503075024,18768149,3640.69,0.01126667,0
1503075022,18768144,3658.72,0.03955353,0
1503075017,18768138,3640.68,0.53385966,1
1503075015,18768131,3661.88,0.27401670,1
1503075014,18768127,3658.74,0.53069000,1
1503075013,18768126,3658.74,0.36708800,1
1503075013,18768123,3658.74,0.12298735,0
1503075012,18768119,3658.74,0.51770317,1
1503075012,18768118,3658.74,0.01298460,1
1503075011,18768115,3658.74,0.02000000,0
1503075011,18768113,3658.74,0.09000000,0
1503074951,18768068,3658.80,0.35035680,0
1503074875,18767972,3658.97,0.01400667,0
1503074875,18767970,3658.97,0.19704472,0
1503074875,18767969,3649.99,0.00036296,0
1503074871,18767966,3649.99,0.08051550,0
1503074836,18767924,3649.99,0.53697602,0
1503074836,18767923,3649.98,0.08000000,0
1503074795,18767891,3649.99,1.02354756,0
1503074794,18767890,3649.98,0.08000000,0
1503074777,18767879,3649.99,0.00013500,0
1503074777,18767878,3649.98,0.09000000,0
1503074750,18767843,3649.99,0.25199795,0
1503074749,18767842,3649.99,0.74487119,0
1503074749,18767841,3649.99,0.00997045,0
1503074749,18767840,3649.98,0.10000000,0
1503074746,18767834,3649.99,0.20108267,0
1503074745,18767833,3649.98,0.01000000,0
1503074734,18767814,3649.98,0.09000000,0
1503074723,18767810,3649.99,0.00015000,0
1503074723,18767809,3649.98,0.10000000,0
1503074669,18767769,3642.43,0.10000000,1
1503074658,18767753,3649.99,0.43384635,0
1503074658,18767752,3649.98,0.09000000,0
1503074584,18767685,3642.11,0.02106560,1
1503074583,18767684,3642.11,0.30215293,1
1503074515,18767635,3649.99,0.10072439,0
1503074511,18767609,3649.99,0.34319509,0
1503074511,18767608,3649.98,0.06000000,0
1503074500,18767603,3649.99,0.59705207,0
1503074500,18767602,3649.98,0.07000000,0
1503074495,18767594,3649.99,2.00000000,0
1503074489,18767589,3649.99,0.05527050,0
1503074488,18767588,3649.99,0.12620927,0
1503074488,18767587,3649.99,0.14824817,0
1503074486,18767583,3649.99,0.28163355,0
1503074486,18767582,3649.98,0.00831313,0
1503074485,18767581,3649.98,0.04319440,0
1503074484,18767578,3649.98,0.04849247,0
1503074484,18767577,3649.96,0.00601504,0
1503074469,18767547,3649.98,0.12415756,1
1503074468,18767545,3649.98,0.13000000,0
1503074444,18767520,3649.98,0.04083023,0
1503074428,18767508,3649.98,0.16991217,0
1503074428,18767507,3641.56,0.24551217,0
1503074427,18767500,3641.56,0.03008783,0
1503074367,18767449,3649.98,0.05460587,0
1503074363,18767444,3648.26,0.02505666,0
1503074351,18767434,3641.56,0.08500000,0
1503074308,18767409,3649.99,0.16359816,0
1503074305,18767406,3649.99,0.13663599,0
1503074302,18767403,3649.99,2.73288967,0
1503074301,18767401,3649.99,0.02691749,0
1503074299,18767395,3652.14,0.00417000,1
1503074288,18767370,3660.08,0.14205448,1
1503074288,18767369,3660.08,0.01139899,1
1503074287,18767363,3660.08,0.10000000,0
1503074229,18767298,3660.28,0.02507185,0
1503074187,18767266,3662.37,0.17601351,1
1503074186,18767263,3662.37,0.01130702,1
1503074186,18767262,3662.37,0.08504135,0
1503074167,18767229,3662.50,0.02505666,0
1503074135,18767105,3662.71,0.16313331,0
1503074069,18767028,3640.67,0.01101000,1
1503074046,18767001,3663.32,0.01164800,0
1503073983,18766915,3663.72,0.08167928,0
1503073946,18766859,3640.61,0.04547069,1
1503073940,18766851,3664.18,0.10889203,0
1503073938,18766848,3664.20,0.01088914,0
1503073936,18766841,3650.00,0.52598239,1
1503073935,18766839,3650.01,0.96516636,1
1503073928,18766825,3650.01,0.02483364,0
1503073926,18766819,3664.25,0.02504468,0
1503073923,18766815,3650.01,0.02483364,1
1503073912,18766784,3650.69,0.03143133,1
1503073909,18766775,3650.69,0.11213425,1
1503073908,18766773,3650.69,0.02960050,1
1503073908,18766772,3650.69,0.03774651,1
1503073904,18766759,3664.29,0.64583100,0
1503073904,18766756,3650.69,0.30323972,1
1503073902,18766750,3650.69,0.30323889,1
1503073900,18766748,3650.68,0.20783634,1
1503073887,18766729,3650.67,0.01980570,1
1503073881,18766711,3650.64,0.09244060,1
1503073875,18766699,3664.36,0.08098349,1
1503073874,18766698,3664.36,0.01097251,1
1503073828,18766642,3650.52,0.14199365,1
1503073788,18766561,3650.43,0.15804661,1
1503073781,18766547,3650.39,0.13364560,1
1503073777,18766542,3650.39,0.05833580,1
1503073777,18766541,3650.40,0.52322198,1
1503073768,18766517,3650.32,0.12004559,1
1503073753,18766503,3650.24,0.03992790,1
1503073734,18766479,3650.15,0.08174026,1
1503073694,18766441,3650.04,0.02286491,1
1503073691,18766440,3650.03,0.13213832,1
1503073675,18766421,3650.01,0.11871245,1
1503073660,18766417,3650.00,0.15744226,1
1503073634,18766395,3664.64,0.00543300,0
1503073629,18766390,3664.65,0.07075090,1
1503073628,18766389,3664.65,0.24646300,1
1503073627,18766388,3664.65,0.01246710,1
1503073627,18766387,3664.65,0.10000000,0
1503073627,18766386,3664.65,0.24620400,0
1503073626,18766384,3664.63,0.02000000,0
1503073626,18766381,3664.63,0.24648000,0
1503073626,18766380,3664.62,0.01031534,0
1503073600,18766373,3648.41,0.03333280,1
1503073568,18766354,3664.79,0.02504099,0
1503073531,18766335,3647.87,0.08502912,1
1503073523,18766331,3647.89,0.10000000,1
1503073516,18766321,3647.82,0.09046816,1
1503073504,18766309,3664.96,0.08165164,0
1503073495,18766306,3665.48,0.04979743,1
1503073494,18766305,3665.48,0.01824277,0
1503073448,18766251,3665.61,0.02503539,0
1503073371,18766184,3665.84,0.13397000,0
1503073353,18766164,3665.90,0.03401074,0
1503073325,18766142,3665.97,0.00728000,0
1503073298,18766122,3666.36,0.01088273,0
1503073269,18766109,3666.46,0.03000000,0
1503073259,18766102,3666.49,0.13099447,0
1503073247,18766095,3641.33,0.06640550,1
1503073199,18766060,3666.66,0.17504552,1
1503073199,18766059,3666.66,0.00907692,1
1503073198,18766056,3666.66,0.22394921,0
1503073183,18766046,3640.47,0.01699674,1
1503073146,18766013,3666.86,0.00516100,0
1503073078,18765921,3666.95,0.12810752,0
1503073070,18765905,3659.99,0.06483898,1
1503073066,18765902,3659.05,0.06709911,0
1503073062,18765896,3659.05,0.00136374,0
1503073056,18765886,3651.93,0.10991896,1
1503073055,18765884,3651.93,0.70252320,1
1503073055,18765883,3651.93,0.16125465,1
1503073055,18765882,3651.93,1.83379232,1
1503073054,18765879,3651.93,0.22754024,1
1503073053,18765878,3651.93,0.42610716,1
1503073049,18765868,3666.97,0.68791019,0
1503073049,18765867,3666.97,0.04000000,0
1503073049,18765866,3666.96,0.28362400,0
1503073049,18765865,3659.99,0.00961000,0
1503073046,18765856,3659.05,0.18653813,1
1503073045,18765853,3659.05,0.20859707,1
1503073044,18765852,3659.99,0.00140293,1
1503073044,18765850,3659.99,0.00820307,1
1503073043,18765847,3659.99,0.45039400,0
1503073043,18765845,3658.99,0.21000000,0
1503073040,18765837,3653.89,0.23416355,0
1503073039,18765835,3653.87,0.02516715,0
1503073038,18765833,3653.86,0.04403015,0
1503073027,18765821,3653.86,0.02511590,0
1503073023,18765816,3653.86,0.09555101,0
1503073022,18765814,3652.00,0.74090905,0
1503073012,18765797,3651.99,0.09572959,0
1503072994,18765778,3639.41,0.01082957,1
1503072994,18765777,3646.31,0.01651000,1
1503072985,18765760,3652.00,0.01666210,0
1503072957,18765730,3645.45,0.25600018,1
1503072954,18765721,3648.58,0.12733473,0
1503072953,18765720,3648.58,0.12746357,0
1503072953,18765718,3645.45,0.70034967,1
1503072949,18765704,3645.45,0.22142388,1
1503072948,18765703,3646.49,0.09038400,1
1503072947,18765695,3646.49,0.30938800,0
1503072947,18765693,3646.41,0.31022800,0
1503072947,18765692,3646.31,0.29000000,0
1503072910,18765663,3646.31,0.12066737,1
1503072910,18765662,3646.31,0.00516943,0
1503072905,18765656,3630.39,0.39240409,1
1503072894,18765650,3632.29,0.40976907,1
1503072890,18765647,3632.30,0.11414285,1
1503072879,18765634,3632.29,0.07872580,1
1503072862,18765625,3632.27,0.00516943,1
1503072862,18765624,3632.28,0.14003601,1
1503072850,18765611,3636.06,0.01408162,1
1503072848,18765607,3636.06,0.10629207,1
1503072820,18765585,3646.37,0.02500338,0
1503072820,18765584,3646.36,0.02174498,0
1503072811,18765574,3636.03,0.01471100,1
1503072800,18765549,3636.02,0.01126621,1
1503072798,18765541,3636.02,0.00731393,1
1503072789,18765520,3646.42,0.02516715,0
1503072788,18765515,3646.42,0.02516715,0
1503072786,18765512,3646.43,0.01175200,0
1503072742,18765496,3646.50,0.01524117,0
1503072742,18765495,3646.50,0.22000000,0
1503072726,18765488,3646.54,0.23916535,0
1503072725,18765487,3646.53,0.31864600,0
1503072723,18765483,3646.52,0.01367605,0
1503072705,18765473,3646.56,0.02742981,0
1503072705,18765472,3646.56,0.03501607,0
1503072657,18765430,3646.72,0.08951703,0
1503072644,18765407,3646.78,0.27368528,0
1503072589,18765326,3631.03,0.20081513,1
1503072587,18765321,3647.21,0.00053408,0
1503072587,18765318,3642.49,0.01258723,0
1503072587,18765317,3635.09,0.00000061,0
1503072586,18765314,3631.02,0.02218000,1
1503072580,18765307,3635.05,0.00535298,1
1503072529,18765245,3635.09,0.01012569,1
1503072522,18765238,3647.72,0.27345848,0
1503072520,18765237,3635.09,0.02744103,1
1503072502,18765222,3635.09,0.04260702,1
1503072496,18765208,3635.09,0.03995539,1
1503072490,18765201,3635.09,0.08292649,1
1503072489,18765200,3635.09,0.09804910,1
1503072489,18765199,3647.89,0.01386822,0
1503072488,18765197,3647.88,0.01128879,0
1503072488,18765196,3635.09,0.02161000,1
1503072470,18765169,3635.09,0.12252086,1
1503072469,18765165,3635.09,0.03355214,1
1503072468,18765162,3635.09,0.03361620,1
1503072465,18765153,3635.09,0.05678333,1
1503072464,18765148,3635.09,0.12732000,1
1503072461,18765140,3635.09,0.07287972,1
1503072456,18765126,3635.09,0.04003401,1
1503072456,18765125,3635.09,0.07770930,1
1503072453,18765120,3635.09,0.02744095,1
1503072441,18765077,3635.09,0.08542877,1
1503072434,18765055,3635.10,0.12682906,1
1503072433,18765045,3635.10,0.10732834,1
1503072429,18765035,3635.10,0.11318416,1
1503072422,18765006,3635.10,0.04637773,1
1503072421,18765005,3635.10,0.31120437,1
1503072417,18764996,3635.10,0.17063967,1
1503072412,18764978,3635.10,0.01163831,1
1503072406,18764965,3635.10,0.78180773,1
1503072402,18764951,3635.10,0.04753185,1
1503072399,18764936,3635.16,0.02243470,1
1503072396,18764926,3635.16,0.01258137,1
1503072395,18764915,3635.17,0.05262752,1
1503072394,18764909,3635.17,0.50936889,1
1503072392,18764885,3635.15,0.11625816,1
1503072383,18764824,3635.09,0.17783053,1
1503072370,18764755,3635.07,0.12802694,1
1503072364,18764726,3635.05,0.01486034,1
1503072362,18764723,3635.05,0.03064980,1
1503072348,18764682,3637.55,0.03609228,1
1503072346,18764664,3652.00,0.95302334,0
1503072346,18764663,3652.00,0.84470667,1
1503072345,18764659,3651.46,0.02652336,0
1503072345,18764657,3650.74,0.33780100,0
1503072345,18764656,3650.74,0.03000000,1
1503072344,18764652,3650.00,0.83840822,0
1503072344,18764650,3650.00,0.17000000,1
1503072343,18764646,3648.96,0.01137754,0
1503072343,18764642,3648.58,0.35841600,0
1503072342,18764637,3648.09,0.32760900,0
1503072342,18764633,3648.05,2.00000000,0
1503072341,18764631,3648.05,0.84360963,1
1503072341,18764626,3645.63,1.27869000,0
1503072341,18764624,3645.30,0.35126500,0
1503072340,18764621,3644.74,0.46148900,0
1503072340,18764618,3644.71,0.04000000,0
1503072339,18764614,3635.00,0.50853691,0
1503072337,18764603,3634.99,0.19000000,0
1503072284,18764535,3634.99,0.16232948,0
1503072283,18764531,3634.99,0.01077167,0
1503072282,18764530,3634.99,0.01678602,0
1503072276,18764525,3635.00,0.17281961,0
1503072271,18764521,3635.00,0.06364348,0
1503072271,18764520,3634.99,0.21000000,0
1503072249,18764514,3634.99,0.02524629,0
1503072203,18764505,3641.97,0.01567880,0
1503072202,18764503,3637.60,0.00601504,0
1503072178,18764470,3644.53,0.28546840,1
1503072177,18764467,3644.53,0.28689752,1
1503072177,18764465,3644.53,0.03904548,1
1503072177,18764462,3642.02,0.05000000,0
1503072177,18764460,3637.58,0.32594700,0
1503072175,18764449,3644.53,0.28594092,0
1503072175,18764447,3644.53,0.26474386,0
1503072175,18764446,3644.51,0.75000000,0
1503072175,18764444,3642.03,0.30000000,0
1503072174,18764442,3638.00,0.13988744,0
1503072174,18764440,3637.91,0.07912154,0
1503072174,18764439,3637.62,0.36813200,0
1503072174,18764437,3637.59,0.02797733,0
1503072174,18764435,3637.59,0.13949730,0
1503072174,18764432,3637.59,0.10277717,0
1503072173,18764429,3637.56,0.20281574,0
1503072173,18764426,3637.56,0.05810438,0
1503072173,18764424,3637.53,0.23000000,0
1503072172,18764415,3637.56,0.06502688,0
1503072170,18764398,3637.59,0.09788020,0
1503072169,18764396,3637.57,0.06326483,0
1503072169,18764394,3637.57,0.11763367,0
1503072169,18764390,3637.57,0.07889892,0
1503072168,18764383,3637.57,0.08072389,0
1503072168,18764378,3637.57,0.01588769,0
1503072167,18764375,3637.55,0.28000000,0
1503072167,18764372,3637.54,0.04974964,0
1503072166,18764366,3637.54,0.11560085,0
1503072164,18764344,3637.54,0.01331119,0
1503072164,18764339,3637.54,0.10425932,0
1503072164,18764337,3637.53,0.01134153,0
1503072162,18764318,3637.54,0.07338000,0
1503072129,18764272,3637.61,0.26117009,1
1503072129,18764270,3637.61,0.36812000,0
1503072128,18764269,3637.61,0.01512203,0
1503072097,18764213,3621.23,0.00004136,1
1503072097,18764211,3626.20,0.02391084,1
1503072092,18764199,3626.20,0.02719762,1
1503072087,18764187,3626.20,0.00561000,1
1503072069,18764164,3637.73,0.02522727,0
1503072065,18764159,3626.20,1.04360694,1
1503072065,18764157,3627.10,2.35962776,1
1503072053,18764145,3627.10,0.15874362,1
1503072053,18764143,3627.10,0.28749649,1
1503072053,18764141,3627.10,1.28871796,1
1503072049,18764133,3627.10,0.01068923,1
1503072035,18764103,3627.10,0.07465992,1
1503072031,18764096,3627.10,0.01418569,1
1503071919,18764023,3637.92,0.07917671,0
1503071915,18764022,3637.91,0.34451400,0
1503071908,18764019,3627.10,0.46658368,1
1503071907,18764018,3627.12,0.00540075,0
1503071906,18764017,3627.12,0.00377434,1
1503071886,18763997,3637.96,0.02522567,0
1503071862,18763990,3637.97,0.13709568,0
1503071842,18763961,3637.99,0.16408944,0
1503071833,18763954,3638.00,0.71384256,0
1503071833,18763953,3637.98,0.18000000,0
1503071832,18763952,3627.04,0.16474986,0
1503071830,18763951,3627.04,1.06000000,1
1503071813,18763944,3627.04,0.11493538,1
1503071769,18763920,3638.14,0.02522442,0
1503071759,18763904,3638.16,0.05483541,0
1503071740,18763864,3627.01,0.01014598,1
1503071737,18763862,3638.19,0.01315803,0
1503071688,18763824,3638.26,0.06744000,0
1503071664,18763788,3638.28,0.04178373,0
1503071664,18763787,3638.28,0.14858421,0
1503071662,18763785,3638.28,0.20481479,0
1503071625,18763770,3638.30,0.04112360,0
1503071589,18763737,3638.34,0.00274026,0
1503071575,18763719,3638.35,0.00274300,0
1503071526,18763699,3645.31,0.06293566,0
1503071497,18763670,3626.86,0.32073760,1
1503071468,18763650,3648.06,0.01230517,0
1503071464,18763648,3648.09,0.02433600,0
1503071450,18763643,3648.16,0.01366990,0
1503071410,18763603,3648.39,0.25427106,0
1503071300,18763573,3626.20,0.33050382,1
1503071299,18763572,3632.08,0.02949618,0
1503071298,18763571,3632.08,1.15000000,1
1503071216,18763554,3633.54,0.02697053,1
1503071214,18763553,3638.60,0.00560000,1
1503071132,18763521,3648.96,0.00000234,1
1503071132,18763519,3648.96,0.13197734,1
1503071076,18763482,3650.52,0.01026349,0
1503071055,18763429,3633.38,0.15000000,1
1503071025,18763424,3633.35,0.14000000,0
1503071020,18763423,3650.68,0.03535780,0
1503070998,18763408,3650.72,0.04098369,0
1503070961,18763399,3650.79,0.02000000,0
1503070917,18763390,3653.52,0.00165808,0
1503070914,18763382,3653.53,0.00331616,0
1503070912,18763377,3653.53,0.00663232,0
1503070908,18763375,3653.55,0.01326465,0
1503070906,18763374,3653.55,0.02652930,0
1503070838,18763257,3632.59,0.10035937,1
1503070832,18763251,3642.00,0.07626579,1
1503070829,18763249,3640.17,0.00227043,0
1503070810,18763238,3640.17,0.02500000,0
1503070740,18763187,3631.25,0.14359391,1
1503070737,18763185,3663.73,1.04696852,0
1503070737,18763184,3658.02,0.30000000,0
1503070736,18763180,3657.83,2.00000000,0
1503070736,18763178,3654.00,0.02475000,0
1503070735,18763177,3653.89,0.50000000,0
1503070735,18763176,3653.89,0.77325022,1
1503070735,18763174,3653.88,0.01000000,1
1503070734,18763173,3649.90,0.50000000,0
1503070734,18763171,3649.89,0.50000000,0
1503070734,18763170,3649.88,0.07000000,1
1503070733,18763169,3649.00,0.10824987,0
1503070733,18763168,3648.87,0.36730100,1
1503070731,18763165,3648.87,0.07458110,0
1503070690,18763143,3649.00,0.02978028,0
1503070688,18763142,3648.99,0.03308908,0
1503070686,18763138,3636.82,0.07458110,1
1503070677,18763137,3636.80,0.02247611,1
1503070677,18763136,3643.05,0.00323193,1
1503070676,18763134,3641.23,0.00176807,0
1503070667,18763125,3641.23,0.02500000,0
1503070554,18763050,3641.23,0.00039782,0
1503070554,18763049,3639.69,0.05960218,0
1503070514,18763026,3629.04,0.00159963,1
1503070512,18763021,3639.69,0.07808064,0
1503070512,18763019,3639.65,0.00319925,1
1503070510,18763016,3639.65,0.04478631,0
1503070510,18763013,3639.65,0.02521369,0
1503070506,18763007,3629.03,0.00639850,1
1503070502,18763001,3629.02,0.01279701,1
1503070500,18762999,3629.04,0.02559401,1
1503070493,18762990,3629.00,0.11348578,1
1503070493,18762989,3629.06,0.00881196,1
1503070484,18762973,3639.54,0.12184842,1
1503070484,18762972,3639.54,0.07000000,0
1503070466,18762958,3639.56,0.24500000,0
1503070447,18762948,3620.00,1.50051476,0
1503070442,18762944,3620.00,0.35000000,0
1503070438,18762941,3620.00,0.14948524,0
1503070438,18762940,3620.00,1.85051476,0
1503070426,18762936,3620.00,0.55500000,0
1503070425,18762935,3620.00,0.00900703,0
1503070417,18762931,3620.00,1.03500000,0
1503070408,18762885,3620.00,0.01000000,0
1503070408,18762884,3619.99,0.09000000,0
1503070399,18762876,3620.00,0.18371823,0
1503070399,18762875,3620.00,0.00500000,0
1503070399,18762874,3619.99,0.10000000,0
1503070390,18762863,3620.00,0.10500000,0
1503070382,18762856,3620.00,0.10428960,0
1503070381,18762855,3619.99,0.09500000,0
1503070380,18762854,3619.99,0.01500000,0
1503070371,18762850,3619.99,0.10000000,0
1503070365,18762848,3619.99,0.01434973,0
1503070362,18762845,3619.99,0.10000000,0
1503070353,18762843,3619.99,0.00500000,0
1503070344,18762838,3620.00,0.06505392,0
1503070344,18762837,3619.99,0.07494608,0
1503070341,18762835,3619.99,0.01762392,0
1503070337,18762834,3619.99,0.06743000,1
1503070336,18762833,3620.00,1.00000000,0
1503070335,18762832,3620.00,0.10000000,0
1503070335,18762831,3619.99,0.14000000,0
1503070326,18762828,3619.99,0.02000000,0
1503070317,18762825,3620.00,0.23500000,0
1503070317,18762824,3619.99,0.18000000,0
1503070309,18762817,3620.00,1.00000000,0
1503070308,18762815,3620.00,0.25000000,0
1503070299,18762811,3620.00,0.18500000,0
1503070289,18762808,3620.00,0.16272933,0
1503070284,18762804,3620.00,0.41000000,0
1503070239,18762760,3619.99,0.02630500,0
1503070214,18762742,3619.99,0.02500000,0
1503070209,18762736,3619.99,0.06337586,0
1503070187,18762731,3619.99,0.02511609,0
1503070186,18762729,3619.99,0.06884600,0
1503070177,18762726,3620.00,1.23359500,0
1503070177,18762725,3619.99,0.17000000,0
1503070156,18762713,3619.99,0.01157453,0
1503070151,18762711,3620.00,0.35276643,0
1503070150,18762710,3619.99,0.18933439,0
1503070146,18762709,3619.99,0.02066561,0
1503070139,18762706,3620.00,0.02066000,0
1503070136,18762701,3620.00,0.80766570,0
1503070136,18762700,3619.99,0.21000000,0
1503070100,18762674,3619.99,0.00770824,0
1503070100,18762673,3619.99,0.04476010,0
1503070079,18762650,3619.99,0.01005075,0
1503070072,18762647,3619.98,0.05151350,0
1503070064,18762604,3619.98,0.11003799,0
1503070046,18762586,3619.99,0.04064156,0
1503070042,18762585,3619.99,0.12000000,0
1503070030,18762582,3619.99,0.01000000,0
1503070022,18762576,3619.99,0.10000000,0
1503070019,18762575,3619.99,0.08259681,0
1503070012,18762570,3615.00,0.08278875,1
1503070010,18762569,3615.21,0.03524783,1
1503070006,18762567,3620.00,0.30000000,0
1503070003,18762566,3620.00,0.02000000,0
1503069965,18762543,3616.79,0.00440360,1
1503069907,18762510,3628.67,0.32987568,0
1503069827,18762438,3632.66,0.11144438,0
1503069826,18762433,3632.69,0.02159648,0
1503069826,18762430,3632.69,0.15560004,0
1503069826,18762427,3632.69,0.14041157,0
1503069826,18762425,3632.69,0.06000000,0
1503069826,18762421,3632.69,0.18042110,0
1503069825,18762415,3632.69,0.12957890,0
1503069814,18762331,3632.71,0.49694594,0
1503069814,18762328,3632.71,0.23847389,0
1503069813,18762326,3632.71,0.49687011,0
1503069777,18762297,3632.89,0.10000000,0
1503069762,18762258,3632.98,5.02326523,0
1503069761,18762256,3632.97,0.90925239,0
1503069716,18762083,3643.26,0.02302314,0
1503069716,18762081,3631.87,0.25071526,0
1503069701,18762063,3643.29,0.02464230,0
1503069701,18762062,3642.36,0.01264280,0
1503069698,18762061,3620.00,0.01156996,0
1503069696,18762060,3620.00,0.10000000,0
1503069694,18762058,3620.00,0.13124046,0
1503069693,18762056,3620.00,0.09492319,0
1503069691,18762052,3619.99,0.35000000,0
1503069689,18762050,3620.00,0.12500000,0
1503069682,18762039,3620.00,0.11699108,0
1503069682,18762038,3620.00,0.01788451,0
1503069680,18762036,3620.00,0.16500000,0
1503069679,18762035,3620.00,0.32662295,0
1503069677,18762034,3620.00,0.02752712,0
1503069677,18762032,3620.00,2.10802007,0
1503069673,18762020,3620.00,0.47157960,0
1503069670,18762014,3620.04,0.02006716,1
1503069670,18762013,3620.11,0.05500000,1
1503069670,18762012,3623.81,0.06804080,1
1503069670,18762011,3623.82,0.23000000,1
1503069670,18762010,3630.00,0.05495867,1
1503069670,18762009,3630.00,0.10004683,1
1503069670,18762008,3631.73,2.74800164,1
1503069669,18762007,3631.85,0.79000000,1
1503069669,18762006,3631.86,0.37514468,1
1503069667,18762003,3646.19,0.02516867,1
1503069664,18762000,3646.25,0.01216800,0
1503069659,18761997,3646.27,0.00410282,0
1503069610,18761945,3631.74,0.36136000,1
1503069610,18761944,3631.81,0.10000000,1
1503069596,18761942,3648.10,0.12304394,0
1503069577,18761927,3641.81,0.02121088,1
1503069575,18761925,3640.00,0.11878691,0
1503069569,18761921,3631.91,0.02602098,1
1503069556,18761907,3640.00,0.27106043,0
1503069555,18761903,3639.99,0.14000000,0
1503069534,18761893,3631.87,0.08228697,1
1503069520,18761891,3639.99,0.03073692,0
1503069511,18761877,3639.99,0.15000000,0
1503069480,18761845,3639.99,0.13701960,0
1503069449,18761837,3640.00,0.86231596,0
1503069449,18761836,3639.99,0.16177745,0
1503069442,18761832,3639.99,0.00822255,0
1503069422,18761817,3639.99,0.19000000,0
1503069383,18761800,3639.99,0.06609000,1
1503069380,18761764,3639.99,0.21000000,0
1503069371,18761762,3639.99,0.02000000,0
1503069367,18761758,3639.99,0.20500000,0
1503069358,18761748,3639.99,0.12500000,0
1503069330,18761732,3639.99,0.27000000,0
1503069315,18761719,3639.97,0.18000000,0
1503069291,18761700,3639.96,0.00500000,0
1503069283,18761696,3639.96,0.01000000,0
1503069283,18761695,3639.96,0.10000000,0
1503069268,18761683,3640.00,0.05500000,0
1503069263,18761682,3640.00,1.19534026,0
1503069262,18761681,3614.98,1.80899521,1
1503069262,18761680,3614.99,0.51061240,1
1503069262,18761679,3620.00,0.83840822,1
1503069262,18761678,3620.00,0.19288398,1
1503069262,18761677,3620.05,0.02674797,1
1503069261,18761676,3621.00,0.20000000,1
1503069261,18761675,3621.04,0.19000000,1
1503069261,18761674,3621.07,2.00000000,1
1503069261,18761673,3628.70,0.00604487,1
1503069261,18761672,3628.71,0.72000000,1
1503069261,18761671,3633.00,0.77000000,1
1503069261,18761670,3633.78,0.26817468,1
1503069260,18761669,3635.00,0.55022283,1
1503069260,18761668,3635.05,0.14291928,1
1503069260,18761667,3640.00,0.01000000,0
1503069259,18761666,3640.00,0.11500000,0
1503069258,18761665,3640.00,0.21106043,0
1503069257,18761664,3639.99,0.20000000,0
1503069250,18761661,3639.99,0.08000000,0
1503069237,18761656,3640.00,0.02000000,0
1503069163,18761597,3645.00,0.00485336,1
1503069127,18761559,3648.76,0.05500000,0
1503069072,18761484,3646.97,0.07024232,1
1503069069,18761480,3645.15,0.00475509,0
1503069060,18761469,3645.15,0.07000000,0
1503069040,18761441,3645.00,0.15000000,1
1503069038,18761436,3645.00,1.44981889,1
1503069036,18761419,3645.00,1.44837442,1
1503069034,18761401,3645.00,1.44692565,1
1503069032,18761399,3635.05,0.00234700,1
1503069029,18761393,3635.05,0.00469401,1
1503069025,18761386,3635.05,0.00938801,1
1503069022,18761379,3635.05,0.01877603,1
1503069018,18761374,3635.05,0.03755205,1
1503069015,18761371,3635.05,0.00144121,1
1503069013,18761367,3635.05,0.00288241,1
1503069012,18761365,3645.29,0.02517495,0
1503068999,18761340,3635.01,0.02608610,1
1503068949,18761307,3645.58,0.06840612,0
1503068922,18761291,3645.66,0.05500000,0
1503068890,18761280,3645.82,0.02517129,0
1503068885,18761272,3633.78,0.23182532,1
1503068884,18761271,3634.89,0.02755517,1
1503068883,18761269,3634.89,0.08232711,1
1503068881,18761268,3635.00,0.07829240,1
1503068859,18761250,3645.92,0.03887900,1
1503068843,18761238,3635.00,0.91379473,1
1503068842,18761236,3635.01,0.02810104,1
1503068837,18761225,3635.01,0.94189896,1
1503068831,18761220,3635.01,0.94189896,1
1503068821,18761204,3635.01,0.02744171,1
1503068818,18761196,3635.01,0.09993004,1
1503068786,18761179,3635.00,0.02800000,1
1503068778,18761173,3640.00,0.02625725,0
1503068726,18761138,3640.00,0.07164159,0
1503068716,18761128,3640.00,0.02192307,0
1503068715,18761127,3639.99,0.27000000,0
1503068707,18761122,3633.80,0.02740371,1
1503068705,18761118,3640.00,0.90740510,0
1503068705,18761116,3640.00,1.37000000,1
1503068704,18761115,3640.00,0.00017491,1
1503068704,18761114,3640.00,0.13785524,1
1503068704,18761113,3640.00,0.03000000,1
1503068704,18761112,3640.02,0.04454766,1
1503068703,18761111,3640.15,1.05000000,1
1503068703,18761109,3640.19,0.72500000,1
1503068703,18761107,3649.98,0.08234458,1
1503068676,18761077,3649.98,0.04895925,1
1503068659,18761075,3649.96,0.00546581,0
1503068652,18761071,3649.96,0.10331200,0
1503068652,18761069,3649.95,0.49668800,0
1503068642,18761059,3640.03,0.02740379,1
1503068631,18761056,3649.99,0.11299925,0
1503068631,18761055,3649.99,0.03907475,0
1503068631,18761054,3649.97,0.00000500,0
1503068631,18761052,3649.97,0.04999500,0
1503068630,18761049,3649.97,0.10387700,0
1503068625,18761044,3640.03,0.10000000,1
1503068622,18761033,3649.97,0.01718600,0
1503068621,18761030,3649.97,0.04893700,1
1503068620,18761028,3649.99,0.10500231,0
1503068613,18761022,3649.98,0.16163372,0
1503068613,18761021,3649.97,0.01719100,0
1503068611,18761018,3649.97,0.05280900,0
1503068609,18761013,3640.05,0.99900000,1
1503068581,18760990,3649.99,0.23797451,0
1503068579,18760976,3649.98,0.09000000,0
1503068565,18760957,3649.99,0.97298348,0
1503068565,18760956,3649.98,0.12000000,0
1503068563,18760952,3649.00,0.00017491,0
1503068550,18760935,3649.00,0.13785524,0
1503068542,18760931,3640.02,0.02740386,1
1503068491,18760903,3640.02,0.02013924,1
1503068474,18760891,3649.99,0.03571242,0
1503068472,18760887,3649.98,0.09000000,0
1503068463,18760877,3640.02,0.00406256,1
1503068463,18760876,3640.03,0.00911664,1
1503068460,18760874,3640.03,0.01326030,1
1503068453,18760864,3649.98,0.01000000,0
1503068445,18760856,3649.98,0.01500000,0
1503068437,18760847,3649.99,0.01500000,0
1503068427,18760835,3649.98,0.08500000,0
1503068416,18760832,3649.98,0.01500000,0
1503068356,18760758,3640.01,0.02743491,1
1503068353,18760751,3649.98,0.06285514,0
1503068336,18760733,3649.98,0.01098088,0
1503068327,18760720,3640.01,0.00012806,1
1503068326,18760719,3644.99,0.08536984,1
1503068315,18760717,3644.99,0.02743491,1
1503068311,18760711,3644.99,0.02743491,1
1503068308,18760708,3644.99,0.02743491,1
1503068293,18760687,3649.99,0.43397618,0
1503068293,18760685,3649.98,0.14000000,0
1503068293,18760684,3649.89,0.41464931,0
1503068293,18760683,3649.88,0.03000000,0
1503068289,18760681,3649.89,0.06285669,0
1503068219,18760652,3660.37,0.07350975,0
1503068218,18760651,3660.37,1.42505428,1
1503068218,18760650,3660.36,0.67738500,1
1503068218,18760649,3660.36,6.30000000,1
1503068217,18760648,3660.36,0.50803900,1
1503068217,18760647,3653.98,1.51088568,0
1503068217,18760646,3653.98,0.07640159,0
1503068216,18760645,3653.92,0.03000000,0
1503068216,18760644,3653.92,0.16000000,0
1503068216,18760643,3650.00,0.23872470,0
1503068205,18760641,3653.93,0.02729937,0
1503068191,18760635,3651.80,0.04999850,1
1503068182,18760634,3644.99,0.02736657,1
1503068182,18760633,3653.98,0.17970583,0
1503068182,18760632,3653.97,0.18000000,0
1503068181,18760631,3650.00,0.10000000,0
1503068181,18760630,3649.99,0.04000000,0
1503068181,18760629,3649.98,0.52368800,0
1503068171,18760624,3644.98,0.00544500,0
1503068170,18760622,3644.98,0.12588546,0
1503068169,18760620,3644.96,0.01000000,0
1503068168,18760618,3644.98,0.06866954,0
1503068168,18760617,3644.97,0.04000000,0
1503068151,18760610,3644.99,0.00025240,0
1503068151,18760609,3644.98,0.04000000,0
1503068151,18760608,3644.98,0.05000000,0
1503068142,18760605,3644.99,0.06125394,0
1503068140,18760604,3644.98,0.04000000,0
1503068048,18760560,3645.00,0.03621455,0
1503068045,18760555,3645.00,0.01416913,0
1503067971,18760345,3630.07,0.40000000,1
1503067971,18760344,3648.54,0.00233696,1
1503067970,18760341,3653.98,1.51194331,1
1503067966,18760318,3653.98,0.05801740,1
1503067964,18760316,3653.98,0.19932766,1
1503067959,18760313,3653.98,1.55841561,1
1503067958,18760309,3660.42,1.71795533,0
1503067957,18760307,3653.99,0.53419043,0
1503067957,18760306,3653.99,0.47472912,0
1503067950,18760300,3653.98,1.00000000,1
1503067946,18760298,3653.99,0.53456437,1
1503067939,18760288,3653.99,0.47543563,1
1503067933,18760276,3653.99,0.47543563,1
1503067923,18760271,3653.99,0.01000000,1
1503067915,18760268,3661.22,2.79582762,0
1503067915,18760267,3661.22,0.65364347,0
1503067914,18760266,3660.82,0.15555555,0
1503067914,18760264,3660.82,0.15555555,0
1503067913,18760263,3657.89,0.11467541,0
1503067913,18760262,3657.86,2.00000000,0
1503067912,18760261,3654.00,0.69059938,0
1503067910,18760259,3653.99,0.90488527,0
1503067910,18760258,3653.94,0.03000000,0
1503067910,18760257,3653.94,0.16000000,0
1503067849,18760225,3653.98,0.00090071,0
1503067849,18760223,3652.36,0.00909929,0
1503067835,18760216,3652.36,0.07500000,0
1503067825,18760202,3652.36,0.01291872,0
1503067783,18760175,3648.54,0.02500000,1
1503067769,18760166,3636.02,0.02736409,1
1503067751,18760157,3654.38,0.07503934,1
1503067749,18760155,3646.55,0.17919615,0
1503067726,18760140,3645.31,0.00312045,1
1503067724,18760124,3645.31,0.08000000,1
1503067716,18760100,3657.89,0.88532459,0
1503067715,18760099,3654.49,1.01948668,0
1503067715,18760098,3654.48,1.70000000,0
1503067715,18760097,3651.49,1.54654608,0
1503067714,18760096,3650.62,0.01814920,0
1503067714,18760095,3650.00,0.10000000,0
1503067714,18760094,3650.00,0.02800000,0
1503067714,18760093,3649.97,2.00000000,0
1503067714,18760092,3649.55,0.09993413,0
1503067713,18760091,3649.54,0.01000000,1
1503067713,18760090,3646.76,0.35484386,0
1503067713,18760089,3643.49,0.37407741,0
1503067712,18760088,3643.49,0.07000000,0
1503067711,18760086,3643.48,0.06000000,0
1503067703,18760083,3643.49,0.02326841,0
1503067703,18760082,3643.49,0.01311206,0
1503067703,18760081,3643.48,0.07000000,0
1503067703,18760079,3642.00,0.07361953,0
1503067694,18760076,3642.00,0.28500000,0
1503067685,18760073,3642.00,0.21500000,0
1503067685,18760072,3641.99,0.07000000,0
1503067677,18760071,3642.00,0.00389900,0
1503067677,18760069,3641.99,0.08000000,0
1503067669,18760064,3641.99,0.01000000,0
1503067665,18760061,3641.99,0.00269087,0
1503067665,18760060,3632.40,0.06683720,0
1503067661,18760059,3632.40,0.09000000,0
1503067661,18760058,3632.40,0.04277826,0
1503067652,18760039,3632.40,0.02500000,0
1503067652,18760038,3632.39,0.09000000,0
1503067643,18760035,3632.40,0.18000000,0
1503067642,18760034,3632.40,0.05959145,0
1503067635,18760032,3632.40,0.01000000,0
1503067634,18760031,3632.39,0.10000000,0
1503067625,18760024,3632.39,0.02500000,0
1503067606,18759993,3632.39,0.02367793,0
1503067606,18759991,3632.39,0.00132207,0
1503067597,18759984,3632.39,0.06000000,0
1503067588,18759958,3632.38,0.01500000,0
1503067579,18759956,3632.38,0.11500000,0
1503067570,18759946,3632.38,0.10000000,0
1503067568,18759943,3620.25,1.00000000,1
1503067549,18759932,3620.22,0.02746142,1
1503067543,18759930,3632.39,0.67258000,0
1503067541,18759929,3632.39,0.10500000,0
1503067541,18759928,3632.38,0.14000000,0
1503067539,18759927,3620.17,0.01672960,1
1503067536,18759926,3620.16,0.99412216,1
1503067535,18759925,3620.20,6.00000000,0
1503067535,18759924,3620.20,0.10000000,1
1503067535,18759923,3620.20,0.90587784,1
1503067532,18759922,3632.39,0.04601620,0
1503067532,18759921,3632.39,0.00898380,0
1503067523,18759918,3632.39,0.02263600,0
1503067522,18759917,3632.39,0.01430830,0
1503067514,18759914,3632.39,0.01526435,0
1503067514,18759913,3632.39,0.17473565,0
1503067511,18759909,3632.39,0.02526435,0
1503067508,18759906,3632.40,0.20839665,0
1503067506,18759904,3632.39,0.15272000,0
1503067505,18759902,3632.39,0.00728000,0
1503067500,18759900,3617.58,0.01489060,1
1503067499,18759898,3632.40,0.13730591,0
1503067497,18759897,3632.40,0.02984620,0
1503067494,18759895,3632.39,0.18000000,0
1503067486,18759892,3632.40,0.18000000,0
1503067485,18759891,3632.39,0.02000000,0
1503067476,18759887,3632.39,0.18000000,0
1503067468,18759883,3632.38,0.03000000,0
1503067461,18759882,3632.38,0.03021437,0
1503067459,18759879,3632.40,0.00241003,0
1503067459,18759878,3632.37,0.00182386,0
1503067459,18759875,3632.37,0.11000000,0
1503067450,18759871,3632.37,0.10500000,0
1503067440,18759868,3632.37,0.02500000,0
1503067426,18759855,3631.46,0.09999835,1
1503067418,18759849,3629.65,0.10000000,0
1503067408,18759844,3629.65,0.01445024,0
1503067407,18759843,3629.57,0.00554976,0
1503067398,18759830,3629.59,0.52000000,0
1503067389,18759820,3629.67,0.04000000,0
1503067375,18759812,3629.77,0.18500000,0
1503067366,18759810,3629.86,0.24000000,0
1503067357,18759806,3629.93,0.34500000,0
1503067345,18759803,3631.51,0.02000000,0
1503067340,18759799,3611.86,0.41176099,1
1503067333,18759789,3631.57,0.99385802,0
1503067328,18759784,3631.62,0.06317291,0
1503067326,18759777,3631.62,0.01127733,0
1503067323,18759776,3631.63,0.01000000,0
1503067320,18759772,3610.01,0.38479286,0
1503067318,18759770,3610.01,0.17500000,0
1503067317,18759769,3610.01,3.45395996,0
1503067313,18759764,3610.00,0.01457295,0
1503067309,18759762,3610.00,0.12000000,0
1503067306,18759760,3610.00,0.04826384,0
1503067301,18759757,3610.01,0.03100000,0
1503067300,18759755,3610.01,0.12000000,0
1503067297,18759753,3610.01,0.35054700,0
1503067296,18759752,3610.00,0.12000000,0
1503067290,18759746,3610.00,0.14000000,0
1503067288,18759745,3610.01,0.27631502,0
1503067287,18759744,3610.01,0.09008008,0
1503067287,18759743,3610.01,0.55840102,0
1503067287,18759742,3610.00,0.13319815,0
1503067281,18759738,3610.00,0.15000000,0
1503067275,18759722,3610.00,0.01680185,0
1503067272,18759707,3610.00,0.21169966,0
1503067272,18759706,3610.00,0.06000000,0
1503067261,18759701,3610.01,1.53000000,0
1503067261,18759699,3600.00,1.37048570,1
1503067260,18759698,3600.00,0.50000000,1
1503067260,18759697,3600.00,0.13870000,1
1503067260,18759696,3600.00,0.10000000,1
1503067260,18759695,3600.00,0.07500000,1
1503067260,18759694,3600.00,0.04360869,1
1503067260,18759693,3604.56,0.01242641,1
1503067260,18759692,3605.00,0.11200000,1
1503067259,18759691,3610.00,0.17259972,0
1503067258,18759688,3610.00,7.47517948,1
1503067255,18759682,3610.01,0.53189800,0
1503067254,18759681,3610.01,0.05132770,0
1503067252,18759678,3610.01,0.04985513,0
1503067251,18759676,3610.01,0.17500000,0
1503067248,18759671,3610.00,0.32000000,1
1503067245,18759664,3610.01,0.27832818,0
1503067242,18759662,3610.01,0.63000000,0
1503067240,18759653,3610.00,0.36000000,0
1503067234,18759645,3610.01,0.56958065,0
1503067230,18759642,3610.01,0.14339305,0
1503067230,18759641,3610.01,0.12731922,0
1503067228,18759637,3610.01,0.32320213,0
1503067227,18759636,3610.01,0.15000000,0
1503067226,18759632,3600.00,1.15639131,1
1503067226,18759630,3600.00,0.00300000,1
1503067226,18759629,3600.00,0.05000000,1
1503067226,18759628,3600.00,0.25000000,1
1503067226,18759627,3600.00,1.00000000,1
1503067226,18759626,3600.00,0.91060869,1
1503067226,18759625,3602.06,2.00000000,1
1503067225,18759624,3632.06,0.06240000,0
1503067224,18759623,3600.00,0.54939131,1
1503067224,18759622,3600.00,0.01000000,1
1503067224,18759621,3600.00,0.10000000,1
1503067224,18759620,3600.00,0.20000000,1
1503067224,18759619,3600.00,0.02800000,1
1503067224,18759618,3600.00,0.11000000,1
1503067224,18759617,3600.00,0.04300000,1
1503067224,18759616,3600.00,0.01500000,1
1503067224,18759615,3600.00,0.01000000,1
1503067223,18759614,3600.00,0.96115283,1
1503067223,18759613,3600.00,0.34646942,1
1503067223,18759612,3600.00,0.10000000,1
1503067223,18759611,3600.00,0.16355555,1
1503067223,18759610,3600.01,0.14844958,1
1503067223,18759609,3600.01,0.00208300,1
1503067223,18759608,3600.01,0.01219274,0
1503067222,18759607,3600.02,0.05410267,1
1503067222,18759604,3601.00,1.00000000,1
1503067222,18759601,3602.06,2.00000000,0
1503067222,18759600,3602.10,0.10000000,1
1503067221,18759599,3605.00,0.69059938,1
1503067221,18759597,3610.55,2.01948668,1
1503067221,18759595,3610.62,0.23000000,1
1503067221,18759593,3615.00,0.05000000,1
1503067220,18759592,3615.03,0.79000000,1
1503067220,18759591,3615.04,0.15000000,1
1503067220,18759589,3615.06,0.01651684,1
1503067218,18759587,3615.07,0.10000000,1
1503067196,18759568,3632.20,0.07179800,0
1503067196,18759567,3632.19,0.26820200,0
1503067173,18759551,3632.39,0.39952054,0
1503067172,18759550,3632.38,0.47500000,0
1503067165,18759540,3641.16,0.12281094,0
1503067165,18759537,3641.15,0.02743491,0
1503067104,18759472,3641.59,0.29500000,0
1503067100,18759467,3641.60,0.05578200,0
1503067070,18759435,3624.60,0.01874290,0
1503067066,18759432,3634.39,0.00000065,1
1503067065,18759431,3634.39,0.04999935,1
1503067065,18759429,3641.81,0.01488270,0
1503067063,18759427,3632.57,0.04000000,0
1503067056,18759405,3632.57,0.01000000,0
1503067047,18759402,3632.58,0.03956780,0
1503067047,18759401,3632.57,0.01043220,0
1503067034,18759386,3630.07,0.01126700,0
1503067028,18759382,3630.07,0.02747880,0
1503067026,18759376,3630.07,0.25555430,0
1503067023,18759368,3616.82,0.10754643,0
1503067022,18759367,3616.82,0.10000000,0
1503067012,18759347,3616.82,0.07000000,0
1503067011,18759346,3619.62,0.46548474,0
1503067010,18759345,3620.00,0.15925488,1
1503067006,18759342,3620.00,0.31574512,0
1503067005,18759341,3620.00,0.16975443,0
1503067004,18759339,3619.99,0.01000000,0
1503067003,18759338,3619.99,0.24000000,0
1503067002,18759336,3600.02,0.04589733,1
1503067002,18759335,3600.10,0.02000000,1
1503067002,18759334,3600.34,0.00708845,1
1503067001,18759333,3600.34,0.01591155,1
1503067001,18759332,3600.34,2.00000000,0
1503067001,18759331,3600.34,0.25466290,0
1503067001,18759329,3600.62,0.10000000,1
1503067001,18759328,3600.68,0.01000000,1
1503067001,18759327,3600.68,0.20257861,0
1503067000,18759326,3601.00,1.71059449,1
1503067000,18759324,3601.01,0.11820139,1
1503067000,18759323,3601.08,0.15000000,1
1503066999,18759322,3602.00,0.46734582,1
1503066999,18759321,3602.00,0.26000000,0
1503066998,18759320,3602.04,2.00000000,1
1503066998,18759319,3602.04,0.83000000,0
1503066998,18759318,3602.05,0.90212073,0
1503066998,18759317,3616.83,0.01379108,0
1503066996,18759314,3616.83,0.06666070,0
1503066996,18759313,3616.83,0.82514695,1
1503066995,18759307,3612.12,0.13098164,0
1503066995,18759306,3609.40,1.12868314,0
1503066995,18759304,3604.42,0.00518827,0
1503066995,18759303,3604.42,0.05000344,0
1503066995,18759302,3604.42,0.12528451,0
1503066992,18759299,3602.00,0.01311206,1
1503066992,18759298,3602.00,1.54654608,1
1503066992,18759297,3602.00,0.05000000,1
1503066991,18759296,3602.00,0.57751805,1
1503066991,18759294,3602.18,0.55550000,1
1503066991,18759293,3602.74,2.60256916,1
1503066991,18759291,3603.23,0.01736755,0
1503066990,18759289,3603.27,1.18021408,1
1503066990,18759287,3605.00,0.09292926,1
1503066990,18759286,3605.00,0.01000000,1
1503066990,18759285,3605.00,0.13690000,1
1503066990,18759284,3607.50,0.34182382,1
1503066989,18759283,3607.50,0.10000000,0
1503066989,18759282,3607.50,0.02578280,0
1503066989,18759281,3608.35,0.10000000,1
1503066989,18759280,3610.00,0.20000000,1
1503066989,18759279,3610.00,0.07000000,1
1503066989,18759278,3610.00,0.00200000,1
1503066988,18759276,3610.00,0.01000000,1
1503066988,18759275,3610.00,0.10000000,1
1503066988,18759274,3611.00,2.00000000,1
1503066988,18759273,3613.06,0.03084920,1
1503066988,18759272,3615.00,0.10000000,1
1503066986,18759269,3615.02,0.15000000,1
1503066985,18759268,3620.00,0.23000000,0
1503066985,18759267,3619.99,0.27000000,0
1503066981,18759261,3620.00,0.24450045,0
1503066976,18759254,3620.00,0.04000000,0
1503066970,18759246,3634.05,0.25016307,1
1503066970,18759245,3634.02,0.06000000,0
1503066970,18759242,3632.23,0.02522956,1
1503066968,18759235,3630.11,0.31000000,0
1503066925,18759144,3634.04,0.05765741,0
1503066925,18759142,3634.04,0.05220379,0
1503066921,18759132,3620.00,0.01590856,0
1503066915,18759121,3620.00,0.10000000,1
1503066915,18759120,3620.00,0.02755524,1
1503066914,18759119,3620.00,0.09270993,1
1503066914,18759118,3620.00,0.17000000,1
1503066914,18759117,3620.00,0.07987243,1
1503066914,18759116,3620.02,0.15000000,1
1503066914,18759115,3620.03,0.01404973,1
1503066908,18759108,3629.59,0.25558598,0
1503066907,18759107,3629.62,0.25558598,0
1503066889,18759096,3629.68,0.02198541,0
1503066862,18759040,3629.72,0.13701906,0
1503066862,18759039,3629.71,0.08106922,0
1503066848,18759005,3629.72,0.07772677,0
1503066839,18758993,3629.79,0.27453750,0
1503066823,18758978,3620.00,0.01685654,1
1503066822,18758970,3620.00,0.80327103,1
1503066822,18758968,3620.00,0.05000000,1
1503066821,18758966,3620.00,0.02800000,1
1503066821,18758965,3620.10,0.10000000,1
1503066821,18758964,3620.11,0.01872897,1
1503066784,18758911,3630.04,0.06536179,0
1503066778,18758902,3629.59,0.00604614,1
1503066752,18758866,3630.11,0.16443400,0
1503066747,18758863,3626.12,0.00003491,0
1503066747,18758862,3620.18,0.02329389,0
1503066719,18758817,3626.19,0.07038924,0
1503066716,18758813,3626.22,0.35445766,0
1503066715,18758811,3626.22,0.30485531,0
1503066711,18758802,3626.22,0.57127489,0
1503066710,18758799,3626.22,0.11597500,0
1503066691,18758728,3630.25,0.00165278,1
1503066689,18758716,3630.25,2.22046697,0
1503066689,18758714,3630.22,1.89432143,1
1503066689,18758713,3630.22,0.10567857,0
1503066688,18758712,3630.25,0.01003819,0
1503066687,18758710,3627.00,0.00685587,0
1503066685,18758706,3627.00,0.13000000,1
1503066685,18758705,3627.01,0.80000000,1
1503066685,18758704,3627.02,0.02314413,1
1503066681,18758688,3630.28,0.10799945,0
1503066677,18758679,3628.55,1.00000000,1
1503066673,18758666,3630.28,0.02588211,1
1503066663,18758654,3634.72,0.45414653,0
1503066659,18758650,3634.72,0.27729520,0
1503066659,18758648,3634.71,0.19000000,0
1503066646,18758615,3630.28,0.00494087,1
1503066626,18758574,3643.00,0.13690640,0
1503066589,18758480,3640.00,0.01520639,1
1503066571,18758450,3630.26,0.02743491,1
1503066533,18758399,3644.99,0.13231434,0
1503066513,18758370,3644.99,0.55000000,1
1503066509,18758365,3644.99,0.04000000,1
1503066509,18758364,3644.99,0.20000000,1
1503066498,18758340,3644.99,0.21000000,0
1503066447,18758299,3651.06,0.17532232,0
1503066427,18758284,3651.21,0.02513406,1
1503066414,18758257,3652.18,0.02731245,0
1503066413,18758253,3652.18,0.01752620,0
1503066413,18758252,3652.17,0.04000000,0
1503066397,18758240,3627.08,0.84845160,1
1503066393,18758235,3651.30,0.14813900,0
1503066391,18758233,3651.30,0.81705967,0
1503066391,18758232,3642.43,0.03024747,0
1503066391,18758231,3642.42,0.26000000,1
1503066390,18758229,3642.32,0.26000000,0
1503066370,18758208,3627.00,0.00968771,1
1503066368,18758205,3641.81,0.02599229,1
1503066368,18758204,3641.81,0.10000000,0
1503066350,18758158,3634.67,0.07994403,0
1503066350,18758157,3634.67,0.00754342,0
1503066349,18758155,3634.67,0.01729200,0
1503066335,18758144,3634.67,0.00548881,0
1503066305,18758094,3622.09,2.06434619,1
1503066304,18758092,3622.11,0.89452519,0
1503066304,18758090,3622.11,0.01287447,0
1503066303,18758088,3622.11,0.02825415,1
1503066281,18758073,3634.67,0.00915532,0
1503066280,18758072,3633.11,0.18132267,0
1503066280,18758071,3633.11,0.18132267,0
1503066273,18758061,3632.97,0.22000000,0
1503066273,18758060,3632.96,0.14010624,0
1503066272,18758059,3632.96,0.26657322,0
1503066272,18758058,3632.96,0.01572842,0
1503066267,18758045,3632.97,0.00411784,0
1503066264,18758018,3632.98,0.15000000,0
1503066219,18757955,3633.06,0.39000000,0
1503066203,18757938,3629.94,0.15584418,0
1503066195,18757926,3629.94,0.05259369,0
1503066190,18757916,3620.00,0.32776630,0
1503066189,18757913,3620.21,0.01653219,1
1503066189,18757911,3621.22,0.60218972,1
1503066188,18757909,3629.95,0.01132316,0
1503066185,18757905,3621.22,2.37369128,1
1503066185,18757903,3621.23,1.27869001,1
1503066185,18757902,3621.23,0.03963414,0
1503066184,18757899,3621.54,0.01753103,1
1503066184,18757897,3626.59,0.00412509,1
1503066184,18757896,3629.68,0.00200000,1
1503066183,18757894,3630.00,0.00400000,1
1503066183,18757892,3630.00,0.36800000,1
1503066183,18757891,3630.00,0.34886154,0
1503066182,18757890,3631.49,0.36417575,1
1503066180,18757886,3633.09,0.08246964,0
1503066177,18757882,3633.10,0.12621800,0
1503066177,18757880,3633.10,0.18000000,0
1503066173,18757875,3633.10,0.02406532,0
1503066165,18757863,3634.66,0.02901095,0
1503066156,18757845,3634.66,0.00289919,0
1503066154,18757843,3634.66,0.00579839,0
1503066153,18757842,3634.66,0.01159677,0
1503066147,18757800,3634.67,0.04046448,1
1503066147,18757799,3642.19,0.00339636,0
1503066147,18757798,3642.18,0.07681462,0
1503066144,18757789,3642.19,0.01396687,0
1503066143,18757781,3630.00,0.03953552,0
1503066143,18757779,3630.00,0.02319355,0
1503066142,18757777,3630.00,0.10000000,0
1503066142,18757775,3630.00,0.03000000,1
1503066142,18757774,3630.00,1.02537741,1
1503066142,18757772,3630.00,0.08375085,1
1503066141,18757769,3630.08,0.04638710,1
1503066140,18757758,3630.00,0.41624915,1
1503066140,18757755,3630.00,0.33000000,1
1503066140,18757753,3630.00,0.13700000,1
1503066139,18757751,3642.22,0.15871925,0
1503066139,18757742,3642.22,0.68645105,0
1503066138,18757739,3632.85,0.03661728,0
1503066138,18757736,3632.85,0.05628638,0
1503066137,18757727,3630.01,0.09290409,0
1503066136,18757719,3633.41,0.00012989,1
1503066135,18757715,3633.41,0.18554839,1
1503066130,18757686,3632.78,0.20885380,1
1503066127,18757672,3642.29,0.06298785,1
1503066125,18757669,3642.29,0.72500000,0
1503066116,18757660,3642.29,0.02611391,0
1503066110,18757649,3631.99,0.08989594,0
1503066104,18757637,3631.99,0.17898830,0
1503066101,18757631,3631.99,0.17325764,0
1503066101,18757630,3631.99,0.51000000,0
1503066101,18757628,3631.99,0.03064761,0
1503066101,18757627,3631.99,0.04301395,0
1503066096,18757623,3631.99,0.01474700,0
1503066095,18757622,3631.99,0.00756716,0
1503066092,18757614,3631.99,0.03000000,0
1503066090,18757608,3632.55,7.78602600,1
1503066090,18757607,3632.56,0.89072181,1
1503066090,18757606,3634.00,0.03000000,1
1503066090,18757605,3635.00,0.20000027,1
1503066090,18757604,3635.07,0.01513432,1
1503066083,18757600,3642.59,0.07475253,0
1503066083,18757598,3642.43,0.03024747,0
1503066077,18757588,3642.59,0.03026865,0
1503066067,18757572,3642.68,0.15047416,1
1503066066,18757565,3642.69,0.08993704,1
1503066065,18757563,3642.37,0.01000000,0
1503066063,18757557,3642.37,0.09000000,1
1503066055,18757544,3645.82,0.12741737,0
1503066055,18757543,3645.82,0.98178595,0
1503066054,18757542,3645.82,0.05429673,0
1503066054,18757541,3640.82,0.14624127,0
1503066052,18757536,3640.55,0.07064162,0
1503066050,18757526,3640.55,0.00500000,1
1503066043,18757507,3640.82,0.01377580,0
1503066041,18757503,3640.82,0.23863185,1
1503066039,18757499,3640.09,0.08136815,0
1503066038,18757495,3640.09,0.01856189,0
1503066038,18757493,3639.00,0.03006823,0
1503066038,18757492,3638.73,0.00318494,0
1503066037,18757487,3638.73,0.05181506,0
1503066036,18757486,3638.73,0.04500000,1
1503066034,18757479,3639.00,0.62000000,0
1503066032,18757474,3639.00,0.10363012,0
1503066032,18757470,3639.00,0.00809760,0
1503066031,18757463,3639.00,8.46813409,1
1503066031,18757461,3639.01,0.67000000,1
1503066031,18757458,3640.09,0.00006996,1
1503066031,18757457,3640.10,0.10000000,1
1503066031,18757454,3642.27,0.20726024,1
1503066026,18757422,3640.09,0.09993004,1
1503066026,18757414,3645.82,0.01344449,0
1503066025,18757404,3653.52,0.03519795,0
1503066025,18757398,3653.52,0.02730244,0
1503066024,18757393,3653.52,0.02688897,0
1503066021,18757375,3640.09,0.06259651,0
1503066021,18757373,3640.09,0.03738195,0
1503066019,18757366,3653.52,0.07476390,0
1503066019,18757364,3639.00,0.19900000,1
1503066017,18757355,3645.52,0.00544476,0
1503066017,18757354,3645.51,0.01572200,0
1503066016,18757352,3645.52,0.06397567,0
1503066016,18757351,3642.01,0.06915612,0
1503066015,18757349,3639.00,7.83912647,1
1503066015,18757348,3640.00,0.07000000,1
1503066015,18757347,3640.00,0.00664010,1
1503066015,18757346,3640.00,0.02500000,1
1503066015,18757345,3640.00,0.07000000,1
1503066015,18757344,3640.09,0.10000000,1
1503066014,18757343,3642.01,0.00004565,1
1503066008,18757315,3642.01,0.06920177,1
1503066005,18757300,3645.52,0.24998730,0
1503066000,18757286,3645.52,0.01695314,0
1503065996,18757261,3645.00,0.01807508,1
1503065996,18757255,3647.10,0.06000000,1
1503065992,18757234,3649.90,0.01537679,1
1503065992,18757232,3650.00,0.39125229,1
1503065992,18757229,3650.00,0.00500000,1
1503065991,18757227,3650.00,0.10746301,1
1503065991,18757226,3650.01,0.71700000,1
1503065985,18757217,3650.01,0.01300000,1
1503065978,18757202,3660.81,0.01688100,0
1503065977,18757196,3660.81,0.08459200,1
1503065976,18757194,3660.82,0.15566445,1
1503065973,18757189,3660.85,0.10546355,0
1503065973,18757185,3660.82,0.21566945,0
1503065972,18757182,3660.82,0.07433055,0
1503065972,18757180,3660.81,0.06000000,0
1503065960,18757170,3660.82,0.03518900,0
1503065938,18757150,3660.84,0.03519100,0
1503065933,18757144,3650.00,0.46498998,1
1503065926,18757119,3650.56,0.00982700,0
1503065913,18757104,3660.00,0.00500000,1
1503065889,18757088,3660.85,0.01770900,0
1503065813,18756974,3666.98,0.04249818,0
1503065813,18756973,3666.96,0.02630800,0
1503065812,18756964,3666.95,0.04000000,0
1503065754,18756897,3666.99,0.24540290,0
1503065752,18756894,3666.98,0.02661800,0
1503065747,18756893,3666.99,0.01600000,0
1503065747,18756892,3666.98,0.22000000,0
1503065747,18756891,3666.97,0.04000000,0
1503065744,18756890,3660.00,0.12092346,0
1503065742,18756887,3660.00,0.01752662,0
1503065742,18756886,3660.00,0.02335316,0
1503065735,18756883,3660.00,0.11500000,0
1503065727,18756874,3660.00,0.00009692,1
1503065722,18756867,3660.00,0.13345008,1
1503065721,18756865,3666.00,0.00500000,1
1503065706,18756796,3666.90,0.02500000,0
1503065673,18756759,3666.95,0.34608601,0
1503065666,18756748,3666.95,0.23226954,0
1503065663,18756745,3650.00,0.42754701,1
1503065663,18756744,3650.01,0.18000000,1
1503065662,18756743,3650.25,0.05000000,1
1503065662,18756742,3651.00,0.12907000,1
1503065662,18756741,3651.09,0.05000000,1
1503065662,18756740,3655.00,0.25000000,1
1503065661,18756739,3655.02,0.27291000,1
1503065661,18756738,3655.02,0.25517781,0
1503065661,18756736,3655.04,0.69000000,1
1503065661,18756735,3660.00,0.96453155,1
1503065659,18756734,3661.00,0.01328400,1
1503065638,18756716,3666.98,0.00300000,1
1503065625,18756709,3666.99,0.33756891,0
1503065625,18756708,3666.99,0.21176259,0
1503065625,18756707,3666.98,0.00012517,0
1503065625,18756706,3666.98,0.12987483,0
1503065624,18756700,3666.99,0.77416303,0
1503065623,18756696,3666.99,0.41409271,0
1503065623,18756694,3666.99,0.09974268,0
1503065623,18756693,3666.98,0.12000000,0
1503065616,18756680,3666.98,0.01000000,0
1503065584,18756638,3666.98,0.03619200,0
1503065537,18756618,3661.00,0.03671600,1
1503065529,18756616,3666.98,0.00800000,0
1503065499,18756595,3666.98,0.04204110,0
1503065433,18756547,3666.99,0.63605945,0
1503065433,18756546,3666.98,0.18000000,0
1503065425,18756542,3666.98,0.01728035,0
1503065424,18756541,3666.98,0.08500000,0
1503065367,18756525,3661.03,0.05279935,1
1503065364,18756515,3666.99,0.02504763,0
1503065363,18756514,3667.26,0.23432368,1
1503065257,18756400,3675.40,0.31388476,0
1503065257,18756399,3672.32,0.12486085,0
1503065257,18756398,3672.15,0.08500000,0
1503065256,18756397,3672.00,0.20000000,0
1503065256,18756396,3669.93,0.02000000,0
1503065256,18756395,3669.93,0.05000000,1
1503065255,18756393,3667.25,0.26000000,1
1503065255,18756392,3667.25,0.19616500,0
1503065120,18756267,3655.02,0.19066654,1
1503065082,18756203,3667.65,0.02094257,0
