date,tid,price,amount,type
1504190875,19728467,4718.69,0.16284127,0
1504190869,19728464,4714.46,0.15900000,1
1504190869,19728463,4714.46,0.21100000,1
1504190869,19728462,4714.46,0.21000000,1
1504190869,19728461,4714.46,0.21000000,1
1504190869,19728460,4714.46,0.21000000,1
1504190843,19728430,4721.04,0.53493353,0
1504190843,19728428,4720.00,0.02306571,0
1504190843,19728426,4720.00,0.29747947,0
1504190839,19728421,4720.00,0.00152053,0
1504190835,19728399,4714.45,0.15687209,1
1504190834,19728398,4714.45,0.18692791,1
1504190834,19728396,4714.46,2.11620000,1
1504190828,19728373,4714.46,0.66103152,1
1504190828,19728369,4714.46,0.03445479,1
1504190826,19728368,4720.00,0.07570332,0
1504190824,19728366,4720.00,0.09721398,0
1504190824,19728365,4714.45,0.02407209,1
1504190809,19728350,4720.00,0.13457056,0
1504190808,19728349,4720.00,0.49075362,0
1504190806,19728344,4720.00,0.07038842,0
1504190793,19728323,4722.00,0.00159117,0
1504190786,19728310,4723.00,0.00490724,0
1504190786,19728308,4722.99,0.01022100,0
1504190778,19728297,4718.00,0.09972615,1
1504190770,19728290,4723.99,0.00597200,0
1504190750,19728274,4724.99,0.69000000,0
1504190748,19728273,4724.99,0.00162098,0
1504190746,19728269,4718.41,0.01092552,1
1504190729,19728254,4724.99,2.48140000,0
1504190729,19728253,4718.41,0.28836964,1
1504190718,19728242,4724.99,0.65000000,0
1504190710,19728234,4725.00,1.00000000,0
1504190709,19728232,4725.00,0.01675164,0
1504190703,19728125,4725.00,1.34000000,0
1504190702,19728120,4725.00,0.00168405,0
1504190687,19728111,4725.00,0.01000000,0
1504190687,19728110,4720.00,2.00000000,0
1504190680,19728108,4725.00,1.50453732,0
1504190678,19728104,4718.01,0.58577317,1
1504190678,19728103,4718.80,0.20000000,1
1504190672,19728084,4725.00,0.01173637,0
1504190672,19728083,4720.00,1.99826363,0
1504190656,19728071,4720.00,0.00173637,0
1504190653,19728069,4725.00,0.01480000,0
1504190652,19728068,4718.81,0.04920000,1
1504190652,19728065,4725.00,2.01000000,0
1504190651,19728064,4718.81,0.00486187,1
1504190645,19728061,4725.00,0.00543764,0
1504190636,19728055,4725.00,2.01000000,0
1504190624,19728048,4720.34,2.00000000,1
1504190621,19728047,4725.00,1.23723841,0
1504190621,19728046,4725.00,0.77276159,0
1504190608,19728032,4725.00,0.00177681,0
1504190599,19728024,4725.00,2.01000000,0
1504190594,19728023,4724.99,0.64627792,1
1504190589,19728017,4725.00,0.07364287,0
1504190588,19728016,4725.00,0.12291436,0
1504190584,19728015,4725.00,1.87148342,0
1504190584,19728014,4724.99,0.03851658,0
1504190584,19728013,4720.00,0.10000000,0
1504190569,19727997,4724.99,0.01000000,0
1504190569,19727995,4720.00,2.00000000,0
1504190563,19727990,4724.99,0.00183124,0
1504190560,19727975,4724.99,0.09405218,0
1504190554,19727953,4724.99,2.01000000,0
1504190553,19727951,4724.99,0.01060000,0
1504190550,19727943,4724.99,0.01500000,0
1504190539,19727933,4724.99,2.01000000,0
1504190534,19727931,4718.80,2.83883835,0
1504190534,19727930,4718.89,0.10000000,1
1504190534,19727929,4719.85,0.00108051,1
1504190532,19727928,4720.00,2.01008114,1
1504190531,19727927,4720.00,0.72124446,1
1504190531,19727926,4722.39,0.03997033,1
1504190524,19727920,4725.00,0.21977849,0
1504190524,19727919,4724.99,1.79022151,0
1504190523,19727918,4724.99,0.01701000,0
1504190518,19727911,4724.99,2.97086545,0
1504190517,19727906,4724.99,0.00190304,0
1504190513,19727900,4725.00,0.47827563,0
1504190513,19727899,4725.00,0.00500000,0
1504190513,19727898,4722.39,0.02508783,1
1504190509,19727895,4725.00,1.42147910,0
1504190509,19727894,4724.99,0.20000000,0
1504190509,19727893,4724.99,0.38852090,0
1504190508,19727889,4724.99,0.25311236,0
1504190505,19727885,4724.99,0.10338802,0
1504190504,19727876,4724.99,0.16090513,0
1504190479,19727852,4724.99,1.18000000,0
1504190471,19727841,4724.99,0.00196227,0
1504190464,19727839,4720.00,1.26867440,1
1504190464,19727838,4724.99,0.09711132,0
1504190458,19727835,4724.99,2.01000000,0
1504190443,19727828,4724.99,0.00500000,0
1504190425,19727816,4725.00,0.00200605,0
1504190424,19727814,4724.99,0.10000000,0
1504190423,19727813,4724.99,0.95747162,0
1504190420,19727812,4724.99,0.17419138,0
1504190418,19727810,4724.99,1.00000000,0
1504190416,19727809,4718.89,1.00000000,1
1504190414,19727804,4724.99,1.00000000,0
1504190414,19727803,4718.87,0.10000000,1
1504190413,19727802,4724.99,0.01833700,1
1504190413,19727801,4724.99,1.00000000,1
1504190411,19727799,4725.00,0.21079581,0
1504190410,19727797,4725.00,0.49310000,0
1504190409,19727796,4724.99,0.10000000,1
1504190407,19727794,4725.00,0.01200000,0
1504190407,19727793,4724.99,0.10000000,0
1504190407,19727792,4724.99,0.10000000,0
1504190407,19727791,4724.99,0.45731854,0
1504190406,19727790,4724.99,0.51118146,0
1504190404,19727786,4724.99,1.00000000,0
1504190403,19727783,4718.81,0.10000000,1
1504190399,19727777,4724.99,1.30150000,0
1504190398,19727776,4718.81,0.10000000,1
1504190394,19727773,4718.81,0.08700000,1
1504190394,19727772,4724.99,1.00000000,0
1504190393,19727771,4718.81,0.10000000,1
1504190391,19727770,4725.00,1.00000000,0
1504190388,19727768,4718.79,0.10000000,1
1504190385,19727766,4725.00,0.00140000,0
1504190383,19727762,4725.00,1.30150000,0
1504190383,19727761,4718.78,0.10000000,1
1504190380,19727755,4725.00,0.00208587,1
1504190377,19727752,4718.72,0.10000000,1
1504190377,19727751,4730.00,0.49000000,0
1504190371,19727749,4718.66,0.10000000,1
1504190368,19727747,4730.00,0.92670284,0
1504190368,19727746,4730.00,1.67629716,0
1504190366,19727744,4718.60,0.10000000,1
1504190362,19727742,4730.00,0.49000000,0
1504190361,19727741,4718.58,0.10000000,1
1504190361,19727740,4730.00,0.14778436,0
1504190356,19727738,4718.58,0.10000000,1
1504190351,19727736,4718.54,0.10000000,1
1504190343,19727730,4718.44,0.02299798,1
1504190343,19727729,4725.00,0.00215114,1
1504190341,19727727,4730.00,1.52000000,0
1504190341,19727726,4729.99,0.49000000,0
1504190334,19727724,4729.99,0.01000000,0
1504190310,19727709,4729.97,0.42000000,0
1504190297,19727699,4725.00,0.06804302,1
1504190297,19727698,4728.25,0.03195698,0
1504190294,19727696,4728.25,1.51647387,0
1504190294,19727695,4725.00,1.11945017,0
1504190289,19727694,4718.02,0.19491009,1
1504190289,19727692,4721.03,0.00230866,1
1504190289,19727691,4721.03,0.00238125,1
1504190287,19727690,4725.00,0.00221841,0
1504190285,19727689,4725.00,5.00000000,0
1504190280,19727687,4725.00,2.01000000,0
1504190265,19727676,4725.00,0.67259259,0
1504190262,19727674,4725.00,1.01117163,0
1504190256,19727667,4725.00,0.10560847,0
1504190252,19727666,4725.00,0.07895873,1
1504190249,19727663,4730.00,0.40000000,0
1504190249,19727662,4729.99,0.09000000,0
1504190236,19727592,4730.00,0.00632769,0
1504190234,19727591,4730.00,1.82000000,0
1504190234,19727590,4729.99,0.09000000,0
1504190234,19727589,4728.21,0.10000000,0
1504190225,19727581,4729.99,0.01940173,0
1504190225,19727580,4729.99,2.47027364,0
1504190224,19727579,4729.99,0.03000000,0
1504190217,19727571,4729.99,0.04595457,0
1504190213,19727570,4728.55,1.28856124,0
1504190213,19727569,4724.90,1.00000000,0
1504190204,19727564,4727.00,0.02086986,0
1504190204,19727563,4726.98,0.17300000,0
1504190204,19727561,4725.00,2.26769138,0
1504190194,19727556,4725.00,5.00000000,0
1504190192,19727554,4725.00,0.50000000,0
1504190184,19727532,4725.00,0.49000000,0
1504190179,19727524,4725.00,1.74230862,0
1504190176,19727514,4718.09,0.17300000,1
1504190176,19727513,4718.07,0.23432367,0
1504190173,19727503,4729.97,0.14811552,0
1504190173,19727502,4729.97,2.09201549,0
1504190173,19727501,4729.95,1.56040000,0
1504190173,19727500,4720.00,0.17214958,0
1504190172,19727499,4729.97,0.02478451,1
1504190171,19727493,4729.98,0.06784440,0
1504190170,19727491,4730.00,2.01000000,0
1504190170,19727490,4729.01,0.04966780,0
1504190170,19727489,4727.17,1.87116725,0
1504190169,19727488,4727.17,0.24573275,0
1504190169,19727487,4727.15,1.56040000,0
1504190169,19727486,4727.00,0.05987064,0
1504190169,19727485,4725.00,0.14399661,0
1504190162,19727478,4725.00,0.92057088,0
1504190162,19727477,4725.00,1.59198602,0
1504190158,19727469,4725.00,0.01132322,0
1504190156,19727465,4725.00,4.47050293,0
1504190155,19727461,4725.00,0.01400000,0
1504190150,19727441,4725.00,0.00244682,0
1504190145,19727438,4718.00,0.12722773,1
1504190145,19727437,4718.00,1.47280788,1
1504190145,19727436,4718.41,1.56040000,0
1504190143,19727434,4720.00,0.10000000,1
1504190143,19727433,4720.00,0.10000000,1
1504190143,19727431,4720.00,0.63956439,1
1504190142,19727427,4725.00,1.02440596,0
1504190139,19727425,4725.00,1.41000000,0
1504190134,19727422,4725.00,0.27506000,0
1504190134,19727421,4720.00,0.05349717,1
1504190134,19727420,4721.00,0.15691945,1
1504190134,19727419,4724.00,0.00250563,1
1504190133,19727418,4725.00,2.88442636,0
1504190124,19727408,4725.00,0.12662411,0
1504190117,19727391,4725.00,0.60995318,0
1504190113,19727376,4725.00,0.09206106,0
1504190113,19727375,4725.00,0.04049728,0
1504190105,19727365,4725.00,0.21366020,0
1504190105,19727364,4724.00,0.87633980,0
1504190103,19727356,4721.00,1.46520833,1
1504190103,19727355,4724.00,0.09878721,0
1504190100,19727352,4724.00,0.02487299,0
1504190094,19727349,4725.00,0.04274503,0
1504190083,19727319,4725.00,0.00600000,0
1504190067,19727302,4724.99,0.50911325,0
1504190058,19727296,4724.99,0.00251332,0
1504190050,19727290,4724.99,0.49000000,0
1504190050,19727289,4724.99,0.02574261,0
1504190049,19727286,4724.99,0.00561791,0
1504190046,19727284,4724.99,0.89010559,0
1504190045,19727283,4724.99,0.01704666,0
1504190044,19727282,4724.99,0.26348649,0
1504190043,19727281,4724.98,0.03150800,0
1504190042,19727279,4724.99,0.00937333,0
1504190040,19727278,4721.00,0.01677900,1
1504190040,19727277,4721.00,0.21838716,1
1504190038,19727276,4721.03,0.05096039,1
1504190036,19727273,4725.00,1.97849200,0
1504190035,19727272,4724.99,0.03150800,0
1504190035,19727270,4721.03,0.12729000,1
1504190027,19727238,4725.00,0.01005027,0
1504190027,19727236,4724.99,0.01140088,0
1504190012,19727214,4724.99,0.00259186,0
1504190009,19727210,4721.00,0.14270606,1
1504190008,19727209,4724.99,0.02700000,0
1504189992,19727203,4724.99,0.39000000,0
1504189992,19727202,4724.63,0.10000000,0
1504189988,19727199,4720.78,3.14000000,1
1504189986,19727198,4722.09,0.06000000,1
1504189976,19727184,4724.99,2.01000000,0
1504189967,19727182,4724.99,0.00267275,0
1504189965,19727181,4722.09,0.05000000,1
1504189964,19727180,4724.99,0.01072451,0
1504189955,19727173,4724.99,0.05099039,0
1504189945,19727164,4725.00,0.03111105,0
1504189945,19727163,4725.00,0.29000000,0
1504189945,19727162,4724.95,0.20000000,0
1504189934,19727152,4725.00,0.01900000,0
1504189929,19727145,4725.00,2.01000000,0
1504189922,19727129,4725.00,0.00271010,0
1504189913,19727104,4720.78,0.25160703,1
1504189885,19727080,4720.01,0.41843259,1
1504189885,19727079,4720.01,2.58956741,1
1504189884,19727078,4725.00,0.41714465,0
1504189883,19727077,4721.00,0.07285535,0
1504189877,19727071,4721.00,0.00284965,0
1504189863,19727042,4725.00,2.01000000,0
1504189861,19727039,4725.00,0.01277136,0
1504189846,19727022,4725.00,0.40302840,0
1504189846,19727021,4725.00,1.10285519,0
1504189844,19727018,4721.00,0.18578890,0
1504189836,19727002,4721.00,0.03350636,0
1504189834,19726999,4721.00,0.05722997,0
1504189832,19726995,4721.00,0.00293888,0
1504189831,19726988,4721.00,0.13653589,0
1504189831,19726985,4721.00,0.21674713,0
1504189830,19726980,4721.00,0.04245400,0
1504189829,19726978,4720.00,0.02860000,1
1504189827,19726971,4721.00,0.11779887,0
1504189827,19726970,4721.00,0.68511034,0
1504189826,19726969,4721.00,0.01056768,0
1504189825,19726966,4720.00,0.23000000,1
1504189819,19726953,4720.00,0.02156088,1
1504189815,19726951,4721.00,0.12517900,0
1504189814,19726948,4720.00,0.01430000,1
1504189807,19726925,4720.00,0.01247756,1
1504189786,19726837,4721.00,0.00303088,0
1504189781,19726833,4721.00,1.17611210,1
1504189778,19726832,4721.00,0.19021117,1
1504189744,19726778,4725.00,0.04855450,0
1504189741,19726770,4725.00,0.00309681,0
1504189723,19726712,4721.00,0.03367673,1
1504189701,19726687,4725.00,0.52953941,0
1504189697,19726683,4725.00,0.86046318,0
1504189697,19726682,4721.51,0.09000000,0
1504189697,19726681,4721.51,0.13200000,0
1504189697,19726680,4721.51,0.00177494,0
1504189696,19726679,4721.51,0.13422506,0
1504189696,19726678,4721.51,0.37708929,0
1504189695,19726677,4721.51,0.00316086,0
1504189691,19726673,4721.51,0.03574985,0
1504189691,19726671,4721.51,0.00800000,0
1504189690,19726670,4721.00,0.30000000,1
1504189689,19726669,4721.00,0.30000000,1
1504189669,19726654,4725.00,0.09919995,0
1504189669,19726653,4725.00,0.04309521,0
1504189669,19726652,4725.00,0.12821528,0
1504189656,19726633,4725.00,0.35122318,0
1504189649,19726615,4727.74,0.56908723,0
1504189649,19726614,4725.00,0.05667577,0
1504189648,19726611,4725.00,0.00332423,0
1504189648,19726610,4725.00,0.10000000,1
1504189625,19726577,4721.01,0.13200000,1
1504189620,19726567,4730.00,1.30000000,0
1504189618,19726564,4721.01,0.16800000,1
1504189618,19726563,4721.01,0.41600000,0
1504189617,19726561,4721.53,0.41600000,1
1504189611,19726554,4721.53,1.31222931,1
1504189610,19726553,4722.00,0.66103152,1
1504189607,19726549,4724.00,0.01071543,0
1504189605,19726546,4724.00,0.14835525,1
1504189605,19726545,4724.00,0.59650402,1
1504189605,19726544,4725.00,0.00349598,1
1504189598,19726526,4729.00,0.06299122,0
1504189598,19726525,4729.00,0.00105797,0
1504189597,19726518,4724.00,0.04860593,1
1504189585,19726516,4729.98,0.01054761,0
1504189569,19726503,4724.00,3.20653480,1
1504189569,19726502,4724.00,0.04265512,1
1504189568,19726501,4725.00,0.00364330,1
1504189568,19726500,4725.00,0.00375675,1
1504189568,19726499,4725.00,0.00387374,1
1504189568,19726498,4725.00,1.34108087,1
1504189568,19726497,4725.10,0.55637155,1
1504189568,19726496,4726.00,3.19974803,1
1504189566,19726495,4729.98,0.79928584,1
1504189566,19726494,4729.98,0.21000000,0
1504189566,19726493,4729.98,0.21000000,0
1504189566,19726492,4729.98,0.21000000,0
1504189565,19726490,4729.98,0.09000000,0
1504189565,19726489,4729.98,0.49071416,0
1504189564,19726475,4729.98,0.09700887,0
1504189549,19726437,4729.98,0.41000000,0
1504189542,19726425,4726.00,1.29409700,1
1504189539,19726424,4726.00,0.01847488,1
1504189539,19726423,4726.00,0.16976685,1
1504189539,19726422,4726.00,0.23020316,1
1504189535,19726421,4729.98,0.00227697,0
1504189532,19726419,4726.00,0.01849155,1
1504189532,19726418,4726.00,0.01034000,1
1504189530,19726417,4726.00,0.11096041,1
1504189529,19726416,4726.00,0.05000000,1
1504189527,19726415,4726.00,0.09019505,1
1504189526,19726414,4726.00,0.68090756,1
1504189520,19726413,4726.00,0.36700100,1
1504189519,19726410,4726.00,0.15290434,1
1504189515,19726408,4726.00,0.16275489,1
1504189513,19726406,4729.99,0.13225307,0
1504189508,19726396,4726.00,0.04950000,1
1504189507,19726395,4726.00,0.13179072,1
1504189505,19726392,4726.00,0.22786391,1
1504189504,19726389,4729.99,0.01940173,0
1504189501,19726385,4726.00,0.23390000,1
1504189496,19726377,4730.00,0.00239752,0
1504189491,19726375,4726.00,0.32771521,1
1504189491,19726374,4726.00,0.26172293,1
1504189490,19726373,4726.00,0.27502122,1
1504189489,19726370,4726.00,0.21337531,1
1504189476,19726357,4725.00,0.96610000,1
1504189471,19726349,4725.00,0.13000000,1
1504189459,19726343,4730.00,0.27902404,0
1504189451,19726340,4724.00,0.03770263,1
1504189451,19726339,4725.00,0.00403637,1
1504189445,19726334,4730.00,0.09700846,0
1504189443,19726330,4730.00,1.33940000,0
1504189443,19726329,4727.57,0.15060000,0
1504189438,19726317,4730.00,0.10517787,0
1504189438,19726316,4727.57,0.02791166,0
1504189429,19726272,4730.00,1.01000000,0
1504189428,19726271,4730.00,0.14515645,0
1504189419,19726264,4730.00,0.35850000,0
1504189411,19726253,4724.00,0.51000000,1
1504189411,19726243,4729.00,0.23999801,1
1504189410,19726242,4729.00,7.00000000,1
1504189410,19726241,4730.00,0.02164881,0
1504189410,19726240,4730.00,0.32940000,0
1504189410,19726239,4729.99,0.37200000,0
1504189410,19726238,4729.70,2.50000000,0
1504189409,19726237,4729.00,1.64371443,0
1504189401,19726228,4729.00,2.59675252,0
1504189396,19726224,4729.00,1.36867837,0
1504189387,19726202,4729.00,0.78000000,0
1504189386,19726200,4729.00,1.86500000,0
1504189385,19726199,4729.00,0.09702897,0
1504189377,19726194,4729.00,1.60147258,0
1504189377,19726193,4728.95,0.20000000,0
1504189377,19726192,4728.66,1.51352742,0
1504189375,19726191,4728.66,0.04274592,0
1504189375,19726188,4728.66,0.00412666,0
1504189372,19726186,4728.68,0.52799306,0
1504189372,19726185,4726.00,0.96500000,0
1504189372,19726184,4726.00,0.51700694,0
1504189366,19726183,4725.00,0.00317460,0
1504189366,19726182,4725.00,2.46203055,0
1504189366,19726181,4724.90,1.00000000,0
1504189357,19726178,4725.00,4.53224570,0
1504189352,19726176,4725.00,2.01000000,0
1504189348,19726173,4725.00,0.99572375,0
1504189338,19726162,4726.00,0.47871681,0
1504189329,19726156,4726.00,0.00427625,0
1504189298,19726122,4720.00,0.33392443,1
1504189286,19726110,4726.68,0.62593200,0
1504189283,19726107,4726.70,0.00444841,0
1504189271,19726092,4726.86,0.20323615,0
1504189271,19726090,4720.00,0.37039407,0
1504189264,19726082,4720.00,0.04860593,0
1504189260,19726072,4718.01,1.00000000,1
1504189254,19726051,4725.26,0.32036712,0
1504189253,19726050,4725.00,0.20000000,0
1504189253,19726049,4724.54,1.00000000,0
1504189253,19726048,4723.00,0.09016298,0
1504189253,19726047,4720.00,3.38946990,0
1504189251,19726043,4718.00,0.02022013,1
1504189250,19726042,4720.00,2.99189250,0
1504189243,19726041,4718.00,0.11170424,1
1504189238,19726033,4724.00,0.00470386,0
1504189235,19726028,4724.00,0.02075287,0
1504189228,19726022,4713.44,0.43465249,1
1504189228,19726020,4717.00,0.41900000,1
1504189227,19726019,4717.00,0.14634751,1
1504189224,19726014,4717.00,1.00000000,1
1504189222,19726012,4724.02,1.12884658,0
1504189212,19726002,4724.02,0.85494658,0
1504189205,19725992,4724.02,0.04856457,0
1504189203,19725990,4724.02,0.61884658,0
1504189203,19725989,4723.98,0.19800000,0
1504189198,19725982,4723.98,0.01072674,0
1504189197,19725979,4713.38,0.01942329,1
1504189197,19725977,4723.98,1.81509238,1
1504189196,19725975,4723.98,0.09000000,1
1504189195,19725974,4723.98,0.20489115,0
1504189192,19725969,4723.98,0.00510885,0
1504189181,19725956,4724.00,0.01156000,0
1504189181,19725955,4723.98,0.22696937,0
1504189151,19725927,4724.98,0.01290799,0
1504189147,19725922,4713.14,0.36953045,1
1504189146,19725920,4724.96,0.00558124,0
1504189145,19725917,4713.14,0.09612985,1
1504189144,19725916,4713.14,0.03720000,1
1504189130,19725901,4713.06,0.09710638,1
1504189106,19725872,4724.88,0.60286347,0
1504189106,19725871,4718.87,0.41700000,0
1504189106,19725870,4718.87,0.41900000,0
1504189106,19725869,4718.87,0.00113653,0
1504189101,19725861,4718.87,0.00587882,0
1504189093,19725844,4718.87,0.00106090,0
1504189091,19725840,4713.02,0.30000000,1
1504189087,19725836,4724.72,1.44000000,0
1504189085,19725833,4724.72,0.01942329,1
1504189077,19725826,4724.74,0.06204857,0
1504189065,19725801,4724.57,1.19431000,0
1504189065,19725800,4714.43,0.31569000,0
1504189056,19725785,4724.68,0.00628106,0
1504189048,19725775,4724.85,0.62655800,0
1504189046,19725773,4724.85,0.38000000,0
1504189043,19725770,4724.90,0.00356833,0
1504189036,19725766,4726.57,0.03102239,0
1504189034,19725761,4712.02,0.63415905,1
1504189033,19725759,4725.01,0.16000000,0
1504189033,19725758,4724.00,0.21100000,0
1504189033,19725757,4724.00,0.21100000,0
1504189033,19725756,4724.00,0.21100000,0
1504189033,19725755,4724.00,0.10500000,0
1504189032,19725754,4724.00,0.12900000,0
1504189032,19725753,4724.00,0.21100000,0
1504189032,19725752,4724.00,0.21100000,0
1504189032,19725751,4724.00,0.21100000,0
1504189032,19725750,4724.00,0.21000000,0
1504189032,19725749,4724.00,0.09000000,0
1504189032,19725747,4724.00,0.05000000,0
1504189031,19725746,4712.02,2.75937805,1
1504189031,19725745,4712.02,2.11690000,0
1504189031,19725744,4712.04,1.56040000,1
1504189031,19725742,4712.04,0.41900000,0
1504189031,19725741,4713.00,1.98632195,1
1504189029,19725740,4713.05,0.41700000,0
1504189029,19725739,4713.05,0.24000000,1
1504189025,19725737,4713.03,0.00240000,1
1504189024,19725735,4713.00,0.01367805,1
1504189024,19725734,4713.01,2.11400000,1
1504189024,19725733,4720.00,0.00422195,1
1504189019,19725721,4720.00,0.00250056,1
1504189019,19725720,4720.00,0.00109732,1
1504188995,19725712,4725.27,0.10579808,1
1504188994,19725711,4725.27,0.21100000,1
1504188994,19725710,4725.19,0.18320192,0
1504188993,19725709,4725.19,0.02779808,0
1504188993,19725708,4725.19,0.02200000,0
1504188993,19725707,4725.19,0.00297652,0
1504188987,19725702,4725.19,0.41602348,0
1504188974,19725684,4725.27,0.00643548,1
1504188973,19725683,4725.27,0.47500000,1
1504188972,19725682,4725.27,0.11047042,0
1504188972,19725681,4725.21,0.02500000,0
1504188972,19725680,4725.19,0.24000000,0
1504188971,19725678,4713.06,0.00720000,1
1504188968,19725670,4713.06,0.09306000,0
1504188967,19725669,4713.06,0.90219221,0
1504188967,19725668,4713.06,0.09710638,1
1504188965,19725667,4725.21,0.01942135,1
1504188964,19725665,4725.21,0.09710638,1
1504188955,19725652,4725.27,0.35000000,0
1504188949,19725644,4725.27,0.02719272,0
1504188935,19725609,4712.23,0.20597679,1
1504188935,19725608,4714.09,0.07000000,1
1504188935,19725607,4714.35,0.41900000,1
1504188935,19725606,4714.36,0.49352589,1
1504188935,19725605,4714.49,1.56040000,1
1504188934,19725604,4714.51,0.24000000,1
1504188934,19725603,4720.00,0.00109732,1
1504188912,19725592,4720.00,0.02810739,1
1504188909,19725590,4729.95,1.00000000,1
1504188909,19725589,4729.95,0.88670000,1
1504188908,19725588,4729.94,0.11330000,0
1504188908,19725587,4729.94,1.00000000,0
1504188908,19725586,4729.94,1.00000000,1
1504188907,19725584,4719.50,0.01000000,1
1504188897,19725552,4719.50,0.00109857,1
1504188897,19725551,4720.00,0.00109732,1
1504188895,19725547,4729.95,0.10300000,0
1504188895,19725546,4729.94,0.89700000,0
1504188893,19725545,4729.95,0.00210784,0
1504188892,19725542,4729.96,1.00000000,0
1504188892,19725541,4729.96,0.21088973,0
1504188883,19725527,4729.80,0.05390266,0
1504188882,19725525,4729.80,0.06121044,0
1504188881,19725524,4730.00,1.67060000,0
1504188881,19725523,4729.85,0.89900000,0
1504188881,19725522,4729.83,1.56040000,0
1504188876,19725510,4727.19,0.00212314,1
1504188876,19725509,4727.19,0.00117429,0
1504188873,19725506,4725.27,0.57500000,1
1504188862,19725496,4725.27,0.00111402,0
1504188846,19725479,4725.26,0.04855182,0
1504188846,19725478,4721.00,0.41377484,0
1504188846,19725477,4721.00,5.00000000,0
1504188846,19725476,4721.00,7.00000000,0
1504188844,19725474,4720.00,0.22315010,0
1504188841,19725470,4720.00,0.00558247,0
1504188835,19725460,4720.00,10.82960489,0
1504188835,19725459,4719.50,1.17039511,0
1504188822,19725454,4715.60,0.73505581,0
1504188822,19725453,4715.55,3.67026785,0
1504188820,19725451,4715.55,0.03833215,1
1504188815,19725447,4715.60,0.84701926,0
1504188805,19725442,4715.60,0.94078232,1
1504188790,19725428,4719.50,0.00109857,0
1504188767,19725407,4719.50,0.06340714,0
1504188767,19725405,4715.60,0.01900000,1
1504188751,19725393,4720.00,0.00420551,0
1504188748,19725388,4715.60,0.01943974,1
1504188745,19725386,4715.60,0.32118800,1
1504188742,19725379,4720.00,0.00109732,0
1504188736,19725366,4720.00,0.02000000,0
1504188735,19725365,4720.00,0.02000000,0
1504188735,19725364,4720.00,0.11000000,0
1504188735,19725363,4720.00,0.13757000,0
1504188735,19725362,4719.99,0.23243000,0
1504188734,19725361,4719.99,0.29533370,0
1504188734,19725359,4715.60,0.06800000,1
1504188733,19725357,4715.60,0.25241593,1
1504188733,19725354,4719.99,0.01000000,0
1504188733,19725353,4715.60,0.04631100,1
1504188732,19725352,4719.99,0.04000000,0
1504188732,19725351,4719.99,0.21120630,0
1504188732,19725350,4715.60,0.21386301,1
1504188728,19725335,4719.99,0.00433000,0
1504188728,19725334,4715.60,0.11900000,1
1504188717,19725322,4720.00,2.42430000,0
1504188714,19725321,4720.00,0.02396080,0
1504188703,19725297,4715.55,0.00102579,1
1504188701,19725296,4719.99,0.00109735,1
1504188699,19725294,4720.00,0.54779182,0
1504188699,19725293,4720.00,0.61273709,0
1504188698,19725291,4720.00,0.04000000,0
1504188695,19725287,4719.99,0.47118438,0
1504188695,19725284,4719.00,0.04654125,0
1504188687,19725274,4719.99,0.04398954,0
1504188686,19725273,4719.99,0.03727061,0
1504188667,19725217,4721.00,0.06407964,0
1504188667,19725216,4720.74,0.93960476,0
1504188666,19725215,4720.74,0.49655986,0
1504188666,19725213,4720.74,0.01943974,0
1504188665,19725210,4720.74,0.10479564,0
1504188665,19725208,4720.72,0.08992636,0
1504188658,19725200,4720.81,0.12000000,0
1504188636,19725163,4711.00,0.11749506,0
1504188632,19725157,4720.85,0.02490642,0
1504188631,19725153,4720.85,0.11761604,0
1504188631,19725152,4711.01,0.05107900,0
1504188625,19725138,4720.97,1.45453822,0
1504188625,19725137,4711.01,0.42566439,0
1504188625,19725136,4710.00,0.08800000,0
1504188625,19725135,4710.00,0.37100000,0
1504188625,19725134,4710.00,2.02349739,0
1504188625,19725133,4710.00,0.07000000,0
1504188625,19725132,4710.00,0.03000000,0
1504188624,19725129,4710.00,0.33253079,0
1504188610,19725071,4710.00,0.04000000,0
1504188610,19725070,4710.00,0.00153000,0
1504188607,19725066,4706.42,0.38615089,1
1504188607,19725065,4706.42,0.90000000,0
1504188607,19725063,4706.48,1.56040000,0
1504188607,19725062,4706.48,0.89600000,0
1504188606,19725061,4707.78,0.03649800,0
1504188605,19725059,4710.00,0.00112227,0
1504188603,19725051,4710.00,0.02435600,0
1504188602,19725050,4706.41,0.00340000,0
1504188600,19725048,4710.00,0.00112227,0
1504188598,19725047,4711.00,2.00000000,1
1504188598,19725046,4711.01,2.11590000,1
1504188594,19725037,4711.01,0.21657685,1
1504188587,19725032,4713.29,0.19553260,0
1504188580,19725028,4713.29,0.10911100,0
1504188580,19725027,4713.29,0.02000000,0
1504188580,19725025,4713.29,0.00507887,0
1504188578,19725017,4713.29,0.08984236,0
1504188574,19725013,4713.29,0.04300000,0
1504188571,19725012,4711.01,0.78524134,0
1504188571,19725011,4711.14,0.23500000,1
1504188569,19725009,4712.50,0.00111404,0
1504188569,19725008,4712.50,0.00300000,1
1504188563,19725000,4713.29,0.00111404,0
1504188562,19724998,4713.29,0.21100000,0
1504188558,19724985,4713.29,0.21100000,1
1504188558,19724984,4713.29,0.21100000,1
1504188558,19724983,4715.00,0.23304360,1
1504188558,19724981,4715.00,0.01871250,0
1504188555,19724977,4713.29,0.37100000,1
1504188555,19724976,4713.29,0.41800000,1
1504188555,19724975,4713.29,0.21100000,1
1504188549,19724973,4713.30,0.00111402,0
1504188546,19724967,4713.30,0.09717116,0
1504188546,19724965,4713.29,0.66424356,1
1504188546,19724963,4722.08,0.33917131,0
1504188535,19724957,4713.33,1.00000000,1
1504188534,19724954,4724.27,0.00189871,0
1504188531,19724949,4724.30,0.44960000,0
1504188531,19724948,4724.28,1.56040000,0
1504188526,19724941,4724.30,0.01234591,0
1504188526,19724940,4724.31,0.16456435,0
1504188526,19724939,4723.28,0.10000000,0
1504188526,19724938,4721.62,0.01900000,0
1504188525,19724937,4717.82,0.00169516,0
1504188525,19724936,4714.52,0.01387000,0
1504188525,19724935,4714.00,0.41600000,0
1504188525,19724934,4714.00,0.42000000,0
1504188525,19724933,4714.00,0.42000000,0
1504188525,19724931,4714.00,0.42000000,0
1504188525,19724929,4714.00,0.03487049,0
1504188512,19724906,4714.00,0.00112951,0
1504188493,19724896,4714.00,0.00114152,0
1504188492,19724895,4714.00,0.00268798,0
1504188475,19724881,4715.22,0.30893828,0
1504188475,19724880,4713.27,0.12998345,1
1504188475,19724879,4713.27,0.21100000,1
1504188475,19724878,4713.27,0.21100000,1
1504188475,19724877,4713.27,0.21100000,1
1504188475,19724876,4713.27,0.21100000,1
1504188475,19724875,4713.27,0.21100000,1
1504188475,19724874,4713.32,1.56040000,1
1504188475,19724873,4713.33,0.19100000,1
1504188473,19724872,4715.22,0.07340752,0
1504188452,19724836,4714.00,5.68873208,0
1504188449,19724835,4715.22,0.00117429,0
1504188440,19724823,4715.22,0.00119954,0
1504188439,19724822,4711.14,0.70827495,0
1504188439,19724821,4711.14,0.08700000,0
1504188433,19724817,4711.05,0.81239810,0
1504188433,19724816,4712.50,0.00300000,1
1504188432,19724815,4716.67,0.00108124,1
1504188432,19724814,4716.67,0.00120473,0
1504188432,19724813,4716.77,0.01171310,1
1504188432,19724812,4716.82,0.02980536,1
1504188432,19724811,4716.82,0.93494240,1
1504188430,19724808,4719.00,0.00121406,0
1504188422,19724805,4716.82,0.04000000,1
1504188421,19724799,4719.00,0.00123995,0
1504188421,19724798,4716.82,0.01000000,1
1504188420,19724796,4716.82,1.00000000,1
1504188420,19724795,4716.82,1.00000000,1
1504188419,19724794,4719.00,0.09166613,0
1504188419,19724791,4719.00,0.24283144,0
1504188412,19724785,4719.00,0.00125301,0
1504188407,19724777,4719.00,0.00122048,0
1504188405,19724775,4719.00,2.59100000,0
1504188405,19724774,4719.00,0.08076300,0
1504188404,19724770,4719.99,0.21000000,1
1504188404,19724769,4719.99,0.02000000,1
1504188402,19724758,4720.00,0.04221837,0
1504188402,19724757,4720.00,0.21000000,0
1504188402,19724756,4720.00,0.00121772,0
1504188401,19724754,4720.00,0.00240000,0
1504188400,19724753,4720.00,0.21000000,0
1504188399,19724752,4720.00,0.21000000,0
1504188398,19724747,4720.00,0.00123052,0
1504188394,19724742,4720.00,1.00000000,1
1504188394,19724741,4720.00,0.00290000,1
1504188393,19724740,4720.00,2.08923766,1
1504188391,19724739,4721.62,0.03000000,0
1504188391,19724738,4721.62,0.09409546,0
1504188390,19724737,4720.00,6.48977359,1
1504188390,19724736,4720.01,0.13134400,1
1504188389,19724735,4721.00,0.73692677,1
1504188388,19724734,4721.00,0.40000000,1
1504188388,19724733,4721.00,4.60000000,1
1504188388,19724732,4721.60,0.40000000,1
1504188385,19724730,4721.62,0.19000000,0
1504188385,19724729,4721.61,0.02000000,0
1504188385,19724728,4721.62,0.21000000,1
1504188385,19724727,4721.62,0.05126488,1
1504188384,19724726,4722.00,0.41900000,1
1504188384,19724725,4721.62,0.15873512,1
1504188384,19724724,4721.62,0.00126488,1
1504188384,19724721,4722.00,0.42000000,1
1504188384,19724720,4722.00,0.42000000,1
1504188374,19724711,4722.00,0.42000000,0
1504188374,19724708,4722.00,0.41900000,1
1504188374,19724707,4722.00,0.07000000,1
1504188372,19724698,4722.00,0.02000000,1
1504188367,19724692,4721.62,0.15595159,1
1504188367,19724691,4721.62,0.21000000,1
1504188367,19724690,4721.62,0.21000000,1
1504188367,19724689,4721.62,0.42000000,1
1504188367,19724688,4721.62,0.41900000,1
1504188367,19724687,4721.62,0.21000000,1
1504188367,19724686,4721.62,0.21000000,1
1504188367,19724685,4721.62,0.21000000,1
1504188367,19724684,4721.62,0.21000000,1
1504188367,19724683,4721.62,0.42000000,1
1504188366,19724682,4721.62,0.21000000,1
1504188366,19724681,4721.62,0.21000000,1
1504188366,19724680,4721.62,0.21000000,1
1504188366,19724679,4721.62,0.21000000,1
1504188366,19724678,4721.62,0.21000000,1
1504188366,19724677,4721.62,0.21000000,1
1504188366,19724676,4721.62,0.21000000,1
1504188366,19724675,4721.62,0.21000000,1
1504188366,19724674,4721.62,0.00130485,1
1504188366,19724673,4722.00,0.64374356,1
1504188364,19724672,4722.00,0.02050000,1
1504188363,19724666,4728.46,0.00900000,0
1504188331,19724637,4721.62,0.27400000,1
1504188326,19724632,4728.46,0.00241821,0
1504188318,19724627,4728.46,0.01326137,0
1504188317,19724626,4728.46,0.21000000,0
1504188317,19724625,4728.46,0.02603300,0
1504188317,19724624,4728.46,0.02443003,0
1504188317,19724623,4721.62,0.53663200,1
1504188317,19724622,4727.60,0.01336800,1
1504188316,19724621,4731.31,0.59867358,0
1504188307,19724619,4731.31,0.15771741,1
1504188305,19724618,4728.47,0.03839794,0
1504188305,19724616,4721.62,0.08000000,1
1504188303,19724614,4728.47,0.01160206,0
1504188294,19724604,4724.91,0.20267053,0
1504188285,19724599,4724.91,0.07329475,0
1504188283,19724593,4724.91,2.26821039,0
1504188282,19724592,4721.62,0.60600468,0
1504188282,19724591,4721.62,0.01590000,0
1504188282,19724590,4721.62,0.18727135,0
1504188282,19724588,4721.62,0.01730000,0
1504188282,19724586,4721.62,1.00000000,0
1504188260,19724567,4721.62,0.00134622,0
1504188244,19724544,4721.62,0.04858925,0
1504188243,19724542,4724.91,0.00231155,0
1504188243,19724541,4724.91,0.00345425,0
1504188233,19724516,4721.00,0.26307323,1
1504188233,19724511,4724.90,0.03992677,1
1504188231,19724482,4721.62,0.04113532,0
1504188224,19724479,4721.62,0.07147586,0
1504188214,19724466,4721.62,0.00138882,0
1504188210,19724465,4721.62,0.00300000,0
1504188209,19724464,4721.00,1.00000000,1
1504188205,19724460,4721.00,1.00000000,1
1504188204,19724459,4721.62,0.13100000,0
1504188198,19724457,4721.00,1.00000000,1
1504188188,19724445,4721.00,1.00000000,1
1504188180,19724434,4721.05,0.10000000,0
1504188179,19724432,4721.13,0.90000000,1
1504188176,19724429,4721.14,1.00000000,1
1504188170,19724412,4721.62,0.06411983,0
1504188168,19724409,4721.62,0.00143290,0
1504188167,19724407,4721.62,0.32562613,1
1504188153,19724393,4724.91,0.17266840,0
1504188153,19724392,4724.91,0.42000000,0
1504188153,19724391,4724.91,0.42000000,0
1504188153,19724390,4724.91,0.06733160,0
1504188144,19724385,4724.91,0.35366840,0
1504188144,19724384,4724.91,0.06856398,0
1504188139,19724378,4724.91,0.93143602,0
1504188139,19724377,4724.91,0.14856398,0
1504188138,19724375,4724.91,0.00143602,0
1504188129,19724361,4724.91,0.93252376,0
1504188129,19724360,4724.91,0.36747624,0
1504188127,19724359,4721.62,0.09700000,1
1504188126,19724358,4724.91,0.42000000,1
1504188126,19724357,4734.20,0.21252376,0
1504188124,19724349,4734.20,0.08535355,0
1504188103,19724330,4723.71,0.08635457,0
1504188102,19724329,4723.71,0.42100000,1
1504188102,19724328,4723.71,0.42100000,1
1504188102,19724327,4724.91,0.00151328,1
1504188102,19724326,4724.91,0.07013215,1
1504188098,19724325,4724.91,1.00000000,1
1504188097,19724323,4734.45,0.00690425,0
1504188095,19724320,4724.91,0.54000000,1
1504188095,19724319,4734.20,0.46000000,1
1504188095,19724318,4734.47,0.09688699,0
1504188095,19724317,4734.47,1.33856400,0
1504188095,19724316,4734.19,0.05143600,0
1504188095,19724315,4734.19,0.01842200,0
1504188094,19724314,4734.19,0.00500000,0
1504188093,19724312,4723.71,0.42000000,1
1504188093,19724311,4723.71,0.12998949,1
1504188093,19724310,4723.71,0.29001051,1
1504188093,19724309,4723.73,0.70998949,1
1504188093,19724308,4723.73,0.85041051,1
1504188093,19724307,4736.00,0.14958949,1
1504188093,19724306,4736.00,0.02000000,0
1504188092,19724305,4736.00,0.03050000,1
1504188091,19724303,4735.93,0.05666975,0
1504188091,19724302,4735.93,0.03475968,0
1504188091,19724300,4735.93,0.00357902,0
1504188062,19724280,4735.93,0.01833105,0
1504188052,19724269,4735.93,0.05666975,0
1504188040,19724259,4734.20,0.15000000,0
1504188035,19724256,4724.91,0.05000000,0
1504188035,19724254,4724.91,0.42100000,0
1504188035,19724253,4724.91,0.42100000,0
1504188034,19724252,4724.91,0.27967629,0
1504188034,19724251,4724.91,0.14132371,0
1504188034,19724250,4724.91,0.07102753,0
1504188034,19724245,4724.91,0.12713206,0
1504188016,19724217,4724.91,0.02574304,0
1504188014,19724215,4724.91,0.00156111,0
1504188009,19724212,4721.22,0.02990000,1
1504188004,19724209,4724.91,0.09711296,0
1504187999,19724195,4724.91,0.22978200,0
1504187996,19724190,4724.91,1.05399044,0
1504187973,19724164,4724.91,0.01484048,0
1504187969,19724159,4724.91,0.00161038,0
1504187968,19724158,4724.91,2.11420000,0
1504187967,19724154,4724.91,0.42100000,0
1504187967,19724151,4724.92,0.42100000,1
1504187967,19724150,4724.92,0.42100000,1
1504187961,19724148,4724.92,1.00000000,1
1504187949,19724135,4724.91,0.05000000,1
1504187947,19724134,4734.59,0.01448800,0
1504187946,19724129,4734.59,0.02708083,1
1504187945,19724125,4734.59,0.06983147,0
1504187935,19724115,4734.59,0.00162461,1
1504187931,19724107,4720.22,0.30819800,1
1504187930,19724105,4724.90,0.19180200,1
1504187921,19724095,4723.93,0.00819800,0
1504187907,19724088,4721.42,0.00623737,1
1504187897,19724078,4722.12,0.85000000,0
1504187889,19724074,4725.78,0.00171000,1
1504187871,19724057,4725.78,0.00170168,0
1504187848,19724015,4725.66,0.10424056,0
1504187838,19723940,4721.90,0.01237425,0
1504187825,19723926,4724.20,0.00182563,0
1504187824,19723924,4724.20,1.00295288,0
1504187823,19723922,4724.20,0.01699700,0
1504187822,19723921,4720.39,0.13994000,1
1504187822,19723919,4721.00,0.11006000,1
1504187811,19723914,4733.97,1.05569964,1
1504187811,19723913,4733.97,2.06210000,1
1504187810,19723912,4733.96,0.01366100,1
1504187810,19723911,4733.13,2.11210000,0
1504187810,19723910,4733.12,6.00000000,0
1504187808,19723908,4733.10,8.26000000,0
1504187808,19723907,4733.10,1.56040000,0
1504187804,19723899,4721.18,0.03659360,1
1504187795,19723889,4720.99,0.03078775,0
1504187791,19723885,4720.99,0.75479450,1
1504187790,19723882,4721.18,0.06550605,0
1504187781,19723871,4721.14,0.00189708,1
1504187780,19723870,4721.24,0.00127085,1
1504187777,19723861,4721.14,0.00290000,0
1504187776,19723860,4730.86,1.00000000,0
1504187773,19723858,4730.86,0.74000000,0
1504187773,19723857,4721.18,1.00000000,1
1504187770,19723855,4721.14,0.23244882,1
1504187769,19723854,4733.76,1.99265434,0
1504187769,19723853,4730.86,0.01734566,0
1504187755,19723824,4733.88,0.00188170,0
1504187748,19723818,4733.92,0.42332527,1
1504187747,19723817,4733.92,0.10000000,1
1504187747,19723816,4732.25,0.00217249,0
1504187747,19723815,4732.23,0.23808169,1
1504187747,19723814,4721.05,0.03169550,0
1504187746,19723813,4720.25,0.22000000,1
1504187745,19723811,4733.93,1.05367422,1
1504187745,19723807,4720.00,7.26015762,1
1504187745,19723806,4720.01,0.02514574,1
1504187745,19723805,4720.01,0.00910097,1
1504187742,19723796,4720.02,0.00217249,1
1504187742,19723795,4720.16,0.00212654,1
1504187741,19723790,4733.93,0.21073355,0
1504187710,19723753,4734.01,0.00191831,1
1504187709,19723752,4734.03,0.57135985,0
1504187708,19723750,4734.03,0.02426900,0
1504187708,19723749,4734.03,0.02305500,0
1504187707,19723745,4721.05,0.17040386,1
1504187694,19723725,4735.53,0.03170000,0
1504187670,19723679,4721.02,0.66000000,1
1504187670,19723678,4721.04,0.24000000,1
1504187664,19723643,4735.92,0.00197060,0
1504187649,19723618,4733.60,2.00687214,0
1504187647,19723615,4733.30,0.47000000,0
1504187647,19723614,4733.30,0.00975778,0
1504187645,19723610,4733.30,0.46524222,1
1504187644,19723608,4733.30,0.03000000,0
1504187628,19723578,4733.40,1.05158025,0
1504187619,19723562,4720.49,0.05000000,1
1504187619,19723561,4731.13,0.00209843,0
1504187596,19723540,4720.39,0.03000000,1
1504187594,19723536,4720.37,0.50000000,1
1504187594,19723535,4733.40,0.86609838,0
1504187590,19723527,4735.92,1.31688727,1
1504187590,19723526,4735.29,1.56040000,0
1504187589,19723525,4734.00,0.10000000,0
1504187589,19723524,4733.29,5.46231273,0
1504187589,19723523,4733.27,1.56040000,1
1504187588,19723521,4733.29,0.01467000,0
1504187588,19723520,4733.29,0.08375753,0
1504187588,19723519,4733.29,0.35673274,1
1504187588,19723518,4733.29,0.08252700,0
1504187587,19723511,4720.23,0.60932873,0
1504187579,19723501,4720.23,0.39067127,1
1504187577,19723493,4720.23,0.60932873,0
1504187576,19723487,4720.23,0.39067127,0
1504187572,19723470,4720.16,0.10100000,0
1504187571,19723466,4720.28,0.89900000,1
1504187566,19723455,4720.26,1.00000000,1
1504187555,19723440,4731.99,0.82350000,1
1504187555,19723439,4732.00,2.11440000,1
1504187554,19723438,4735.19,9.66405847,1
1504187554,19723437,4735.19,7.00000000,1
1504187554,19723436,4735.19,5.00000000,1
1504187552,19723435,4735.19,0.39668657,0
1504187552,19723434,4735.12,0.01000000,0
1504187549,19723429,4731.99,0.17650000,1
1504187546,19723427,4735.19,0.10331343,0
1504187546,19723426,4735.19,0.01077675,0
1504187546,19723425,4735.10,1.55828159,0
1504187546,19723424,4735.08,0.23762823,0
1504187545,19723422,4735.10,0.00211841,0
1504187543,19723416,4735.13,0.14627815,0
1504187530,19723396,4735.17,0.06013511,1
1504187530,19723395,4734.46,0.00231150,0
1504187530,19723393,4734.45,0.43266465,1
1504187523,19723387,4731.99,0.05901080,0
1504187513,19723368,4732.00,0.24388700,0
1504187507,19723362,4725.60,0.10477408,1
1504187507,19723360,4725.60,0.10000000,1
1504187504,19723353,4725.58,0.50000000,0
1504187503,19723351,4725.58,0.31718813,0
1504187497,19723341,4725.58,0.04122033,0
1504187493,19723323,4720.02,0.01700000,1
1504187491,19723315,4722.25,0.50000000,0
1504187491,19723313,4722.25,0.50000000,0
1504187490,19723307,4720.01,0.04244086,1
1504187482,19723302,4722.19,0.07433859,0
1504187481,19723301,4722.19,0.24514083,0
1504187481,19723300,4721.78,0.75485917,0
1504187481,19723299,4721.78,0.04604300,1
1504187481,19723297,4720.00,0.00218343,1
1504187481,19723295,4720.00,0.52682770,1
1504187480,19723291,4720.01,0.00217230,0
1504187474,19723288,4720.60,1.00000000,1
1504187474,19723287,4720.66,0.61100000,1
1504187474,19723286,4720.66,1.00000000,0
1504187472,19723285,4722.00,1.86000000,1
1504187469,19723279,4722.00,0.14000000,1
1504187467,19723276,4722.19,0.12132000,0
1504187466,19723275,4722.00,0.50000000,1
1504187465,19723274,4722.19,0.00244216,0
1504187461,19723263,4722.00,0.50000000,1
1504187459,19723261,4722.19,0.00224079,0
1504187458,19723260,4722.19,0.05451763,0
1504187458,19723259,4722.19,0.44548237,0
1504187458,19723258,4722.01,0.50000000,1
1504187453,19723247,4722.19,0.00231150,0
1504187450,19723235,4722.19,0.01098508,0
1504187449,19723233,4722.19,0.03890356,0
1504187447,19723230,4722.19,0.00231749,0
1504187446,19723229,4725.58,0.13925000,0
1504187446,19723228,4722.18,4.73000000,1
1504187445,19723227,4722.19,0.27000000,1
1504187444,19723224,4722.24,0.36083826,1
1504187444,19723223,4722.28,0.13916174,1
1504187441,19723211,4722.26,0.42077912,1
1504187441,19723210,4722.27,0.07922088,1
1504187437,19723207,4725.58,0.00234154,0
1504187435,19723206,4722.21,0.41230932,1
1504187432,19723200,4725.59,0.50000000,1
1504187431,19723196,4735.19,0.00233725,0
1504187429,19723191,4735.19,0.18546457,0
1504187429,19723190,4735.19,0.14933340,0
1504187429,19723189,4725.60,0.36000000,1
1504187428,19723188,4735.19,0.14968776,0
1504187428,19723186,4735.19,0.00240027,0
1504187423,19723175,4725.59,1.00000000,1
1504187420,19723140,4735.91,0.00237177,0
1504187420,19723136,4722.28,0.50000000,1
1504187418,19723115,4722.27,0.43408433,1
1504187418,19723113,4735.20,0.06591567,1
1504187417,19723110,4735.20,0.50000000,1
1504187416,19723100,4735.20,0.50000000,1
1504187410,19723077,4734.89,2.11350000,0
1504187410,19723076,4732.01,0.50000000,0
1504187410,19723073,4732.01,0.39000000,0
1504187410,19723072,4725.09,0.50000000,0
1504187410,19723070,4725.09,0.28037100,0
1504187410,19723069,4725.05,0.15021333,0
1504187409,19723063,4722.24,0.21555439,1
1504187409,19723062,4722.26,0.14532561,1
1504187409,19723060,4725.04,0.13912000,1
1504187406,19723036,4725.09,0.00750000,0
1504187405,19723034,4725.09,0.21212900,0
1504187405,19723029,4725.04,0.48787100,0
1504187404,19723021,4725.04,0.01212900,0
1504187398,19723014,4725.13,0.50000000,1
1504187395,19723008,4725.11,0.50000000,1
1504187392,19723002,4725.10,0.50000000,1
1504187389,19723001,4725.08,0.50000000,1
1504187387,19723000,4732.01,0.11000000,0
1504187387,19722999,4728.37,0.50000000,0
1504187387,19722998,4728.37,0.50000000,0
1504187387,19722997,4728.37,0.50000000,0
1504187382,19722991,4724.97,0.08068152,1
1504187375,19722986,4728.39,0.50000000,1
1504187373,19722985,4728.36,0.49871220,1
1504187373,19722984,4728.36,0.00128780,1
1504187372,19722979,4735.94,0.07600715,0
1504187362,19722971,4735.93,0.50000000,0
1504187362,19722970,4735.93,0.44333024,0
1504187362,19722969,4732.07,0.50000000,0
1504187361,19722965,4735.93,0.05666976,0
1504187352,19722949,4732.08,0.50000000,1
1504187352,19722947,4735.94,5.71760000,1
1504187349,19722942,4735.94,0.50000000,1
1504187347,19722932,4736.98,1.85806845,0
1504187347,19722930,4736.98,0.07596882,0
1504187347,19722929,4736.98,0.07596273,0
1504187346,19722926,4735.94,0.50000000,1
1504187343,19722921,4732.04,0.50000000,1
1504187343,19722920,4732.04,0.50000000,1
1504187342,19722918,4736.98,0.13499055,1
1504187334,19722912,4736.98,0.50000000,1
1504187333,19722903,4736.98,0.50000000,1
1504187333,19722899,4735.48,0.22469338,0
1504187332,19722897,4736.98,0.12490662,1
1504187331,19722886,4736.98,0.53325944,1
1504187323,19722861,4736.98,1.00000000,0
1504187322,19722857,4736.20,0.00131262,1
1504187318,19722853,4736.98,1.00178516,0
1504187317,19722852,4736.96,0.20800000,1
1504187317,19722851,4736.96,0.02400000,0
1504187316,19722850,4736.20,0.20700000,1
1504187313,19722849,4736.20,0.20800000,0
1504187293,19722830,4736.94,0.10880423,0
1504187293,19722829,4736.76,0.03128709,0
1504187293,19722828,4736.75,0.20800000,0
1504187293,19722827,4736.75,0.05190868,0
1504187292,19722825,4736.75,0.15509132,0
1504187292,19722824,4736.20,0.09000000,0
1504187286,19722818,4736.66,0.85296126,0
1504187286,19722817,4736.64,0.20000000,0
1504187280,19722810,4736.73,0.06317650,0
1504187279,19722798,4730.00,0.32741409,1
