date,tid,price,amount,type
1503082472,18776518,4154.99,0.08610000,0
1503082457,18776513,4145.52,0.06000000,1
1503082448,18776507,4160.70,0.01367700,0
1503082440,18776506,4160.72,0.06028499,0
1503082440,18776505,4160.72,0.29514428,1
1503082440,18776504,4160.72,0.89900000,1
1503082439,18776500,4155.92,0.00470000,0
1503082438,18776499,4155.92,0.24530000,1
1503082438,18776498,4155.92,0.05000000,1
1503082438,18776497,4155.92,0.05000000,1
1503082438,18776496,4155.92,0.20000000,1
1503082438,18776495,4155.92,0.02500000,1
1503082428,18776490,4159.73,0.24830000,0
1503082427,18776488,4159.73,0.05000000,1
1503082427,18776487,4159.73,0.05000000,1
1503082427,18776486,4159.73,0.10000000,1
1503082427,18776485,4159.73,0.05000000,1
1503082426,18776484,4159.73,0.24530000,1
1503082426,18776483,4159.73,0.08440000,1
1503082423,18776482,4160.78,0.00274898,0
1503082417,18776480,4160.32,0.02000000,0
1503082414,18776476,4159.73,0.11000000,0
1503082414,18776475,4159.68,0.05090000,0
1503082408,18776474,4160.00,5.31530237,1
1503082407,18776473,4159.77,4.99999763,0
1503082407,18776472,4159.71,2.40430000,0
1503082407,18776471,4159.70,0.72000000,0
1503082407,18776470,4159.68,1.56040000,0
1503082405,18776469,4159.70,0.17894113,0
1503082405,18776468,4155.97,0.02326394,0
1503082400,18776465,4155.92,0.02500000,1
1503082400,18776464,4155.97,0.00173606,0
1503082400,18776463,4145.54,0.03472081,1
1503082400,18776462,4155.92,0.01720789,1
1503082398,18776461,4151.53,0.03000000,0
1503082398,18776460,4146.50,0.15305211,0
1503082397,18776457,4146.50,0.05000000,0
1503082395,18776456,4155.97,0.02734000,1
1503082394,18776455,4157.44,0.05000000,0
1503082393,18776452,4157.45,0.07176481,0
1503082392,18776451,4159.51,0.72320000,1
1503082391,18776448,4159.51,0.01798556,1
1503082391,18776447,4160.00,5.66197153,1
1503082390,18776446,4160.28,0.55957681,0
1503082390,18776445,4160.00,2.40560000,1
1503082388,18776444,4160.00,0.12000000,1
1503082388,18776443,4155.99,4.40182847,0
1503082387,18776442,4155.95,2.41060000,0
1503082385,18776441,4155.99,4.22817153,0
1503082385,18776440,4155.93,0.04910000,0
1503082384,18776439,4155.93,0.13000000,0
1503082384,18776438,4155.92,0.59272847,0
1503082380,18776434,4140.01,0.64016212,0
1503082380,18776433,4140.01,0.59418328,0
1503082380,18776432,4140.01,0.00352511,0
1503082378,18776430,4151.34,0.03150000,1
1503082372,18776429,4155.96,0.51210000,0
1503082371,18776428,4155.95,0.72260000,0
1503082363,18776421,4155.94,0.12002098,0
1503082358,18776420,4155.97,0.01200201,0
1503082352,18776414,4160.30,0.96370000,0
1503082352,18776413,4160.28,1.56040000,0
1503082349,18776412,4160.32,1.06469011,0
1503082349,18776411,4160.31,0.89900000,0
1503082348,18776410,4160.30,0.01225788,0
1503082348,18776407,4155.63,0.16000000,0
1503082344,18776398,4155.64,2.47223493,0
1503082343,18776397,4151.39,0.18000000,0
1503082343,18776396,4151.37,0.11700000,0
1503082343,18776395,4151.34,0.13775517,0
1503082339,18776391,4151.36,0.68980000,0
1503082337,18776390,4151.36,0.12075073,0
1503082337,18776389,4151.36,0.02102180,0
1503082333,18776385,4148.85,0.05709085,1
1503082332,18776384,4151.38,0.34469000,0
1503082331,18776381,4151.38,0.76553000,0
1503082331,18776380,4151.38,2.07785000,0
1503082330,18776378,4142.00,0.09767300,1
1503082330,18776376,4151.38,2.86699010,0
1503082330,18776375,4148.85,0.04000000,0
1503082329,18776372,4151.39,0.06655170,0
1503082329,18776371,4151.39,0.19000000,0
1503082329,18776370,4148.85,0.10500000,0
1503082328,18776369,4148.85,0.12640221,0
1503082328,18776368,4148.83,0.01404609,0
1503082328,18776367,4148.00,0.50000000,0
1503082327,18776366,4148.83,0.08075391,1
1503082326,18776365,4148.85,0.11059691,0
1503082326,18776362,4148.83,0.37328658,1
1503082325,18776361,4142.00,0.02000000,1
1503082323,18776340,4148.85,0.02299098,0
1503082322,18776330,4148.83,0.39928876,0
1503082320,18776328,4148.85,0.00300990,0
1503082318,18776327,4148.85,0.01547460,0
1503082314,18776317,4148.87,0.07220324,0
1503082314,18776316,4151.33,0.04749272,0
1503082314,18776315,4148.88,0.07669772,0
1503082314,18776314,4148.88,0.44716488,0
1503082313,18776313,4148.88,0.47613740,0
1503082312,18776312,4148.88,0.00150000,1
1503082309,18776310,4151.35,0.08326137,0
1503082306,18776302,4151.36,0.11935716,0
1503082299,18776299,4145.57,0.04000000,1
1503082289,18776292,4155.64,1.07152463,0
1503082282,18776289,4160.28,0.03535207,0
1503082282,18776288,4160.28,0.05776654,0
1503082277,18776286,4151.79,0.82395400,1
1503082275,18776283,4160.31,0.03691928,0
1503082268,18776276,4151.79,0.15547186,1
1503082265,18776275,4160.35,0.12684657,0
1503082264,18776274,4151.77,0.28389900,1
1503082264,18776273,4151.77,0.17765802,1
1503082262,18776272,4160.35,0.01100000,0
1503082258,18776269,4151.77,0.28160000,1
1503082258,18776268,4151.78,4.16000000,1
1503082258,18776267,4158.88,0.00250000,1
1503082257,18776266,4158.89,0.47900000,1
1503082257,18776265,4158.89,0.07690000,1
1503082244,18776257,4164.84,0.01370016,0
1503082231,18776253,4164.90,0.01056278,0
1503082216,18776249,4158.03,0.11370662,1
1503082212,18776237,4158.03,1.77000000,1
1503082212,18776234,4158.03,0.29369796,1
1503082211,18776233,4158.03,0.36484413,1
1503082211,18776232,4166.64,0.47885232,0
1503082210,18776231,4158.03,0.24694043,1
1503082209,18776230,4158.03,1.10048020,1
1503082209,18776229,4158.03,0.02831523,1
1503082207,18776228,4166.67,0.46030513,0
1503082207,18776227,4166.67,0.02741958,0
1503082196,18776221,4166.68,0.20468903,0
1503082196,18776220,4166.65,0.22650386,0
1503082196,18776219,4166.67,0.10480102,0
1503082196,18776218,4166.67,0.76198656,0
1503082196,18776217,4166.65,0.47800000,0
1503082191,18776214,4166.68,0.01006062,0
1503082191,18776212,4166.65,1.56040000,0
1503082189,18776205,4166.67,0.86995200,0
1503082183,18776192,4166.73,0.01197102,0
1503082164,18776185,4166.92,0.04275000,0
1503082157,18776182,4166.97,0.00268615,0
1503082149,18776168,4168.87,0.00819300,0
1503082147,18776167,4158.07,0.10516993,1
1503082146,18776166,4158.07,0.47800000,1
1503082146,18776165,4158.07,0.47800000,1
1503082146,18776163,4158.07,0.47700000,1
1503082146,18776161,4158.07,0.47800000,1
1503082145,18776160,4158.07,0.47800000,1
1503082144,18776157,4168.90,0.11054099,0
1503082132,18776153,4169.03,0.00300000,0
1503082107,18776148,4164.87,0.00904399,0
1503082105,18776147,4158.03,0.01067374,1
1503082098,18776143,4164.92,0.08615542,0
1503082097,18776142,4164.92,0.03073882,0
1503082095,18776139,4164.94,0.70963633,0
1503082090,18776137,4158.01,0.04377900,1
1503082089,18776134,4158.01,0.01075700,1
1503082081,18776128,4169.28,3.57925036,0
1503082078,18776127,4149.20,12.16415128,1
1503082078,18776126,4149.21,0.41000000,1
1503082078,18776125,4149.23,3.13020000,1
1503082078,18776124,4150.00,0.12048193,1
1503082078,18776123,4150.00,1.92185517,1
1503082077,18776122,4150.08,1.56040000,1
1503082077,18776121,4155.73,2.40020000,1
1503082077,18776120,4156.00,3.00000000,1
1503082077,18776119,4158.00,8.98006181,1
1503082077,18776118,4158.01,1.30264981,1
1503082075,18776117,4165.01,0.00478990,0
1503082073,18776116,4158.01,0.02597931,1
1503082073,18776115,4158.01,0.01104872,1
1503082068,18776113,4165.02,0.02197289,0
1503082068,18776112,4158.01,1.62909660,1
1503082068,18776111,4158.01,1.19861192,1
1503082067,18776110,4158.01,0.15261364,1
1503082067,18776109,4160.60,0.16558983,1
1503082065,18776108,4160.60,0.74674383,1
1503082061,18776107,4165.03,0.04138100,0
1503082050,18776101,4165.03,0.07189658,0
1503082048,18776099,4165.03,0.08381464,0
1503082040,18776094,4158.00,0.19984356,1
1503082037,18776093,4164.72,0.06651209,0
1503082035,18776092,4164.73,0.06600000,0
1503082035,18776091,4164.73,0.01054894,0
1503082035,18776090,4158.00,0.02456175,1
1503082034,18776088,4158.00,0.40704878,1
1503082034,18776087,4160.61,0.00400000,1
1503082033,18776086,4160.61,0.01600000,0
1503082030,18776083,4158.00,0.41751829,1
1503082029,18776082,4158.00,0.27554900,1
1503082029,18776081,4158.00,0.80627658,1
1503082029,18776080,4158.00,0.56356297,1
1503082027,18776079,4158.00,7.00000000,1
1503082025,18776078,4155.47,0.28645576,1
1503082024,18776077,4160.61,0.13400000,0
1503082024,18776076,4160.61,0.04600000,0
1503082021,18776075,4155.50,0.22475415,0
1503082021,18776074,4155.50,1.00000000,0
1503082020,18776073,4155.50,0.54654585,0
1503082020,18776072,4155.50,0.13433000,1
1503082020,18776071,4155.54,0.83100000,1
1503082019,18776070,4155.50,2.26337000,1
1503082019,18776069,4160.60,0.03000000,0
1503082017,18776068,4155.58,0.81046849,1
1503082014,18776057,4160.60,0.11931773,0
1503082008,18776056,4160.60,0.91700000,0
1503082008,18776055,4160.60,0.31852000,0
1503082007,18776054,4160.60,0.12000000,0
1503082006,18776053,4160.60,0.01407092,0
1503082005,18776050,4158.10,0.19654441,1
1503082004,18776049,4158.10,0.09617261,1
1503082004,18776047,4155.45,1.41557196,1
1503082003,18776046,4158.09,0.21863380,1
1503082003,18776045,4158.09,0.13136620,1
1503082002,18776044,4160.60,0.07698125,0
1503081999,18776040,4160.60,0.16094613,0
1503081994,18776034,4160.60,0.10748067,0
1503081988,18776028,4160.60,0.02450848,0
1503081982,18776008,4155.45,0.02000000,1
1503081978,18776004,4160.62,1.00000000,0
1503081977,18776003,4160.61,2.00000000,0
1503081975,18776002,4158.10,0.29939000,1
1503081970,18776000,4158.10,0.05000000,1
1503081969,18775999,4164.85,1.38018187,0
1503081969,18775998,4164.84,1.21861813,0
1503081969,18775997,4164.84,2.40120000,0
1503081969,18775996,4158.10,1.78138187,1
1503081968,18775995,4158.10,2.00000000,1
1503081948,18775992,4156.41,0.01226435,1
1503081896,18775980,4164.89,0.65278557,0
1503081889,18775977,4155.44,0.04790000,1
1503081888,18775976,4160.18,0.99340000,0
1503081887,18775974,4155.00,0.65500000,0
1503081883,18775973,4160.19,0.22440331,0
1503081882,18775972,4153.03,0.38700032,1
1503081882,18775971,4157.98,4.61299968,1
1503081880,18775970,4160.19,0.68200000,0
1503081878,18775969,4157.98,0.02700032,1
1503081878,18775968,4160.00,0.01333778,1
1503081873,18775967,4160.19,0.11970108,0
1503081872,18775966,4160.19,0.00819622,0
1503081871,18775965,4160.19,0.04455377,0
1503081869,18775964,4160.19,0.12200000,0
1503081868,18775963,4160.19,0.20000000,0
1503081858,18775960,4160.20,1.14800000,0
1503081855,18775959,4160.33,0.11716228,1
1503081854,18775958,4164.95,0.03074800,0
1503081854,18775957,4164.95,0.12000000,0
1503081853,18775956,4160.33,0.31570936,1
1503081853,18775955,4160.33,0.04649664,1
1503081852,18775954,4160.33,1.08103172,1
1503081851,18775953,4164.95,0.10828438,0
1503081848,18775952,4161.68,0.20529770,0
1503081846,18775950,4164.95,0.02203388,0
1503081846,18775949,4164.95,0.00497500,0
1503081844,18775946,4164.95,0.24050809,0
1503081844,18775945,4161.14,0.10849191,0
1503081842,18775944,4161.14,0.09150809,1
1503081841,18775943,4161.14,0.01950000,1
1503081838,18775937,4164.95,0.05172791,0
1503081833,18775923,4164.95,1.37200106,0
1503081833,18775922,4164.94,0.00299894,0
1503081827,18775920,4161.17,0.01000000,1
1503081827,18775919,4161.17,0.01340861,1
1503081825,18775918,4161.14,0.02000000,1
1503081824,18775917,4169.60,0.07135510,0
1503081820,18775915,4160.73,0.04300000,1
1503081803,18775910,4166.09,0.01100000,0
1503081802,18775909,4166.09,0.25872045,0
1503081802,18775908,4165.00,0.52027955,0
1503081801,18775907,4165.00,0.15102880,0
1503081800,18775906,4165.00,0.01216646,0
1503081795,18775901,4165.00,0.09523100,0
1503081786,18775899,4165.00,0.02203361,0
1503081785,18775898,4165.00,1.39200000,0
1503081785,18775896,4165.00,0.03857770,0
1503081784,18775895,4165.00,0.03857770,0
1503081782,18775894,4160.31,0.00690900,1
1503081769,18775892,4165.00,0.29800000,0
1503081758,18775890,4165.00,0.40600000,0
1503081748,18775887,4164.99,0.00821878,0
1503081746,18775884,4165.00,0.02610518,0
1503081743,18775883,4164.98,0.02000000,0
1503081738,18775881,4164.07,0.02100000,0
1503081738,18775880,4164.07,0.00054498,0
1503081738,18775879,4163.38,0.02090000,0
1503081728,18775875,4160.06,0.00239026,1
1503081727,18775874,4163.37,0.02100000,0
1503081709,18775869,4166.95,0.02816434,0
1503081708,18775867,4166.96,0.19026054,0
1503081699,18775863,4162.71,0.31477890,0
1503081699,18775862,4162.71,0.97000000,0
1503081698,18775861,4162.71,0.37362988,0
1503081698,18775860,4162.71,0.03221074,0
1503081697,18775859,4162.77,0.03221074,0
1503081694,18775858,4162.79,0.54872984,1
1503081693,18775857,4162.72,0.05925947,0
1503081688,18775854,4162.75,2.29600000,0
1503081687,18775850,4160.75,0.56449552,0
1503081686,18775845,4160.75,0.03220362,0
1503081685,18775841,4160.75,1.52230590,1
1503081684,18775840,4162.79,0.00563772,0
1503081684,18775839,4160.75,2.46616979,1
1503081683,18775837,4160.75,0.04640000,1
1503081683,18775836,4160.75,0.05115906,1
1503081682,18775835,4160.66,0.00396525,0
1503081681,18775833,4160.00,0.01536222,1
1503081679,18775831,4160.67,0.02148047,0
1503081679,18775830,4160.67,0.45999842,0
1503081679,18775829,4160.67,0.05235132,0
1503081679,18775828,4160.67,0.04710160,0
1503081678,18775827,4160.67,0.45151822,0
1503081678,18775825,4160.74,4.50138018,1
1503081676,18775822,4160.74,0.00861982,1
1503081674,18775821,4161.00,1.00000000,1
1503081669,18775813,4164.00,0.61500000,1
1503081669,18775812,4164.00,0.47700000,1
1503081669,18775811,4164.00,0.47700000,1
1503081668,18775809,4164.00,0.27904846,1
1503081668,18775808,4164.01,1.90242212,1
1503081646,18775769,4166.57,0.09500000,0
1503081616,18775763,4166.59,0.01520149,0
1503081616,18775761,4166.59,0.09000000,0
1503081612,18775759,4163.38,0.47700000,1
1503081612,18775758,4163.39,1.56040000,1
1503081573,18775736,4174.99,0.01018126,0
1503081573,18775735,4174.97,0.01409352,0
1503081557,18775720,4163.02,0.07537299,1
1503081551,18775715,4174.97,0.46590514,0
1503081550,18775712,4174.97,0.02728700,0
1503081547,18775710,4174.99,0.13219933,0
1503081546,18775709,4174.99,0.09000000,0
1503081542,18775702,4174.98,0.02770000,0
1503081534,18775701,4174.96,0.05000000,0
1503081532,18775700,4174.99,0.21372437,1
1503081531,18775699,4174.97,0.15490000,0
1503081494,18775693,4174.99,0.02294177,0
1503081484,18775690,4175.00,0.01102673,0
1503081448,18775672,4175.00,0.29596200,0
1503081446,18775671,4175.00,0.05000000,0
1503081445,18775670,4175.00,1.01751000,0
1503081443,18775669,4175.00,1.61199500,0
1503081432,18775662,4174.99,0.20458731,1
1503081429,18775661,4175.00,1.63749200,0
1503081426,18775660,4175.00,0.35101466,0
1503081425,18775659,4175.00,0.03840442,0
1503081401,18775652,4175.00,0.00650652,0
1503081396,18775650,4175.00,0.00176217,0
1503081395,18775649,4174.99,0.04522155,0
1503081392,18775648,4174.99,0.00477845,0
1503081388,18775646,4174.98,0.00203272,0
1503081388,18775645,4174.96,0.00967715,0
1503081377,18775637,4175.00,0.20998903,0
1503081374,18775636,4169.88,0.02174757,1
1503081373,18775635,4172.00,0.12462643,1
1503081372,18775633,4172.00,0.00462376,1
1503081371,18775631,4172.00,0.05135955,1
1503081370,18775629,4172.00,0.01971000,1
1503081354,18775608,4175.00,0.01326141,0
1503081352,18775605,4174.99,0.00267976,0
1503081351,18775604,4174.94,0.37754315,0
1503081317,18775587,4175.00,0.00666044,0
1503081314,18775585,4175.00,1.06101509,0
1503081307,18775554,4174.99,0.01906583,0
1503081306,18775553,4174.97,0.00299151,0
1503081290,18775549,4174.96,0.05589114,0
1503081287,18775548,4160.86,0.00959631,1
1503081274,18775546,4175.00,2.28500929,0
1503081274,18775545,4174.99,0.08000000,0
1503081274,18775544,4174.98,1.61235670,0
1503081274,18775543,4174.98,0.78204330,0
1503081274,18775542,4174.95,0.00155494,0
1503081220,18775499,4173.79,2.38535170,0
1503081220,18775498,4173.71,0.00986361,0
1503081217,18775496,4173.71,0.04813639,0
1503081217,18775495,4172.80,0.00026069,0
1503081177,18775482,4172.80,0.02298481,0
1503081137,18775474,4161.76,0.07086108,1
1503081137,18775473,4161.76,0.00671680,1
1503081127,18775470,4172.80,0.02199243,0
1503081124,18775464,4172.80,0.07536436,0
1503081112,18775462,4161.62,0.02000000,1
1503081110,18775461,4172.82,0.01180110,0
1503081100,18775458,4161.54,0.02000000,1
1503081088,18775456,4169.96,0.00932972,1
1503081083,18775455,4173.72,0.21644082,0
1503081082,18775453,4173.73,0.42400000,0
1503081080,18775450,4173.73,5.00000000,0
1503081079,18775449,4173.73,0.18626177,0
1503081078,18775448,4173.73,0.01890000,0
1503081074,18775445,4177.00,1.14754204,1
1503081070,18775444,4178.21,0.05463900,0
1503081068,18775443,4179.97,0.14123596,0
1503081068,18775442,4179.97,0.00370696,0
1503081055,18775436,4177.00,0.55625900,1
1503081054,18775434,4177.00,0.07587044,1
1503081054,18775433,4177.00,0.76433021,1
1503081054,18775432,4177.01,0.25209030,1
1503081053,18775431,4177.01,2.13920970,1
1503081049,18775429,4177.02,0.78382306,1
1503081048,18775428,4177.02,2.00000000,1
1503081046,18775427,4179.81,0.05894982,0
1503081045,18775426,4178.48,0.00119900,0
1503081045,18775425,4177.01,0.15000052,1
1503081036,18775424,4177.01,0.02000000,1
1503081034,18775423,4177.00,1.35705953,1
1503081033,18775422,4177.01,0.50944059,1
1503081033,18775421,4178.00,1.17731852,1
1503081032,18775420,4178.00,0.09205199,0
1503081030,18775418,4177.00,1.95618136,1
1503081030,18775417,4177.00,0.00556837,1
1503081030,18775416,4177.00,0.04667100,1
1503081023,18775414,4177.01,0.20785017,1
1503081022,18775412,4178.00,0.02425720,0
1503081021,18775410,4178.00,0.08216666,0
1503081018,18775409,4177.01,0.01316917,1
1503081014,18775408,4177.00,0.60000000,1
1503081013,18775407,4178.00,0.00152415,0
1503081012,18775406,4177.26,0.00191276,0
1503081012,18775405,4177.25,0.02000000,0
1503081011,18775404,4177.00,0.89900000,1
1503081008,18775403,4177.00,8.36000000,1
1503081008,18775402,4176.12,9.00000000,0
1503081008,18775401,4175.00,1.57245522,0
1503081007,18775400,4174.98,0.00299230,0
1503081007,18775399,4174.96,0.00418775,0
1503081007,18775398,4174.94,8.00000000,0
1503081007,18775397,4174.94,1.56040000,0
1503081007,18775396,4171.52,8.58134881,0
1503081006,18775395,4170.00,5.41013397,0
1503081006,18775394,4169.99,0.10000000,0
1503080998,18775389,4169.98,0.33000000,0
1503080996,18775387,4170.00,1.19310803,0
1503080995,18775386,4169.85,1.95385800,0
1503080995,18775385,4169.85,1.55197788,0
1503080995,18775384,4169.84,0.05984649,0
1503080993,18775381,4169.85,0.00842212,0
1503080986,18775380,4169.89,0.02000000,0
1503080981,18775379,4160.08,0.00146500,1
1503080959,18775362,4169.97,0.04893441,0
1503080952,18775360,4169.98,0.44531819,0
1503080948,18775359,4160.03,0.57297126,1
1503080940,18775349,4161.00,3.00000000,0
1503080934,18775346,4165.00,0.04614200,1
1503080930,18775345,4166.91,0.42400000,1
1503080927,18775337,4171.52,0.00268295,0
1503080925,18775335,4171.52,0.06999510,0
1503080924,18775334,4171.52,0.04121450,0
1503080924,18775333,4171.51,0.13000000,0
1503080922,18775332,4166.91,0.19000000,1
1503080919,18775329,4171.51,0.02300000,0
1503080914,18775328,4168.00,2.00000000,1
1503080908,18775327,4171.50,0.10000000,0
1503080899,18775326,4169.97,0.00143646,0
1503080895,18775322,4169.98,0.06007300,0
1503080893,18775321,4169.98,0.05057742,0
1503080892,18775319,4169.98,0.05400000,0
1503080892,18775318,4169.98,0.10119052,1
1503080877,18775314,4169.99,0.25230000,0
1503080876,18775313,4171.52,0.69475864,0
1503080876,18775312,4171.51,0.14000000,0
1503080876,18775311,4170.00,0.00024136,0
1503080870,18775310,4170.00,0.00227467,0
1503080870,18775309,4170.00,0.00155420,0
1503080870,18775308,4169.99,0.07133059,0
1503080867,18775307,4169.98,0.02879335,0
1503080852,18775304,4169.98,0.01503893,0
1503080834,18775299,4169.99,0.05566941,0
1503080834,18775298,4169.97,0.00443359,0
1503080823,18775294,4165.00,0.06385800,1
1503080803,18775273,4169.99,0.00133545,1
1503080801,18775272,4169.98,0.11801378,0
1503080798,18775271,4169.98,0.02746952,0
1503080796,18775270,4169.98,0.60000000,0
1503080790,18775267,4169.98,0.01655605,0
1503080785,18775266,4165.01,1.24079003,1
1503080784,18775261,4169.99,0.37300000,0
1503080773,18775259,4169.00,0.40880000,0
1503080773,18775258,4168.99,0.05120000,0
1503080769,18775255,4169.00,0.21831880,0
1503080767,18775253,4168.99,0.00419599,0
1503080759,18775248,4170.00,0.10000000,0
1503080756,18775247,4170.00,1.53700000,0
1503080707,18775230,4170.00,0.22246282,0
1503080706,18775228,4170.00,0.26840000,0
1503080704,18775227,4170.00,0.03317500,0
1503080701,18775226,4169.99,0.03951678,1
1503080701,18775225,4169.99,0.05000000,1
1503080697,18775223,4170.00,0.48591044,0
1503080688,18775217,4170.00,0.51240000,0
1503080687,18775216,4170.00,0.50400000,0
1503080686,18775215,4170.00,0.40707953,0
1503080681,18775212,4170.00,1.00000000,0
1503080678,18775211,4170.00,1.98729619,0
1503080676,18775209,4170.00,0.99164764,0
1503080674,18775208,4170.00,0.18933185,0
1503080657,18775204,4170.00,0.01650346,0
1503080646,18775198,4170.00,0.22246282,0
1503080646,18775197,4170.00,0.05988210,0
1503080646,18775196,4170.00,0.02601600,0
1503080638,18775188,4170.00,0.11976420,0
1503080632,18775184,4169.99,0.00333035,0
1503080631,18775162,4169.99,0.05000000,0
1503080630,18775161,4169.99,0.01198129,0
1503080629,18775160,4169.99,0.16999000,0
1503080628,18775159,4169.99,0.00979424,0
1503080626,18775158,4169.99,0.05683000,0
1503080624,18775157,4169.99,0.09331001,0
1503080618,18775156,4169.99,0.69422000,0
1503080618,18775155,4169.97,1.51078000,0
1503080618,18775154,4169.97,0.04962000,0
1503080616,18775153,4168.00,0.39200000,1
1503080591,18775148,4170.00,0.57587792,0
1503080586,18775146,4169.98,1.13625245,0
1503080558,18775140,4173.99,0.01672980,0
1503080535,18775131,4170.24,2.94668683,0
1503080535,18775130,4170.23,0.04960000,0
1503080535,18775129,4170.23,0.00371317,0
1503080530,18775128,4170.20,0.42875586,0
1503080526,18775127,4170.22,0.21686000,0
1503080487,18775120,4174.61,0.37791597,0
1503080487,18775119,4173.00,0.20000000,0
1503080487,18775118,4172.99,0.00395316,0
1503080487,18775117,4171.00,0.15675511,0
1503080487,18775116,4171.00,0.02500000,0
1503080487,18775115,4171.00,0.01526429,0
1503080486,18775114,4171.00,0.00298060,0
1503080486,18775113,4170.00,0.20000000,0
1503080486,18775112,4169.00,0.20000000,0
1503080485,18775111,4168.88,2.06038350,0
1503080485,18775110,4168.88,1.30484476,0
1503080485,18775109,4168.88,0.02500000,0
1503080484,18775108,4168.88,0.22346590,0
1503080484,18775107,4168.87,0.00443671,0
1503080478,18775106,4168.88,0.12472000,0
1503080478,18775105,4161.62,0.37528000,0
1503080468,18775099,4168.88,0.16286584,0
1503080468,18775097,4167.17,0.00191739,0
1503080468,18775096,4167.17,0.00191739,0
1503080468,18775095,4165.00,0.02000000,0
1503080467,18775094,4164.36,0.02756809,0
1503080467,18775093,4161.62,0.00468170,0
1503080467,18775092,4160.00,1.48929127,0
1503080467,18775091,4160.00,0.29175832,0
1503080466,18775090,4160.00,0.12978006,0
1503080458,18775077,4160.00,4.64085252,0
1503080457,18775076,4160.00,0.40872151,0
1503080457,18775075,4159.99,0.05512192,0
1503080457,18775074,4159.99,0.12615657,0
1503080454,18775072,4159.99,0.23924340,0
1503080437,18775059,4160.00,0.02000000,0
1503080434,18775057,4159.99,0.11990407,0
1503080431,18775056,4160.00,0.39490041,0
1503080429,18775055,4160.00,4.10246287,0
1503080428,18775054,4160.00,1.42610000,0
1503080427,18775052,4160.00,0.07093761,0
1503080427,18775051,4159.60,0.02726101,0
1503080427,18775050,4159.58,0.00180138,0
1503080417,18775032,4152.87,0.02000000,1
1503080417,18775031,4159.60,0.04313899,0
1503080417,18775030,4159.60,0.00228303,0
1503080416,18775029,4159.59,0.03700000,0
1503080408,18775027,4159.61,0.01372305,0
1503080407,18775026,4159.99,0.56349414,0
1503080407,18775025,4159.99,0.06787514,0
1503080405,18775024,4152.83,0.04000000,1
1503080404,18775022,4159.99,0.85211511,0
1503080399,18775019,4160.00,3.00000000,0
1503080398,18775018,4160.00,4.20668565,0
1503080390,18775016,4160.00,0.00500000,0
1503080385,18775014,4159.99,0.03010000,0
1503080385,18775013,4160.00,0.04784868,0
1503080377,18775011,4160.00,2.12700000,0
1503080373,18775009,4159.99,0.00673153,0
1503080373,18775008,4159.99,0.59810851,0
1503080370,18775006,4152.81,0.02000000,1
1503080366,18775005,4160.00,0.21266092,0
1503080366,18775002,4160.00,0.11200000,0
1503080366,18775001,4160.00,0.30000000,0
1503080366,18775000,4160.00,1.00000000,0
1503080365,18774999,4160.00,0.99892582,0
1503080364,18774997,4160.00,0.12254388,0
1503080361,18774994,4160.00,0.00500000,0
1503080359,18774993,4160.00,4.54207382,0
1503080358,18774992,4152.62,0.05000000,1
1503080357,18774990,4160.00,0.45792617,0
1503080354,18774987,4160.00,0.24921287,0
1503080350,18774985,4160.00,0.05514903,0
1503080348,18774982,4160.00,0.01866297,0
1503080347,18774980,4160.00,0.01000000,0
1503080347,18774978,4152.62,0.02000000,1
1503080346,18774977,4160.00,0.05061431,0
1503080344,18774976,4160.00,0.32000000,0
1503080342,18774975,4160.00,0.32437050,0
1503080336,18774972,4160.00,0.01573174,0
1503080335,18774971,4160.00,0.36643644,0
1503080333,18774970,4160.00,1.00000000,0
1503080333,18774969,4160.00,0.30144863,0
1503080327,18774965,4160.00,3.00000000,0
1503080326,18774964,4160.00,0.36156533,0
1503080323,18774962,4152.51,0.07500000,1
1503080322,18774961,4160.00,4.94000000,0
1503080317,18774959,4160.00,1.00105867,0
1503080315,18774957,4160.00,0.38012406,0
1503080313,18774956,4160.00,3.00000000,0
1503080302,18774952,4160.00,0.00100000,0
1503080302,18774951,4159.99,2.40100000,0
1503080294,18774919,4159.86,0.02746700,0
1503080291,18774915,4159.98,1.45992769,0
1503080290,18774914,4159.98,0.07100000,0
1503080285,18774912,4160.00,0.00330877,0
1503080285,18774911,4159.89,0.55203613,0
1503080278,18774910,4159.98,0.11200000,0
1503080266,18774909,4150.02,0.01199400,1
1503080265,18774907,4159.99,0.15300000,0
1503080259,18774906,4150.01,0.30000000,1
1503080256,18774905,4150.01,0.80606097,1
1503080254,18774904,4159.99,0.11700000,0
1503080248,18774903,4160.00,0.06000000,0
1503080247,18774902,4150.00,0.07814483,1
1503080246,18774901,4159.99,1.00000000,0
1503080244,18774900,4160.00,2.25718056,0
1503080243,18774899,4160.00,2.51788673,0
1503080243,18774898,4159.99,0.04193271,0
1503080243,18774897,4159.99,0.18300000,0
1503080242,18774895,4159.99,0.11700000,0
1503080236,18774892,4159.94,0.02000000,1
1503080234,18774889,4159.95,1.29495115,0
1503080232,18774883,4159.98,0.26672877,0
1503080231,18774879,4156.91,1.00000000,1
1503080229,18774878,4160.00,0.00410000,0
1503080228,18774877,4160.00,1.13897115,0
1503080219,18774869,4164.35,0.00299623,0
1503080215,18774868,4144.95,0.09243549,1
1503080209,18774867,4156.30,0.45475338,1
1503080208,18774866,4156.30,0.52346119,1
1503080208,18774865,4164.35,0.02999218,0
1503080208,18774864,4160.23,0.01150520,0
1503080207,18774863,4156.30,0.99117051,1
1503080207,18774862,4158.98,1.00882949,1
1503080207,18774861,4154.65,1.98833580,0
1503080206,18774860,4153.99,0.00283471,0
1503080205,18774858,4138.37,0.40811732,0
1503080205,18774857,4139.89,8.80466200,1
1503080204,18774856,4139.94,0.31000000,1
1503080204,18774855,4139.94,8.50000000,0
1503080203,18774854,4139.94,1.64300000,0
1503080203,18774852,4144.86,10.21330000,1
1503080202,18774850,4144.91,1.73671482,0
1503080202,18774849,4144.91,1.71500000,0
1503080201,18774848,4144.91,0.18270586,0
1503080201,18774847,4144.92,2.40650000,0
1503080199,18774846,4153.98,0.08000000,1
1503080195,18774845,4153.99,0.00041356,0
1503080195,18774844,4152.00,1.00058644,0
1503080184,18774842,4139.94,0.04190499,1
1503080184,18774841,4151.93,0.01680000,1
1503080183,18774840,4152.00,2.00000000,0
1503080182,18774839,4152.00,0.59160000,0
1503080182,18774838,4151.98,2.40840000,0
1503080179,18774836,4151.99,0.01166420,0
1503080178,18774835,4151.99,0.33655428,0
1503080178,18774834,4151.99,1.25932090,0
1503080175,18774833,4139.91,2.13044519,1
1503080173,18774832,4152.00,0.31200000,0
1503080173,18774831,4151.91,0.30000000,0
1503080173,18774830,4151.88,3.13020000,0
1503080173,18774829,4151.88,1.25780000,0
1503080170,18774824,4151.88,0.30260000,0
1503080168,18774823,4151.92,0.04396000,0
1503080167,18774822,4151.92,0.02210302,0
1503080165,18774817,4151.92,0.04396000,0
1503080163,18774815,4138.38,0.26328518,1
1503080162,18774814,4151.93,0.04396000,0
1503080160,18774812,4151.93,0.66485995,0
1503080159,18774811,4140.02,0.25225377,0
1503080158,18774810,4140.02,0.04596311,0
1503080156,18774807,4151.96,0.04396000,0
1503080155,18774806,4149.00,0.09631329,1
1503080154,18774805,4144.00,1.13327813,0
1503080154,18774804,4140.00,0.00573600,0
1503080154,18774803,4138.37,0.02767258,0
1503080153,18774802,4138.37,0.00239692,0
1503080152,18774801,4138.37,0.01381000,0
1503080150,18774800,4143.97,0.01381000,0
1503080150,18774799,4144.00,0.13000000,0
1503080148,18774798,4144.00,0.01381000,0
1503080147,18774797,4138.36,0.06824000,0
1503080146,18774796,4138.36,0.13000000,1
1503080146,18774795,4138.37,0.01680000,1
1503080146,18774794,4138.37,0.01000000,1
1503080145,18774793,4143.98,0.06824000,0
1503080143,18774790,4144.00,0.06824000,0
1503080141,18774787,4144.00,0.06824000,0
1503080140,18774786,4144.00,0.06824000,0
1503080139,18774785,4138.44,0.05445099,0
1503080139,18774784,4138.37,0.01378901,0
1503080138,18774783,4125.95,37.40373451,1
1503080138,18774782,4125.97,3.13020000,1
1503080137,18774781,4126.10,0.00300000,1
1503080137,18774780,4127.00,4.00000000,1
1503080137,18774779,4127.02,1.56040000,1
1503080137,18774778,4130.00,0.01000000,1
1503080137,18774777,4130.00,0.13080000,1
1503080136,18774776,4130.21,0.10302943,1
1503080136,18774775,4130.22,0.15866900,1
1503080136,18774774,4131.00,1.57245522,1
1503080136,18774773,4133.00,0.36040471,1
1503080136,18774771,4135.00,1.56730713,1
1503080134,18774770,4138.37,0.02134000,0
1503080133,18774769,4135.86,0.07000000,1
1503080133,18774768,4138.37,0.02134000,0
1503080132,18774767,4138.37,0.02671298,0
1503080132,18774765,4135.86,0.04128702,0
1503080131,18774763,4135.86,0.00551298,0
1503080130,18774762,4135.86,0.00450702,0
1503080129,18774756,4135.86,0.01680000,0
1503080117,18774754,4135.00,0.01115662,1
1503080113,18774751,4143.99,0.01680000,0
1503080109,18774749,4144.00,0.12561000,0
1503080109,18774748,4133.01,0.05439000,0
1503080108,18774747,4143.99,0.11072661,1
1503080103,18774744,4133.00,3.69070127,1
1503080103,18774743,4133.00,0.17993761,1
1503080101,18774741,4140.00,0.77006239,1
1503080099,18774740,4143.99,0.50000000,0
1503080098,18774739,4143.99,0.01638324,0
1503080098,18774738,4141.60,0.05661676,0
1503080095,18774737,4141.60,0.01680000,0
1503080092,18774734,4141.60,0.02708324,0
1503080088,18774733,4140.00,0.07323199,1
1503080087,18774732,4141.59,0.10100000,0
1503080077,18774731,4141.60,0.01680000,0
1503080076,18774730,4144.00,0.65179657,0
1503080076,18774729,4143.99,0.05040000,0
1503080076,18774728,4141.61,2.29780343,0
1503080075,18774727,4141.61,0.11669657,0
1503080065,18774725,4143.98,0.01206500,0
1503080064,18774724,4143.98,0.01102000,0
1503080062,18774723,4141.62,0.01680000,0
1503080056,18774721,4140.00,0.07034649,1
1503080053,18774720,4140.39,0.06558743,0
1503080052,18774719,4140.39,0.07115230,0
1503080049,18774718,4143.95,0.00497500,1
1503080047,18774716,4140.39,0.01680000,0
1503080046,18774715,4140.00,0.07552019,1
1503080046,18774714,4140.39,0.03156914,0
1503080044,18774711,4144.00,0.05660000,0
1503080044,18774710,4140.40,0.05340000,0
1503080041,18774708,4140.40,0.01785000,0
1503080040,18774707,4133.25,0.05399021,1
1503080040,18774705,4138.37,0.02000000,1
1503080038,18774704,4140.40,0.01785000,0
1503080037,18774703,4143.97,0.35868220,0
1503080037,18774702,4143.97,0.01785000,0
1503080036,18774701,4143.96,0.04773821,0
1503080033,18774698,4140.40,0.32906099,0
1503080030,18774696,4143.98,0.04854357,0
1503080028,18774694,4144.00,0.01680000,0
1503080024,18774689,4139.86,0.01727305,0
1503080023,18774687,4138.37,0.01781050,0
1503080013,18774676,4144.91,0.02000000,1
1503080010,18774673,4144.91,0.27357800,1
1503080004,18774671,4133.03,0.82346517,1
1503080003,18774670,4137.00,0.70960660,1
1503080003,18774669,4138.06,0.13236200,1
1503080003,18774668,4138.07,0.13236200,1
1503080003,18774667,4138.08,1.25200000,1
1503080003,18774666,4138.37,0.02000000,1
1503080002,18774665,4138.37,0.02500000,1
1503080002,18774664,4138.38,0.09661515,1
1503080001,18774663,4144.92,0.00500000,0
1503079996,18774658,4145.94,0.00382100,0
1503079996,18774656,4145.94,0.07118625,0
1503079991,18774652,4155.78,0.36049379,0
1503079990,18774651,4154.99,0.04400000,0
1503079990,18774649,4138.37,0.01777364,0
1503079988,18774645,4138.37,0.01026727,0
1503079987,18774639,4138.37,0.00529159,0
1503079978,18774629,4154.96,0.02160790,0
1503079971,18774625,4154.99,0.02240047,1
1503079970,18774622,4155.00,0.03315441,0
1503079969,18774620,4133.76,0.01194700,0
1503079968,18774609,4155.00,4.92278401,0
1503079968,18774608,4155.00,0.66063028,0
1503079967,18774607,4151.53,0.05603579,0
1503079965,18774604,4151.53,0.01496607,0
1503079965,18774602,4151.53,0.00599814,0
1503079961,18774601,4132.00,0.29129100,1
1503079961,18774600,4132.00,9.70491209,0
1503079961,18774599,4132.32,9.22810413,1
1503079961,18774598,4133.00,1.00000000,1
1503079960,18774597,4133.00,0.00585116,0
1503079960,18774595,4134.00,0.07000000,1
1503079960,18774593,4134.00,0.01206924,1
1503079960,18774591,4137.51,0.11900200,1
1503079959,18774589,4137.51,2.00000000,0
1503079959,18774588,4137.59,0.01206397,1
1503079959,18774586,4137.60,0.13932600,1
1503079958,18774581,4137.60,8.90000000,0
1503079958,18774579,4137.60,3.45940000,0
1503079958,18774576,4137.68,9.50000000,1
1503079957,18774574,4137.92,1.00000000,1
1503079957,18774573,4137.92,0.14500000,0
1503079957,18774572,4137.97,0.18862800,1
1503079956,18774571,4138.00,0.33821469,1
1503079956,18774570,4138.37,0.03000000,1
1503079956,18774569,4150.00,0.78642912,1
1503079955,18774568,4150.00,0.07121785,0
1503079955,18774567,4150.01,0.01849075,0
1503079953,18774557,4150.00,0.27779800,1
1503079952,18774544,4150.00,0.00124008,1
1503079952,18774543,4157.99,0.05656942,1
1503079952,18774542,4158.98,0.01898501,0
1503079936,18774529,4158.99,0.23760567,0
1503079931,18774521,4138.37,0.00239169,1
1503079928,18774513,4145.00,0.01849075,1
1503079925,18774511,4137.92,0.01494906,1
1503079925,18774510,4159.99,0.49219500,0
1503079925,18774509,4138.37,0.03880500,0
1503079922,18774508,4137.92,0.02000000,1
1503079920,18774507,4159.99,0.60990000,0
1503079913,18774504,4160.21,0.15529783,0
1503079911,18774503,4160.21,1.41200000,0
1503079910,18774500,4137.60,0.16000000,1
1503079910,18774499,4160.21,0.04333386,0
1503079909,18774498,4160.21,0.11777048,0
1503079909,18774497,4160.21,0.07167647,0
1503079907,18774495,4160.21,0.03005284,0
1503079906,18774494,4160.21,0.10234229,0
1503079906,18774493,4160.21,0.02918181,1
1503079905,18774491,4160.23,0.09979657,0
1503079905,18774490,4160.23,1.21623445,0
1503079904,18774489,4160.23,0.48323784,0
1503079904,18774488,4160.23,0.28905209,0
1503079903,18774487,4160.23,0.18864579,0
1503079903,18774486,4160.23,0.75219054,0
1503079903,18774485,4160.21,1.56040000,0
1503079903,18774484,4160.21,0.29387139,0
1503079903,18774483,4160.21,0.05940331,0
1503079903,18774482,4160.21,0.18299801,0
1503079902,18774481,4160.21,1.60755964,0
1503079902,18774480,4160.21,0.08600012,0
1503079902,18774479,4160.21,0.50613367,0
1503079902,18774478,4160.21,0.05391666,0
1503079902,18774477,4160.21,0.26937227,0
1503079902,18774476,4160.21,0.07094493,0
1503079899,18774474,4160.23,0.37740246,0
1503079898,18774473,4160.23,0.02161013,0
1503079898,18774472,4160.23,0.07367747,0
1503079898,18774471,4160.23,0.09641593,0
1503079897,18774468,4160.23,0.64167473,0
1503079894,18774463,4134.00,0.71164054,0
1503079892,18774451,4164.30,0.02929856,1
1503079891,18774448,4138.37,0.02985000,1
1503079891,18774446,4134.00,0.06013259,1
1503079891,18774444,4134.00,0.01463279,1
1503079890,18774434,4128.00,5.69055891,1
1503079889,18774429,4128.02,3.13020000,0
1503079888,18774426,4128.02,0.24000000,0
1503079888,18774423,4128.46,1.00000000,1
1503079888,18774420,4130.00,0.00192254,1
1503079887,18774418,4130.00,0.00192254,1
1503079887,18774416,4130.00,0.04246850,1
1503079887,18774414,4130.00,1.17864000,1
1503079887,18774413,4130.00,3.00000000,0
1503079886,18774412,4130.21,0.01357761,1
1503079886,18774410,4133.50,0.50000000,1
1503079886,18774409,4133.50,9.09000000,0
1503079885,18774408,4133.59,11.34177562,1
1503079885,18774407,4133.63,0.54516369,1
1503079885,18774406,4133.63,1.56040000,0
1503079884,18774405,4133.66,0.54709507,1
1503079884,18774404,4135.00,0.70387073,1
1503079884,18774403,4138.37,1.79065457,1
1503079883,18774402,4138.50,9.21885800,1
1503079883,18774401,4138.50,0.09000000,0
1503079883,18774400,4138.51,1.10000000,1
1503079882,18774399,4139.62,0.21907200,1
1503079882,18774398,4139.62,0.43000000,0
1503079882,18774397,4140.00,0.00191789,1
1503079882,18774396,4141.05,0.02000000,1
1503079882,18774395,4143.37,10.00000000,1
1503079881,18774394,4145.23,0.25228500,1
1503079881,18774393,4145.23,1.62000000,0
1503079881,18774392,4145.23,2.40150000,0
1503079881,18774391,4147.00,1.00000000,1
1503079880,18774390,4147.01,9.86710000,0
1503079880,18774389,4147.01,2.40220000,0
1503079880,18774388,4148.64,10.00000000,1
1503079879,18774387,4148.66,3.13020000,0
1503079879,18774386,4148.66,2.39930000,0
1503079879,18774385,4148.68,1.56040000,0
1503079878,18774384,4151.50,0.38157800,1
1503079878,18774383,4153.78,0.43000000,1
1503079878,18774382,4155.86,0.09988000,1
1503079877,18774381,4155.86,0.09988000,1
1503079877,18774380,4155.86,0.09988000,1
1503079877,18774379,4155.86,0.09988000,1
1503079877,18774378,4155.86,1.48934532,0
1503079876,18774377,4164.33,0.09988000,1
1503079876,18774376,4164.33,0.09988000,1
1503079875,18774375,4164.35,0.10136000,1
1503079875,18774374,4164.35,0.09988000,1
1503079875,18774373,4164.35,0.09988000,1
1503079875,18774372,4164.35,0.09988000,1
1503079874,18774371,4164.35,0.09988000,1
1503079874,18774370,4164.36,0.06336350,1
1503079872,18774369,4165.00,0.08170000,1
1503079872,18774368,4165.00,0.09818000,1
1503079872,18774367,4165.00,0.09818000,1
1503079872,18774366,4165.00,0.09818000,1
1503079871,18774365,4165.00,0.06823051,1
1503079856,18774349,4165.00,0.02994949,1
1503079851,18774347,4168.88,0.03272000,0
1503079851,18774346,4168.83,0.03728000,0
1503079840,18774343,4168.83,0.10136000,1
1503079840,18774342,4168.83,0.10136000,1
1503079834,18774341,4168.85,0.01878965,0
1503079830,18774338,4168.83,0.10136000,1
1503079827,18774337,4168.88,0.06600000,0
1503079827,18774336,4165.00,0.10000000,0
1503079824,18774333,4164.36,0.03651650,1
1503079816,18774324,4164.36,0.09988000,1
1503079816,18774323,4164.35,0.15000000,0
1503079814,18774321,4168.86,0.00164510,0
1503079802,18774316,4164.36,0.04196803,0
1503079799,18774315,4164.32,0.34450439,0
1503079797,18774314,4164.32,0.16000000,0
1503079796,18774313,4164.32,0.04788102,0
1503079793,18774311,4152.00,0.02149200,1
1503079792,18774310,4164.37,0.20000000,0
1503079792,18774309,4164.35,1.36936449,0
1503079791,18774308,4164.30,0.16000000,0
1503079791,18774307,4155.31,0.00594965,0
1503079791,18774306,4155.29,2.40560000,0
1503079789,18774304,4155.31,0.03107677,0
1503079785,18774303,4155.31,0.01067358,0
1503079778,18774300,4164.32,0.11247305,0
1503079778,18774299,4155.32,0.00123946,0
1503079773,18774297,4155.32,0.01594190,0
1503079771,18774296,4164.32,0.01594190,0
1503079771,18774295,4164.32,0.01594190,0
1503079770,18774294,4164.32,0.35000000,0
1503079768,18774291,4164.32,0.15012741,0
1503079764,18774289,4152.96,0.14239546,1
1503079760,18774286,4154.26,0.06208800,1
1503079748,18774279,4169.56,0.56219946,0
1503079728,18774274,4155.46,0.02009899,1
1503079727,18774272,4173.00,0.06854522,0
1503079720,18774269,4155.37,0.00173612,1
1503079719,18774268,4173.60,0.01487890,0
1503079707,18774265,4173.72,0.02464000,1
1503079705,18774264,4173.72,0.50000000,0
1503079704,18774263,4173.72,0.42533000,1
1503079702,18774262,4173.72,0.03352175,1
1503079701,18774261,4173.73,0.05288000,0
1503079700,18774260,4173.73,0.15040000,0
1503079700,18774259,4173.70,0.04960000,0
1503079699,18774258,4173.73,0.03223000,0
1503079699,18774257,4173.72,0.09347000,0
1503079699,18774256,4173.71,0.10000000,0
1503079698,18774255,4173.72,0.09653000,0
1503079697,18774254,4173.71,0.05000000,0
1503079697,18774253,4173.70,0.05059000,0
1503079697,18774252,4152.46,0.06358050,1
1503079695,18774251,4173.70,0.20000000,0
1503079694,18774250,4173.70,0.05000000,0
1503079694,18774249,4173.71,0.00059000,1
1503079694,18774248,4173.71,0.04941000,0
1503079693,18774247,4173.71,0.05059000,1
1503079690,18774245,4173.72,0.20000000,0
1503079689,18774244,4173.73,0.25059000,0
1503079689,18774243,4173.73,0.05059000,0
1503079688,18774242,4173.73,0.20000000,0
1503079687,18774240,4173.72,0.05000000,0
1503079686,18774238,4173.73,0.20000000,0
1503079685,18774237,4173.73,0.18632145,0
1503079685,18774236,4173.72,0.10788805,0
1503079683,18774235,4173.72,0.10211195,0
1503079682,18774234,4173.73,0.18199000,0
1503079681,18774233,4173.73,1.31200000,0
1503079680,18774231,4173.73,0.06460000,0
1503079677,18774229,4173.73,0.24650000,0
1503079677,18774228,4173.73,0.25114000,0
1503079676,18774227,4173.70,0.05114000,0
1503079675,18774226,4173.71,0.20000000,0
1503079674,18774225,4173.77,0.20000000,1
1503079673,18774224,4174.00,0.00350000,0
1503079671,18774223,4173.98,0.23759600,0
1503079671,18774222,4173.76,0.01354400,0
1503079671,18774221,4173.76,0.13600000,0
1503079669,18774220,4173.76,0.08045600,0
1503079669,18774219,4173.76,0.11954400,0
1503079666,18774218,4173.76,0.01685600,0
1503079666,18774216,4173.73,0.24200000,0
1503079664,18774215,4152.15,0.04308350,1
1503079662,18774213,4173.74,0.25200000,0
1503079661,18774211,4173.74,0.20000000,0
1503079658,18774210,4173.77,0.05000000,0
1503079650,18774200,4173.80,0.22492300,1
1503079645,18774198,4173.88,0.10534000,1
1503079645,18774197,4173.79,0.09466000,0
1503079643,18774196,4173.79,0.16534000,0
1503079640,18774194,4173.85,0.05000000,0
1503079638,18774192,4151.86,0.01046058,1
1503079635,18774191,4173.80,0.41534000,0
1503079633,18774190,4173.85,0.16534000,0
1503079632,18774189,4151.83,0.05562050,1
1503079630,18774188,4173.83,0.01713316,0
1503079629,18774187,4173.83,0.01000000,0
1503079628,18774186,4173.83,0.01078303,0
1503079626,18774183,4173.85,0.01000000,0
1503079626,18774181,4173.86,0.01000000,0
1503079625,18774180,4173.86,0.03128000,0
1503079621,18774178,4173.89,0.04560000,0
1503079615,18774128,4151.75,0.03685456,1
1503079611,18774121,4173.95,0.20000000,0
1503079611,18774120,4173.95,0.04090000,0
1503079605,18774095,4151.65,0.03694000,1
1503079605,18774085,4174.00,0.09534000,0
1503079603,18774082,4174.05,0.10000000,0
1503079601,18774075,4151.64,0.07323199,1
1503079600,18774070,4174.05,0.05000000,0
1503079598,18774063,4174.06,0.14534000,0
1503079597,18774055,4174.06,0.14534000,0
1503079596,18774050,4174.06,0.10000000,0
1503079594,18774035,4174.10,0.10000000,0
1503079592,18774020,4174.13,0.06453000,0
1503079570,18773959,4174.30,0.01000000,0
1503079570,18773958,4174.30,0.20000000,0
1503079570,18773957,4151.53,0.05402850,1
1503079569,18773956,4174.32,0.01000000,0
1503079567,18773954,4174.32,0.02198441,0
1503079566,18773953,4174.32,0.00503000,0
1503079565,18773950,4174.32,0.04312760,0
1503079564,18773949,4174.31,0.22453000,0
1503079562,18773948,4174.33,0.24568600,0
1503079556,18773947,4174.35,0.20000000,0
1503079553,18773944,4174.38,0.14453000,0
1503079552,18773943,4174.38,0.10000000,0
1503079551,18773937,4174.40,0.06530000,0
1503079548,18773935,4174.44,0.20000000,0
1503079546,18773934,4174.43,0.10427814,0
1503079542,18773932,4174.47,0.24453000,0
1503079542,18773931,4174.47,0.24450000,0
1503079541,18773930,4174.47,0.05122617,0
1503079541,18773929,4174.47,0.05000000,0
1503079540,18773925,4174.49,0.06003000,0
1503079539,18773924,4151.52,0.02758184,1
1503079539,18773923,4174.49,0.18450000,0
1503079538,18773922,4174.50,0.06331130,0
1503079537,18773920,4151.52,0.08099300,1
1503079536,18773919,4174.50,0.20000000,0
1503079536,18773917,4174.50,0.02000000,0
1503079535,18773916,4174.50,0.34598000,0
1503079534,18773915,4174.52,0.16453000,0
1503079530,18773906,4174.55,0.19946099,0
1503079529,18773905,4174.55,0.19010597,0
1503079528,18773904,4174.56,0.12744902,0
1503079527,18773903,4174.56,0.21066914,0
1503079525,18773902,4174.56,0.24450000,0
1503079523,18773899,4174.56,0.24412000,0
1503079522,18773895,4174.58,0.24412000,0
1503079521,18773894,4174.67,0.02913000,1
1503079521,18773893,4174.67,0.20000000,1
1503079521,18773891,4174.70,0.20000000,0
1503079520,18773890,4174.66,0.30000000,0
1503079519,18773889,4151.51,0.03022108,1
1503079513,18773881,4174.64,0.19087000,0
1503079512,18773880,4174.60,0.20000000,0
1503079510,18773879,4174.61,0.24913000,0
1503079506,18773874,4174.62,0.50000000,0
1503079505,18773872,4151.51,0.05173999,1
1503079504,18773871,4174.70,0.40661000,0
1503079503,18773869,4151.50,0.11842200,1
1503079502,18773868,4174.65,0.41913000,0
1503079500,18773867,4174.67,0.12426000,0
1503079499,18773866,4174.67,0.12487000,0
1503079497,18773865,4174.67,0.10000000,0
1503079495,18773864,4174.68,0.10000000,0
1503079494,18773863,4174.68,0.03597560,0
1503079492,18773861,4151.16,0.02000000,1
1503079491,18773858,4180.01,0.20000000,0
1503079489,18773857,4175.16,0.03800000,0
1503079489,18773856,4175.16,0.65430000,0
1503079488,18773854,4180.03,3.39420000,0
1503079488,18773853,4175.16,0.77500000,0
1503079487,18773852,4180.03,0.01000000,0
1503079485,18773851,4175.18,0.01750000,0
1503079483,18773850,4175.18,0.11863844,0
1503079479,18773848,4180.12,0.77382524,0
1503079479,18773846,4177.26,0.00191276,0
1503079479,18773845,4175.23,0.03376200,0
1503079479,18773844,4175.21,2.40150000,0
1503079478,18773843,4175.21,0.01000000,0
1503079470,18773841,4175.23,0.01000000,0
1503079470,18773838,4151.07,0.23000000,1
1503079469,18773837,4175.23,0.01000000,0
1503079467,18773836,4175.23,0.01000000,0
1503079466,18773835,4180.18,0.01000000,0
1503079462,18773827,4175.23,0.01000000,0
1503079461,18773826,4139.61,8.06224694,1
1503079461,18773825,4139.61,1.56040000,0
1503079460,18773824,4139.61,0.01000000,0
1503079460,18773822,4139.63,3.13020000,0
1503079459,18773820,4140.00,0.00191789,1
1503079459,18773818,4140.13,0.01029830,1
1503079459,18773814,4140.30,0.32934700,1
1503079459,18773813,4140.30,0.01000000,0
1503079458,18773812,4140.30,0.02379280,0
1503079458,18773810,4145.59,11.56156900,1
1503079458,18773809,4148.30,0.46947063,1
1503079458,18773808,4148.30,1.00000000,0
1503079458,18773807,4148.30,0.01000000,0
1503079457,18773806,4149.20,0.02000000,1
1503079457,18773805,4151.37,10.00000000,1
1503079457,18773804,4151.37,1.56040000,0
1503079457,18773803,4151.37,0.07200000,0
1503079456,18773802,4151.44,0.25000000,1
1503079456,18773801,4155.55,2.00000000,1
1503079456,18773800,4155.55,0.01000000,0
1503079455,18773799,4157.01,10.74380000,1
1503079455,18773798,4158.00,1.00000000,1
1503079455,18773797,4158.00,1.66410346,0
1503079455,18773796,4161.11,2.32860800,0
1503079454,18773795,4161.11,0.06759200,0
1503079454,18773794,4163.50,7.15002807,1
1503079453,18773793,4163.50,1.68500000,0
1503079453,18773792,4163.50,2.39100000,0
1503079453,18773791,4163.50,2.00000000,0
1503079453,18773790,4163.50,0.64293293,0
1503079453,18773789,4163.50,0.02923940,0
1503079453,18773788,4163.50,0.02923940,0
1503079453,18773787,4163.50,0.02923940,0
1503079452,18773786,4163.50,0.02923940,0
1503079452,18773785,4163.50,0.01000000,0
1503079452,18773784,4163.50,0.01000000,0
1503079452,18773783,4164.00,1.00000000,1
1503079451,18773782,4165.00,0.50000000,1
1503079451,18773780,4165.17,0.29334216,1
1503079451,18773779,4165.17,2.00000000,0
1503079450,18773778,4165.47,0.04000000,0
1503079450,18773777,4168.65,0.17000000,1
1503079449,18773776,4168.65,0.27950800,0
1503079449,18773775,4168.73,10.40000000,1
1503079448,18773774,4168.81,10.33801500,1
1503079448,18773773,4168.81,0.22000000,0
1503079447,18773772,4168.83,1.75800000,0
1503079447,18773770,4171.00,0.50000000,1
1503079446,18773769,4171.01,0.61000000,0
1503079445,18773767,4175.24,0.04931000,0
1503079444,18773766,4175.24,0.00301100,1
1503079444,18773765,4175.25,2.00000000,1
1503079444,18773764,4188.50,0.00474122,1
1503079443,18773763,4184.33,0.00598100,0
1503079442,18773760,4188.50,0.05728605,0
1503079441,18773759,4188.50,0.03000000,0
1503079438,18773758,4188.51,0.15600000,0
1503079436,18773739,4188.51,0.24483000,0
1503079433,18773732,4171.13,0.29415883,1
1503079433,18773731,4171.17,0.97500000,1
1503079433,18773730,4171.17,0.29084117,1
1503079432,18773729,4171.17,1.26955883,1
1503079432,18773728,4188.52,0.58344117,1
1503079429,18773711,4189.47,0.20300000,0
1503079407,18773708,4189.48,0.02635510,0
1503079399,18773703,4189.47,0.00270506,0
1503079397,18773702,4189.45,1.06027346,0
1503079397,18773701,4189.45,1.99699140,0
1503079397,18773700,4189.45,0.00300860,0
1503079394,18773698,4189.48,0.03448290,0
1503079394,18773697,4189.46,0.03395757,0
1503079393,18773693,4189.46,0.01903700,0
1503079390,18773684,4189.48,0.22143082,0
1503079362,18773669,4189.58,0.09917905,1
1503079361,18773668,4189.54,0.12977095,0
1503079361,18773667,4189.54,0.10166700,0
1503079355,18773663,4197.32,0.00253593,0
1503079348,18773654,4188.52,0.22215800,1
1503079342,18773648,4189.60,0.01000000,0
1503079339,18773647,4189.94,0.50000000,1
1503079336,18773645,4190.01,0.55828499,1
1503079335,18773644,4190.01,0.10000000,1
1503079334,18773641,4190.01,0.51949001,1
1503079334,18773640,4190.02,1.82222500,1
1503079334,18773639,4190.02,1.97528499,1
1503079334,18773638,4190.02,0.02471501,1
1503079309,18773630,4197.37,0.11919055,0
1503079300,18773627,4197.41,0.03563667,0
1503079291,18773625,4195.79,0.79163716,1
1503079290,18773624,4195.64,0.10258912,0
1503079290,18773623,4195.62,0.70645757,0
1503079290,18773622,4195.12,0.00393124,0
1503079290,18773621,4192.39,1.56040000,0
1503079290,18773620,4190.01,0.01275991,0
1503079271,18773576,4190.01,0.01193300,1
1503079267,18773572,4194.71,0.01985300,0
1503079264,18773568,4190.01,0.03600000,1
1503079251,18773561,4190.01,1.36641800,1
1503079230,18773554,4190.01,0.01342400,1
1503079219,18773549,4190.01,1.65000000,1
1503079217,18773547,4190.01,0.05000000,1
1503079211,18773542,4190.00,1.56040000,1
1503079210,18773540,4188.66,1.56040000,0
1503079204,18773538,4187.88,0.01166420,1
1503079195,18773531,4187.88,0.01983580,1
1503079193,18773530,4188.52,0.01603323,1
1503079184,18773528,4195.39,0.01207812,0
1503079180,18773526,4195.44,0.02000000,0
1503079178,18773525,4195.45,0.43697414,0
1503079178,18773524,4195.45,2.00000000,0
1503079176,18773523,4195.46,0.01218960,0
1503079175,18773522,4195.46,0.43702160,0
1503079175,18773521,4195.46,0.30843958,0
1503079175,18773520,4195.46,0.05000000,0
1503079173,18773518,4195.48,0.28526725,0
1503079164,18773513,4163.50,2.39997193,1
1503079163,18773510,4164.00,1.00000000,1
1503079163,18773509,4164.00,3.86860173,0
1503079162,18773507,4165.17,0.01170000,1
1503079162,18773506,4166.00,1.00000000,1
1503079162,18773505,4166.00,2.00000000,0
1503079161,18773504,4166.00,3.00000000,0
1503079161,18773503,4166.00,0.05000000,0
1503079161,18773502,4166.69,0.07000000,0
1503079161,18773501,4168.54,9.47770557,1
1503079160,18773499,4168.54,0.75400000,0
1503079160,18773497,4168.54,8.49930000,0
1503079160,18773495,4168.54,1.57700000,0
1503079160,18773494,4168.60,0.40934300,0
1503079159,18773490,4168.62,0.22534800,1
1503079159,18773489,4168.62,0.33097900,0
1503079159,18773488,4168.62,19.86231300,0
1503079158,18773487,4168.62,0.33000000,0
1503079158,18773486,4168.62,1.04887405,0
1503079158,18773484,4168.62,2.00000000,0
1503079158,18773482,4168.62,1.00000000,0
1503079158,18773481,4168.62,0.05000000,0
1503079157,18773480,4168.64,2.38980000,0
1503079157,18773479,4168.64,10.70220696,1
1503079156,18773478,4168.65,0.15000000,0
1503079156,18773477,4168.65,2.00000000,0
1503079156,18773476,4168.66,1.56040000,0
1503079155,18773475,4168.66,3.13020000,0
1503079155,18773473,4168.67,1.56040000,0
1503079155,18773471,4168.67,1.56040000,0
1503079154,18773470,4170.00,2.50000000,0
1503079154,18773469,4174.65,9.00000000,1
1503079153,18773468,4174.66,2.38690000,0
1503079153,18773467,4174.66,1.57200000,0
1503079153,18773466,4174.66,0.90000000,0
1503079152,18773465,4184.00,0.50000000,0
1503079152,18773464,4184.00,0.55965592,0
1503079152,18773463,4184.00,0.02190989,0
1503079152,18773462,4184.00,0.04099095,0
1503079150,18773460,4185.00,0.50000000,0
1503079149,18773459,4188.52,0.19379400,0
1503079142,18773455,4195.62,0.07000000,0
1503079142,18773454,4195.62,0.06215389,0
1503079141,18773453,4193.30,0.10000000,0
1503079141,18773452,4192.63,0.02109917,0
1503079141,18773451,4192.62,0.00178731,0
1503079141,18773450,4190.25,0.10000000,0
1503079141,18773449,4189.94,0.66283302,0
1503079140,18773448,4188.90,0.00154717,0
1503079138,18773447,4168.61,0.82518994,1
1503079136,18773446,4189.94,3.91520398,0
1503079136,18773445,4188.92,0.80940363,0
1503079136,18773444,4188.58,0.22000000,0
1503079136,18773443,4188.55,0.00139239,0
1503079136,18773442,4185.09,0.05400000,0
1503079128,18773441,4184.90,0.04000000,0
1503079127,18773440,4185.00,1.00000000,1
1503079125,18773439,4185.03,0.11920912,1
1503079124,18773438,4184.92,0.37657666,0
1503079115,18773437,4184.96,0.01000000,0
1503079106,18773435,4166.22,0.98843299,1
1503079077,18773430,4188.92,0.06373100,0
1503079073,18773428,4165.55,0.19802111,1
1503079073,18773427,4172.41,0.00448318,1
1503079073,18773426,4172.43,0.80682196,1
1503079073,18773425,4172.55,0.02039924,1
1503079069,18773421,4172.58,0.14538391,1
1503079060,18773415,4189.06,0.00809931,0
1503079043,18773412,4172.58,0.48028650,1
1503079034,18773411,4172.58,0.00927200,1
1503079031,18773410,4189.42,0.55953568,1
1503079030,18773409,4189.42,0.00819100,0
1503079029,18773408,4189.43,0.16160053,0
1503079029,18773407,4180.00,0.01024268,0
1503079009,18773402,4172.43,0.00258167,1
1503079009,18773401,4172.44,0.38327932,1
1503079004,18773394,4189.65,0.02000000,0
1503078992,18773393,4185.00,0.05000000,0
1503078978,18773391,4172.50,1.00000000,1
1503078976,18773389,4172.49,0.65142649,1
1503078970,18773387,4185.09,0.29868746,0
1503078970,18773385,4183.45,0.00131254,0
1503078967,18773383,4183.44,0.10968246,1
1503078956,18773379,4172.43,0.02181737,1
1503078956,18773378,4180.12,0.00488263,1
1503078949,18773377,4181.86,0.00119713,1
1503078949,18773376,4182.00,0.99209193,1
1503078947,18773374,4181.89,0.00300000,0
1503078946,18773373,4180.12,0.00490807,0
1503078944,18773372,4172.44,0.56028450,1
1503078923,18773330,4172.41,0.03955885,1
1503078922,18773329,4178.72,1.65432952,1
1503078921,18773328,4177.26,0.00191276,0
1503078921,18773327,4176.66,2.00000000,0
1503078921,18773326,4172.41,0.19975772,0
1503078920,18773325,4172.41,0.59748910,0
1503078920,18773323,4172.41,0.02429996,0
1503078919,18773322,4172.41,0.21448478,0
1503078915,18773319,4172.41,0.19381510,0
1503078912,18773316,4163.83,0.60486050,1
1503078911,18773315,4172.41,0.09196339,0
1503078906,18773313,4172.40,0.04100000,0
1503078895,18773308,4172.40,0.58696194,1
1503078888,18773306,4163.57,0.99960000,1
1503078885,18773305,4172.41,0.06693973,0
1503078880,18773302,4163.42,0.26516750,1
1503078879,18773301,4172.41,0.01020000,0
1503078876,18773299,4172.41,0.00398895,0
1503078876,18773298,4172.41,0.00115966,0
1503078875,18773297,4172.40,0.58831402,0
1503078874,18773296,4172.41,3.00000000,0
1503078873,18773295,4172.41,0.01194000,0
1503078866,18773294,4172.41,0.07104900,0
1503078865,18773292,4172.41,0.26159676,0
1503078865,18773291,4172.41,1.03983292,0
1503078864,18773289,4172.41,0.96016708,0
1503078856,18773269,4172.41,0.04781409,0
1503078855,18773266,4172.41,4.97467059,0
1503078853,18773262,4172.41,0.03207352,0
1503078849,18773258,4170.00,0.34228000,1
1503078848,18773255,4172.41,0.02199448,0
1503078845,18773253,4172.41,0.64200000,0
1503078844,18773252,4172.41,0.21272600,0
1503078844,18773251,4172.41,0.11516434,0
1503078831,18773244,4172.41,0.13921818,0
1503078828,18773243,4172.41,0.23942690,0
1503078822,18773242,4172.41,0.09870989,0
1503078822,18773241,4172.41,0.27806365,0
1503078820,18773240,4172.41,0.29880478,0
1503078820,18773239,4172.41,0.33491414,0
1503078819,18773238,4172.41,0.37443444,0
1503078819,18773237,4172.41,0.43156556,0
1503078818,18773236,4172.41,0.19960000,0
1503078818,18773235,4172.40,0.80040000,0
1503078817,18773234,4170.00,0.28465075,1
1503078816,18773233,4171.67,0.02489375,1
1503078807,18773229,4172.41,0.61690637,0
1503078799,18773226,4172.41,0.06689213,0
1503078798,18773225,4172.41,0.03204396,0
1503078795,18773224,4172.41,0.55126500,0
1503078794,18773221,4172.41,0.05548000,0
1503078791,18773219,4172.41,0.66311493,0
1503078786,18773218,4172.41,0.20000000,0
1503078786,18773217,4172.41,2.00000000,0
1503078784,18773216,4170.00,1.21071600,1
1503078780,18773215,4172.41,0.01000000,0
1503078779,18773214,4172.41,0.73400000,0
1503078778,18773213,4172.41,0.12000000,0
1503078777,18773212,4172.41,0.81225327,0
1503078777,18773211,4171.67,0.09268330,0
1503078777,18773210,4171.67,0.00179478,0
1503078776,18773209,4172.41,0.01000000,0
1503078774,18773208,4172.41,2.62259999,0
1503078768,18773207,4172.41,0.01240000,0
1503078766,18773206,4172.41,2.35000000,0
1503078766,18773205,4172.41,0.71000000,0
1503078766,18773204,4172.41,0.79391880,0
1503078765,18773203,4172.41,1.00000000,0
1503078765,18773202,4172.41,0.32618926,0
1503078761,18773201,4172.41,0.12000000,0
1503078756,18773200,4172.41,0.00339900,0
1503078755,18773199,4172.41,5.00000000,0
1503078754,18773198,4172.41,0.00333978,0
1503078754,18773197,4172.41,0.18512797,0
1503078752,18773196,4163.96,1.08491361,1
1503078752,18773195,4167.11,0.00660139,1
1503078748,18773194,4172.41,0.08274433,0
1503078747,18773193,4172.41,1.78624420,0
1503078747,18773192,4172.41,1.14708968,0
1503078747,18773191,4172.41,5.00000000,0
1503078744,18773190,4172.41,0.38415579,0
1503078744,18773189,4172.41,0.39204000,0
1503078743,18773188,4172.41,4.22380421,0
1503078740,18773185,4172.41,0.00500000,0
1503078739,18773184,4172.41,1.75894000,0
1503078739,18773183,4172.40,0.22000000,0
1503078730,18773181,4172.39,0.10997294,1
1503078730,18773180,4172.39,1.00062314,1
1503078728,18773179,4172.40,1.59506965,1
1503078728,18773178,4172.41,0.02918662,0
1503078727,18773177,4172.40,0.24000000,0
1503078727,18773176,4172.23,1.56040000,0
1503078727,18773175,4167.11,1.60453035,0
1503078720,18773172,4163.90,0.56385208,1
1503078720,18773171,4165.87,0.40000000,1
1503078720,18773170,4165.88,0.18258642,1
1503078720,18773169,4167.10,0.02000000,1
1503078708,18773167,4167.11,0.13773030,0
1503078706,18773166,4160.87,0.40000000,0
1503078703,18773165,4167.11,0.04485612,0
1503078689,18773160,4158.05,0.75766577,1
1503078688,18773159,4163.30,0.21288323,1
1503078688,18773157,4167.00,0.09454300,1
1503078688,18773156,4167.00,0.13567400,1
1503078675,18773146,4167.11,0.20088323,0
1503078671,18773143,4160.87,0.06390700,0
1503078671,18773142,4160.87,0.01709300,0
1503078670,18773140,4160.87,0.80900000,0
1503078658,18773122,4160.87,0.11000000,0
1503078658,18773121,4158.03,0.03360000,1
1503078656,18773119,4158.03,0.76406050,1
1503078656,18773118,4167.11,0.01200000,0
1503078648,18773111,4158.03,1.00000000,1
1503078639,18773099,4158.03,1.47414761,1
1503078638,18773098,4158.04,0.34913389,1
1503078638,18773097,4158.04,0.58831850,1
1503078635,18773094,4167.11,0.10022568,1
1503078629,18773091,4152.90,2.41040000,0
1503078627,18773088,4148.09,0.23883691,0
1503078626,18773086,4148.09,0.11030859,1
1503078624,18773085,4167.12,0.07000000,0
1503078623,18773082,4149.97,1.85571837,0
1503078623,18773079,4149.97,0.19597925,0
1503078621,18773078,4149.97,0.03000238,0
1503078620,18773076,4150.00,0.23000000,1
1503078620,18773074,4162.90,0.10000000,1
1503078616,18773073,4167.13,1.00200000,0
1503078613,18773072,4172.41,1.00200000,0
1503078611,18773070,4172.11,0.44300000,1
1503078611,18773069,4172.22,0.05831773,1
1503078611,18773068,4172.26,0.02199527,0
1503078610,18773066,4172.22,0.95000000,1
1503078609,18773065,4172.22,1.56040000,1
1503078609,18773062,4167.13,0.26000000,0
1503078607,18773055,4149.98,0.07927000,0
1503078606,18773051,4149.98,0.26308082,0
1503078605,18773049,4149.99,0.01204800,1
1503078605,18773048,4163.56,0.01000936,1
1503078604,18773046,4167.11,0.01300000,0
1503078603,18773045,4167.11,0.07927000,0
1503078599,18773042,4154.41,0.07927000,0
1503078597,18773015,4167.15,0.07927000,0
1503078596,18773014,4152.91,0.20441500,0
1503078595,18773011,4152.91,0.07854450,0
1503078595,18773010,4148.09,0.55245550,0
1503078594,18773008,4148.09,0.07927000,0
1503078592,18773006,4167.14,0.04659810,0
1503078592,18773005,4149.99,0.03267190,0
1503078591,18773004,4149.99,0.37199300,0
1503078590,18773003,4149.99,0.14731798,0
1503078590,18773002,4149.99,0.07927000,0
1503078588,18773000,4149.99,0.07927000,0
1503078586,18772999,4149.99,0.20000000,0
1503078585,18772998,4149.99,0.07927000,0
1503078584,18772996,4149.99,0.01020712,0
1503078584,18772995,4148.09,0.00179288,0
1503078583,18772993,4148.09,0.01660000,1
1503078583,18772992,4149.99,0.00660712,1
1503078582,18772991,4172.35,0.95536662,0
1503078582,18772989,4167.17,0.00191739,0
1503078582,18772988,4167.16,0.04471599,0
1503078580,18772987,4167.16,0.01528401,0
1503078580,18772986,4167.16,0.32000000,0
1503078580,18772985,4150.00,0.02563798,0
1503078580,18772983,4149.99,0.64107801,0
1503078579,18772980,4149.99,0.17808433,0
1503078579,18772979,4149.99,0.07923700,0
1503078578,18772974,4149.99,0.55279485,0
1503078578,18772973,4149.99,0.17321804,0
1503078578,18772971,4149.99,0.18302679,0
1503078578,18772970,4149.99,0.08491209,0
1503078577,18772969,4149.99,0.02611969,0
1503078577,18772968,4149.99,0.03407000,0
1503078575,18772961,4150.00,0.05348032,0
1503078574,18772960,4150.00,0.69332289,0
1503078574,18772959,4150.00,0.09976458,0
1503078573,18772957,4150.00,1.00000000,0
1503078572,18772956,4150.00,0.05915427,0
1503078572,18772955,4150.00,0.95914448,0
1503078571,18772953,4150.00,0.31592607,0
1503078571,18772952,4150.00,0.17945268,0
1503078571,18772951,4150.00,0.32951720,0
1503078571,18772950,4150.00,0.09579110,0
1503078570,18772946,4150.00,0.04328125,0
1503078570,18772944,4150.00,0.09000000,0
1503078570,18772943,4150.00,1.65270995,0
1503078570,18772942,4150.00,0.11119813,0
1503078568,18772940,4148.41,1.63770231,1
1503078568,18772939,4148.41,0.14854189,1
1503078567,18772938,4148.41,1.44663904,1
1503078567,18772936,4148.41,0.27777011,1
1503078563,18772915,4150.00,0.60845925,0
1503078562,18772912,4148.09,0.45322250,1
1503078562,18772910,4148.09,0.42452176,0
1503078562,18772908,4148.09,0.09063831,1
1503078562,18772907,4148.09,0.02932814,1
1503078562,18772904,4148.09,0.41372043,1
1503078562,18772903,4148.09,0.09631312,1
1503078561,18772902,4150.00,0.02021671,0
1503078560,18772901,4148.09,0.08812152,1
1503078560,18772900,4148.09,0.55020342,1
1503078560,18772899,4148.09,0.02167506,1
1503078559,18772897,4148.09,0.06850250,0
1503078559,18772893,4148.09,0.67106724,0
1503078558,18772889,4148.09,0.44218563,0
1503078558,18772888,4153.09,0.83800000,0
1503078558,18772887,4166.20,0.05417900,0
1503078557,18772885,4167.91,0.00281462,1
1503078557,18772883,4167.91,0.00281462,1
1503078556,18772876,4167.91,1.84808261,0
1503078556,18772875,4167.17,0.00191739,0
1503078556,18772874,4153.00,0.05000000,0
1503078556,18772873,4128.46,0.11381903,0
1503078556,18772872,4128.46,0.44004691,0
1503078555,18772871,4128.46,0.04114052,0
1503078555,18772869,4128.46,0.03840000,0
1503078553,18772867,4153.00,0.00281462,0
1503078552,18772866,4153.00,0.00281462,0
1503078552,18772863,4153.00,0.00281462,0
1503078552,18772861,4153.00,0.00281462,1
1503078551,18772859,4153.00,0.00281462,1
1503078550,18772857,4153.00,0.00281462,1
1503078549,18772852,4153.00,0.00281462,1
1503078548,18772850,4153.00,0.00281462,1
1503078547,18772847,4153.00,0.00281462,1
1503078546,18772844,4153.00,0.00281462,1
1503078544,18772839,4153.00,0.00281578,1
1503078543,18772836,4153.00,0.00281578,1
1503078541,18772831,4153.00,0.00281578,1
1503078539,18772822,4148.09,0.73609791,0
1503078539,18772821,4148.09,0.00281462,0
1503078538,18772818,4148.09,0.00281462,0
1503078538,18772814,4148.09,0.00281462,0
1503078537,18772810,4148.09,0.00281462,0
1503078537,18772808,4148.09,0.01843073,0
1503078537,18772807,4148.09,0.07172470,0
1503078535,18772798,4148.09,0.00281578,0
1503078535,18772796,4148.09,0.00281578,0
1503078535,18772794,4148.09,0.00281578,1
1503078534,18772791,4148.09,0.00281578,1
1503078534,18772788,4148.09,0.00281578,1
1503078533,18772783,4148.09,0.00281578,1
1503078532,18772774,4148.09,0.00281578,1
1503078531,18772762,4125.00,16.91086686,0
1503078531,18772761,4125.00,0.00220000,0
1503078530,18772758,4125.00,0.07263923,0
1503078530,18772755,4125.00,0.00220000,0
1503078530,18772753,4125.00,11.00000000,0
1503078530,18772752,4125.00,0.52000000,0
1503078530,18772751,4125.00,0.35969578,0
1503078530,18772749,4125.00,0.22131736,0
1503078528,18772735,4125.84,0.23341099,1
1503078528,18772726,4125.95,1.08799963,1
1503078528,18772724,4125.95,0.50000000,0
1503078527,18772723,4125.95,1.96556244,0
1503078527,18772721,4125.95,0.05325760,0
1503078527,18772717,4127.26,6.55950814,1
1503078526,18772716,4128.46,0.19000000,1
1503078526,18772715,4128.46,0.52000000,0
1503078526,18772714,4130.00,5.02362100,1
1503078526,18772713,4130.00,0.00192254,1
1503078525,18772712,4130.08,0.50000000,1
1503078525,18772711,4130.08,0.48100000,0
1503078525,18772710,4130.13,0.10000000,1
1503078525,18772709,4130.13,0.02500000,1
1503078525,18772708,4132.92,10.88494530,1
1503078525,18772707,4132.92,1.60700000,0
1503078524,18772706,4132.92,2.39430000,0
1503078524,18772705,4132.94,0.03046400,1
1503078524,18772704,4135.97,0.78083070,1
1503078524,18772703,4135.97,0.90000000,0
1503078523,18772702,4138.11,10.35219400,1
1503078523,18772701,4140.00,1.00000000,1
1503078523,18772700,4140.00,0.50000000,1
1503078523,18772699,4140.00,6.10769973,1
1503078523,18772698,4140.00,0.00191789,1
1503078523,18772697,4140.00,0.00614766,1
1503078523,18772696,4140.00,0.53000000,0
1503078522,18772695,4140.12,0.00490807,1
1503078522,18772694,4141.00,0.19000000,1
1503078522,18772692,4144.49,10.55300900,0
1503078521,18772691,4148.00,3.00000000,1
1503078521,18772690,4149.51,0.42000000,1
1503078521,18772689,4150.00,0.00191327,1
1503078521,18772688,4150.00,1.00000000,1
1503078520,18772687,4151.04,2.00000000,1
1503078520,18772686,4153.00,0.01000000,1
1503078520,18772685,4156.99,0.13524386,1
1503078519,18772684,4156.99,0.04775945,0
1503078519,18772682,4161.82,0.98420883,1
1503078519,18772680,4161.84,0.21000000,1
1503078519,18772679,4161.84,0.01725667,0
1503078517,18772678,4167.93,0.01725667,1
1503078517,18772677,4163.56,0.04650000,0
1503078516,18772676,4163.56,0.07350174,0
1503078516,18772675,4163.56,0.25295318,0
1503078516,18772674,4163.56,0.10840000,0
1503078515,18772671,4163.56,0.06432158,0
1503078514,18772670,4163.56,1.57380000,0
1503078512,18772665,4163.56,0.26114200,0
1503078512,18772662,4163.56,1.45276000,0
1503078512,18772661,4163.56,0.50000000,0
1503078511,18772658,4163.56,0.89092000,0
1503078510,18772655,4163.56,0.02907526,0
1503078510,18772652,4161.84,0.04000000,1
1503078508,18772651,4163.56,0.09990489,0
1503078508,18772649,4163.56,0.40000000,1
1503078496,18772644,4161.83,0.14578609,1
1503078496,18772643,4161.84,0.28000000,1
1503078496,18772642,4163.56,0.48235040,1
1503078494,18772641,4183.13,0.21126599,0
1503078487,18772634,4183.22,0.00660156,0
1503078483,18772631,4183.26,0.13055404,0
1503078480,18772628,4163.56,0.02000000,1
1503078479,18772627,4183.31,0.00667294,0
1503078479,18772626,4183.30,0.58652748,0
1503078471,18772620,4163.56,4.68601300,1
1503078467,18772617,4163.56,0.07000000,1
1503078464,18772609,4163.56,0.31660899,1
1503078460,18772608,4163.56,0.06000000,1
1503078458,18772607,4163.56,0.11512515,1
1503078458,18772606,4163.57,0.19886185,1
1503078458,18772604,4163.57,0.32173814,1
1503078456,18772602,4163.56,0.50872200,1
1503078456,18772601,4163.56,4.99944489,1
1503078454,18772600,4164.78,0.15248500,1
1503078451,18772599,4163.56,0.06453248,0
1503078450,18772598,4163.57,0.36000000,1
1503078450,18772597,4163.70,3.13020000,1
1503078450,18772596,4164.76,1.70028625,1
1503078450,18772595,4164.76,0.04000000,1
1503078449,18772594,4164.77,0.01458127,0
1503078449,18772593,4164.76,0.02997274,1
1503078449,18772591,4164.76,0.02974101,1
1503078448,18772590,4164.77,1.52040000,1
1503078448,18772589,4164.77,0.04000000,1
1503078447,18772588,4183.50,0.08138600,1
1503078444,18772587,4163.57,0.37464195,1
1503078444,18772586,4164.75,0.58652687,1
1503078444,18772585,4170.55,0.12000000,1
1503078438,18772583,4170.55,0.03300000,0
1503078436,18772582,4170.55,0.13700000,0
1503078436,18772581,4168.71,0.02000000,1
1503078435,18772579,4168.71,0.02000000,1
1503078434,18772578,4168.71,0.29392300,1
1503078432,18772575,4189.98,0.74827087,1
1503078431,18772574,4189.95,0.20000000,1
1503078429,18772573,4175.28,0.22140598,0
1503078427,18772572,4163.56,2.93960000,1
1503078427,18772571,4163.67,1.56040000,1
1503078427,18772570,4168.70,0.08000000,1
1503078426,18772569,4174.63,0.42000000,1
1503078425,18772567,4177.82,0.29216593,1
1503078423,18772566,4177.89,0.01680000,1
1503078420,18772565,4179.30,2.86400944,1
1503078420,18772564,4179.32,1.56040000,1
1503078420,18772563,4179.59,0.01570202,1
1503078417,18772561,4189.97,0.00300000,0
1503078416,18772558,4181.26,0.50000000,1
1503078413,18772556,4189.98,0.19695992,0
1503078405,18772553,4181.20,0.05000000,1
1503078400,18772547,4181.17,0.24566550,1
1503078368,18772539,4180.88,0.26715750,1
1503078367,18772537,4190.00,0.00817600,0
1503078347,18772527,4189.99,0.03767174,0
1503078347,18772526,4189.98,0.00345726,0
1503078338,18772522,4179.41,0.01988019,1
1503078337,18772521,4189.99,0.02950000,0
1503078336,18772520,4179.41,0.54565800,1
1503078332,18772518,4189.99,0.02166149,1
1503078327,18772516,4179.30,0.42873972,1
1503078326,18772512,4190.00,7.00000000,0
1503078325,18772510,4190.00,7.00000000,0
1503078323,18772508,4189.99,0.18840000,1
1503078322,18772507,4189.99,0.08160000,1
1503078322,18772506,4190.00,0.59479941,0
1503078321,18772505,4190.00,7.00000000,0
1503078320,18772504,4190.00,7.00000000,0
1503078319,18772502,4189.99,0.17000000,0
1503078312,18772492,4181.90,0.16526200,0
1503078310,18772490,4190.00,0.95228612,0
1503078310,18772489,4189.00,1.43766114,0
1503078309,18772487,4189.00,0.00773148,0
1503078308,18772484,4188.99,2.38730000,0
1503078308,18772481,4188.99,0.00297971,0
1503078308,18772479,4181.90,0.21148644,0
1503078307,18772475,4181.90,0.06738786,1
1503078304,18772473,4181.90,0.71570350,1
1503078299,18772467,4189.00,0.27552865,0
1503078297,18772462,4189.00,0.07907873,0
1503078295,18772459,4192.63,0.05231853,0
1503078295,18772458,4190.00,0.01000000,0
1503078295,18772457,4189.99,0.30711271,0
1503078288,18772445,4181.79,0.10674387,1
1503078268,18772440,4189.99,0.05152432,0
1503078264,18772439,4189.99,0.15890000,0
1503078258,18772416,4189.99,0.05775461,0
1503078250,18772411,4189.99,0.02725500,0
1503078248,18772410,4189.99,0.00271258,0
1503078248,18772409,4189.99,0.05451000,0
1503078248,18772408,4189.98,0.00226242,0
1503078244,18772401,4181.30,1.63540200,1
1503078243,18772398,4189.99,0.03558801,0
1503078242,18772396,4189.99,0.46975768,0
1503078240,18772395,4189.99,0.05277927,0
1503078238,18772394,4189.99,0.69882000,0
1503078235,18772392,4189.98,0.02200000,0
1503078231,18772384,4180.77,0.02000000,1
1503078230,18772383,4180.76,0.01196400,1
1503078218,18772368,4181.08,0.05000000,1
1503078214,18772363,4189.98,0.01000000,0
1503078210,18772359,4189.98,0.19000000,1
1503078206,18772356,4187.07,0.54003100,1
1503078205,18772354,4189.99,0.01905120,0
1503078203,18772350,4178.13,0.00028500,0
1503078203,18772349,4187.06,0.19000000,1
1503078200,18772339,4189.99,3.92296162,0
1503078199,18772338,4189.96,1.31488822,0
1503078199,18772337,4189.95,0.86400000,1
1503078198,18772336,4189.92,2.00000000,0
1503078197,18772333,4189.95,0.03571156,0
1503078196,18772331,4189.96,1.44514876,0
1503078195,18772327,4189.96,0.37016302,0
1503078195,18772326,4187.54,0.07341770,0
1503078194,18772323,4187.35,0.00190815,0
1503078191,18772317,4187.08,0.50000000,0
1503078190,18772315,4187.06,1.56040000,0
1503078187,18772312,4185.62,0.06000000,0
1503078186,18772311,4185.60,0.04810208,0
1503078186,18772310,4185.60,0.01189792,0
1503078183,18772306,4180.90,0.02500000,1
1503078182,18772305,4180.12,0.00488150,0
1503078181,18772301,4180.00,3.00003087,0
1503078180,18772300,4180.00,2.46370000,0
1503078179,18772298,4180.00,0.58677243,0
1503078179,18772296,4180.00,1.27040000,0
1503078179,18772295,4176.84,0.29000000,0
1503078177,18772291,4180.00,0.38912757,0
1503078177,18772289,4180.00,0.01000000,0
1503078177,18772288,4176.78,0.05770000,0
1503078177,18772286,4176.76,2.39600000,0
1503078177,18772285,4176.75,0.58677243,0
1503078177,18772283,4176.75,1.56040000,0
1503078176,18772280,4162.87,0.03500000,1
1503078168,18772274,4176.81,0.04267385,0
1503078157,18772272,4176.90,0.43819457,0
1503078150,18772270,4176.94,0.05970878,0
1503078147,18772268,4176.96,0.02738675,0
1503078146,18772267,4157.10,0.34402208,1
1503078144,18772264,4157.08,0.22190025,1
1503078143,18772263,4160.00,0.10000000,1
1503078143,18772262,4164.80,0.01212183,1
1503078143,18772261,4167.00,0.01000000,1
1503078136,18772258,4164.80,0.17687817,1
1503078130,18772256,4159.80,0.34402208,0
1503078127,18772255,4160.40,0.00238608,0
1503078125,18772253,4161.82,0.02000000,1
1503078121,18772252,4161.82,0.30402208,1
1503078120,18772251,4161.82,0.02000000,1
1503078120,18772250,4161.82,0.02000000,1
1503078116,18772249,4161.82,0.34402208,1
1503078114,18772248,4161.82,0.34402208,1
1503078110,18772247,4178.87,0.01193624,0
1503078105,18772246,4161.82,0.00810600,1
1503078105,18772245,4161.89,0.05314412,1
1503078105,18772244,4165.00,0.28277196,1
1503078097,18772243,4170.01,0.02000000,1
1503078072,18772232,4179.13,0.25754782,0
1503078062,18772226,4165.00,0.29326110,1
1503078062,18772225,4165.01,0.05076098,1
1503078058,18772223,4165.00,0.04000000,1
1503078051,18772219,4165.01,0.34402208,1
1503078043,18772217,4179.32,0.00600000,0
1503078029,18772210,4179.49,0.30896593,0
1503078026,18772208,4165.01,0.02000000,1
1503078025,18772207,4165.01,0.37883127,0
1503078024,18772202,4165.01,0.06615424,1
1503078020,18772200,4165.00,0.25900043,1
1503078019,18772199,4165.00,0.01886741,1
1503078017,18772197,4165.01,0.06271821,1
1503078016,18772196,4165.00,0.05289910,1
1503078015,18772194,4179.65,0.00239198,0
1503078014,18772193,4165.01,0.05000000,1
1503078012,18772191,4165.00,0.04000000,1
1503078012,18772190,4179.68,0.06696962,0
1503078011,18772188,4179.68,0.11952391,0
1503078010,18772187,4165.00,0.01320000,1
1503078010,18772186,4179.68,0.00500000,0
1503078007,18772184,4158.75,0.04220805,1
1503078006,18772183,4160.00,0.10000000,1
1503078005,18772182,4161.91,0.19924863,1
1503078004,18772181,4161.88,0.00256540,1
1503078000,18772177,4161.89,1.19053264,1
1503077999,18772176,4161.89,0.29000000,1
1503077999,18772175,4166.00,0.06612471,1
1503077999,18772174,4167.00,0.38287749,1
1503077997,18772173,4167.00,0.24149796,1
1503077996,18772172,4167.01,1.47640372,1
1503077992,18772170,4167.01,0.02986000,1
1503077989,18772168,4167.01,0.05938092,1
1503077989,18772167,4167.01,0.54750725,1
1503077988,18772166,4167.01,1.84789275,1
1503077988,18772165,4167.02,0.08280143,1
1503077987,18772164,4179.93,1.67111741,0
1503077987,18772163,4179.37,0.50000000,0
1503077987,18772162,4179.35,1.56040000,0
1503077986,18772161,4177.26,0.00191276,0
1503077986,18772160,4173.16,0.70287794,0
1503077986,18772159,4173.00,0.51564253,0
1503077986,18772158,4172.90,0.04757972,0
1503077978,18772157,4167.02,0.10000000,1
1503077977,18772156,4167.02,0.02152600,1
1503077970,18772151,4172.90,0.02722028,0
1503077968,18772149,4172.90,0.02000000,0
1503077966,18772148,4167.00,0.15000000,1
1503077964,18772147,4167.00,0.14193555,1
1503077962,18772146,4167.23,1.22673085,0
1503077961,18772145,4167.23,0.40765626,0
1503077955,18772140,4166.00,0.01387529,1
1503077947,18772131,4166.01,0.75449345,1
1503077947,18772130,4166.01,0.24550655,1
1503077945,18772129,4172.99,0.05161551,0
1503077944,18772127,4166.00,0.02000000,1
1503077935,18772123,4167.23,0.12213900,1
1503077933,18772121,4167.22,0.01361100,1
1503077933,18772119,4167.22,0.02000000,1
1503077929,18772113,4167.22,0.07562310,0
1503077928,18772112,4167.22,0.09881019,0
1503077928,18772111,4174.86,0.17234816,1
1503077928,18772109,4174.86,0.05765184,1
1503077926,18772107,4171.30,0.40996995,0
1503077925,18772106,4155.11,1.23054800,1
1503077924,18772104,4155.11,1.29500000,1
1503077923,18772103,4155.76,0.47500000,1
1503077922,18772097,4161.99,0.11132378,1
1503077919,18772077,4174.87,0.77496098,0
1503077918,18772075,4174.76,2.00000000,1
1503077918,18772073,4173.63,2.00000000,1
1503077917,18772071,4172.04,0.28000000,0
1503077917,18772070,4171.26,1.56040000,1
1503077917,18772069,4171.26,3.13020000,1
1503077916,18772068,4167.21,0.27585250,0
1503077916,18772067,4167.21,0.01002000,0
1503077915,18772066,4167.21,0.00412750,0
1503077914,18772065,4167.17,0.00191739,0
1503077912,18772064,4165.72,1.56040000,0
1503077910,18772060,4161.97,0.21292561,1
1503077909,18772059,4165.72,0.12420181,0
1503077909,18772058,4162.08,0.07341770,0
1503077908,18772057,4160.09,0.00203875,0
1503077908,18772056,4156.97,0.00395413,0
1503077907,18772055,4156.97,0.00604587,0
1503077906,18772054,4155.72,0.13414841,1
1503077906,18772053,4155.72,1.47518076,1
1503077905,18772052,4155.72,3.00000000,1
1503077904,18772050,4155.72,0.39067083,1
1503077904,18772049,4156.97,0.21000000,0
1503077900,18772041,4156.99,0.02541996,0
1503077897,18772038,4156.99,0.04799774,0
1503077896,18772035,4156.97,0.10288000,0
1503077895,18772032,4156.97,0.07356000,0
1503077893,18772030,4156.97,0.07356000,0
1503077893,18772029,4149.51,2.19381795,0
1503077892,18772028,4145.99,0.25000000,1
1503077892,18772027,4149.51,0.11550779,0
1503077891,18772026,4149.51,0.01660000,0
1503077891,18772025,4149.51,1.00200000,0
1503077891,18772023,4149.51,1.00200000,1
1503077891,18772022,4149.51,0.07356000,0
1503077889,18772017,4156.98,0.44131322,1
1503077889,18772016,4156.98,2.40990000,1
1503077887,18772013,4151.89,0.07341770,0
1503077886,18772011,4150.00,0.08534119,0
1503077886,18772009,4149.51,1.98947278,0
1503077885,18772007,4149.51,1.00200000,0
1503077881,18771999,4149.51,0.00852722,0
1503077881,18771998,4146.80,0.07341770,0
1503077880,18771997,4146.79,0.29000000,0
1503077880,18771996,4141.00,0.35287669,0
1503077880,18771995,4141.00,0.27717839,0
1503077878,18771993,4132.94,0.13414841,1
1503077877,18771992,4141.00,0.49470000,0
1503077876,18771991,4140.99,0.02105263,0
1503077870,18771987,4140.99,1.04699819,0
1503077869,18771986,4127.27,0.13414841,1
1503077868,18771984,4140.99,0.03300000,0
1503077867,18771982,4127.27,0.01732102,1
1503077867,18771981,4127.27,0.02000000,1
1503077863,18771978,4127.26,2.83391186,1
1503077858,18771973,4140.98,0.11000000,0
1503077857,18771971,4126.02,0.06938450,1
1503077855,18771970,4141.00,0.58660000,0
1503077855,18771969,4140.98,2.41340000,0
1503077853,18771966,4126.01,2.00000000,1
1503077850,18771965,4140.99,0.01007260,0
1503077845,18771961,4141.00,0.50428379,0
1503077845,18771960,4140.99,0.05270000,0
1503077845,18771959,4140.99,2.41580000,0
1503077844,18771958,4140.99,0.02721621,0
1503077843,18771957,4140.99,0.02610000,0
1503077843,18771956,4140.96,0.02500000,0
1503077841,18771952,4140.99,0.00180000,0
1503077841,18771950,4140.98,0.90000000,0
1503077840,18771949,4126.00,0.08368900,1
1503077840,18771948,4130.50,0.01631100,1
1503077839,18771946,4130.50,0.09320000,1
1503077839,18771945,4140.96,0.01680000,1
1503077838,18771942,4140.98,0.14729000,0
1503077838,18771939,4140.99,0.19969379,0
1503077836,18771938,4140.99,0.09519000,0
1503077833,18771935,4130.12,1.00200000,0
1503077831,18771934,4135.13,1.32619018,1
1503077831,18771933,4130.12,1.52080982,0
1503077829,18771932,4130.13,0.01423441,1
1503077829,18771931,4130.95,2.34408033,0
1503077828,18771930,4130.13,2.65545003,0
1503077826,18771927,4130.13,0.10377867,0
1503077825,18771925,4130.13,0.01508080,0
1503077824,18771923,4125.95,3.85131211,1
1503077824,18771922,4130.13,0.07300000,0
1503077823,18771921,4125.95,10.00000000,1
1503077821,18771920,4130.13,0.06938450,0
1503077820,18771918,4125.95,22.19627147,1
1503077820,18771916,4125.96,0.00694000,1
1503077818,18771915,4130.96,1.03031089,1
1503077815,18771913,4130.96,0.06000000,1
1503077814,18771912,4140.96,0.13026000,0
1503077812,18771911,4125.96,0.10368911,0
1503077812,18771910,4125.95,0.37224237,1
1503077811,18771909,4125.96,0.11423419,1
1503077810,18771904,4125.96,0.00576581,1
1503077810,18771902,4125.96,0.01423419,1
1503077806,18771899,4125.95,5.86000000,1
1503077806,18771898,4125.95,4.38924000,1
1503077806,18771897,4125.96,5.00000000,0
1503077805,18771895,4125.96,0.14000000,1
1503077799,18771892,4133.29,0.03300000,0
1503077795,18771891,4125.95,0.38436000,1
1503077795,18771890,4125.95,1.80857442,1
1503077794,18771889,4125.95,0.16564130,0
1503077794,18771887,4129.99,0.02578428,0
1503077794,18771886,4125.95,0.05000000,1
1503077791,18771883,4126.00,0.41849225,1
1503077791,18771882,4126.00,0.03000000,1
1503077790,18771881,4126.14,0.00241145,1
1503077790,18771880,4127.00,0.03000000,1
1503077790,18771879,4128.00,0.05000000,1
1503077790,18771878,4128.00,0.03000000,1
1503077790,18771877,4129.00,0.03000000,1
1503077789,18771876,4129.83,0.07341770,1
1503077789,18771875,4130.00,0.00192253,1
1503077789,18771874,4130.00,0.00500000,1
1503077789,18771873,4130.00,0.00867070,1
1503077789,18771872,4130.00,0.03000000,1
1503077788,18771871,4130.05,0.50000000,1
1503077788,18771869,4130.08,0.50605315,1
1503077788,18771868,4133.02,0.15060174,1
1503077788,18771867,4133.39,1.02189828,1
1503077788,18771866,4139.48,1.00000000,1
1503077786,18771864,4140.99,0.05752000,0
1503077781,18771861,4130.13,0.11000000,1
1503077781,18771860,4130.13,0.06694179,1
1503077781,18771859,4134.48,0.07980493,0
1503077780,18771858,4130.12,0.80115993,0
1503077779,18771856,4130.12,1.19884007,1
1503077777,18771854,4134.48,0.08960000,0
1503077777,18771853,4130.12,0.03000000,1
1503077776,18771852,4138.99,0.10788122,0
1503077775,18771850,4139.81,0.38959018,1
1503077775,18771849,4132.41,0.10229900,0
1503077773,18771848,4140.99,2.10426065,0
1503077773,18771847,4140.99,0.98000000,0
1503077773,18771846,4139.00,2.00000000,0
1503077773,18771845,4137.77,0.02000000,0
1503077770,18771843,4140.99,0.00939300,0
1503077770,18771842,4140.99,0.16469392,0
1503077769,18771841,4130.12,0.10305993,1
1503077769,18771840,4130.99,0.02500000,1
1503077769,18771839,4131.00,0.03000000,1
1503077768,18771838,4131.21,0.39225537,1
1503077768,18771837,4131.21,4.66998171,1
1503077768,18771836,4131.21,0.04234773,0
1503077767,18771834,4131.22,0.12800000,1
1503077767,18771833,4137.77,0.08000000,0
1503077766,18771829,4137.77,0.07967056,1
1503077764,18771828,4141.00,0.10253539,0
1503077763,18771825,4141.00,0.03470243,0
1503077761,18771824,4131.23,0.17682744,0
1503077761,18771823,4131.23,1.27217256,1
1503077760,18771822,4131.23,0.55031530,1
1503077757,18771819,4141.00,1.00000000,0
1503077757,18771818,4139.81,2.00000000,0
1503077756,18771816,4132.41,0.17751214,0
1503077756,18771815,4132.41,0.02248786,0
1503077756,18771814,4131.21,0.07875653,1
1503077755,18771813,4131.22,8.27450200,1
1503077755,18771812,4132.41,10.20000000,1
1503077754,18771810,4132.42,0.07974147,0
1503077754,18771807,4132.42,2.00000000,0
1503077754,18771806,4132.42,0.36700000,1
1503077751,18771792,4135.00,0.01000000,1
1503077749,18771781,4135.00,0.02987469,0
1503077748,18771776,4135.00,0.05000000,0
1503077746,18771762,4141.70,0.00012531,1
1503077746,18771758,4141.70,0.05000000,0
1503077742,18771729,4131.24,0.60371153,0
1503077742,18771728,4134.75,1.00000000,1
1503077742,18771726,4139.53,1.66913010,0
1503077742,18771724,4140.32,1.41743426,0
1503077740,18771722,4140.32,0.06192411,0
1503077740,18771721,4140.32,0.24780000,1
1503077737,18771716,4140.32,0.00220000,0
1503077737,18771715,4140.32,0.25000000,0
1503077737,18771714,4140.32,0.10000000,0
1503077736,18771713,4145.62,0.06100000,1
1503077735,18771712,4150.00,0.22465881,0
1503077735,18771711,4149.51,0.07314119,0
1503077735,18771710,4149.51,0.00220000,0
1503077733,18771706,4131.21,13.38350089,1
1503077733,18771705,4131.21,10.00000000,1
1503077733,18771704,4131.21,12.45786849,1
1503077733,18771701,4132.00,0.47000000,1
1503077733,18771700,4132.00,0.03000000,1
1503077732,18771698,4132.52,0.00289654,1
1503077732,18771696,4132.54,0.24149796,1
1503077732,18771692,4133.00,0.01000000,1
1503077732,18771691,4133.00,0.03000000,1
1503077731,18771690,4134.00,0.03000000,1
1503077731,18771689,4134.00,0.31750237,0
1503077731,18771688,4134.75,0.00604631,1
1503077730,18771686,4134.92,0.07341770,1
1503077730,18771684,4135.00,0.02605561,1
1503077730,18771683,4135.00,0.03000000,1
1503077729,18771682,4135.17,0.00240618,1
1503077729,18771681,4135.17,0.11029000,0
1503077729,18771680,4135.17,0.42487878,0
1503077729,18771679,4136.00,0.03000000,1
1503077728,18771678,4136.91,0.70714006,1
1503077728,18771677,4136.91,0.49255994,1
1503077728,18771675,4136.91,1.53212367,0
1503077727,18771674,4136.93,1.56040000,0
1503077727,18771673,4137.00,0.03000000,1
1503077727,18771672,4137.47,0.02900000,1
1503077726,18771671,4138.00,0.03000000,1
1503077726,18771670,4139.00,0.03000000,1
1503077726,18771669,4139.33,0.33624564,1
1503077726,18771668,4139.33,0.02000000,0
1503077725,18771667,4139.34,0.04000000,1
1503077725,18771666,4140.00,0.50000000,1
1503077725,18771664,4140.00,0.01031530,1
1503077723,18771662,4140.00,0.12968470,1
1503077723,18771661,4140.00,0.00191788,1
1503077723,18771660,4140.00,0.29041485,1
1503077723,18771659,4140.00,0.00864976,1
1503077722,18771658,4140.00,0.03000000,1
1503077722,18771657,4140.01,0.07341770,1
1503077722,18771656,4140.05,0.50000000,1
1503077721,18771655,4140.12,0.00488150,1
1503077721,18771654,4140.32,0.96103361,1
1503077721,18771652,4140.32,0.22700465,0
1503077721,18771651,4140.32,0.07299535,0
1503077721,18771650,4140.32,0.38506639,1
1503077720,18771649,4140.33,0.90000000,1
1503077720,18771648,4140.64,0.00240300,1
1503077720,18771647,4141.00,0.50000000,1
1503077720,18771646,4141.00,0.03000000,1
1503077720,18771645,4141.00,0.04000000,1
1503077720,18771644,4142.00,0.49964680,1
1503077719,18771643,4142.00,0.00390000,1
1503077719,18771641,4142.00,0.03000000,1
1503077719,18771639,4145.01,0.18000000,1
1503077719,18771638,4145.11,0.01365947,1
1503077719,18771637,4155.00,2.41532434,1
1503077718,18771636,4142.00,0.58467566,0
1503077718,18771635,4142.00,0.02750800,0
1503077717,18771634,4142.00,0.12545991,0
1503077717,18771630,4143.00,0.03000000,1
1503077717,18771629,4143.00,0.17000000,0
1503077716,18771628,4143.13,2.73650000,0
1503077716,18771627,4144.00,0.03000000,1
1503077715,18771626,4145.00,0.99088208,1
1503077715,18771625,4145.00,0.20000000,1
1503077715,18771624,4145.00,0.03000000,1
1503077715,18771621,4145.11,0.07341770,1
1503077714,18771620,4145.12,0.18000000,1
1503077714,18771616,4146.00,0.03000000,1
1503077713,18771614,4147.00,0.33879910,1
1503077713,18771613,4147.00,0.03000000,1
1503077713,18771610,4148.00,0.03000000,1
1503077712,18771609,4148.19,2.40350000,0
1503077711,18771606,4148.53,0.10000000,1
1503077711,18771604,4149.00,0.03000000,1
1503077710,18771602,4149.51,0.85925755,1
1503077710,18771601,4149.51,0.05000000,1
1503077707,18771595,4149.51,0.19713333,1
1503077707,18771593,4150.00,0.02516867,1
1503077707,18771591,4150.00,4.47856867,1
1503077706,18771590,4150.00,0.70494406,1
1503077706,18771589,4150.00,0.30000000,1
1503077706,18771588,4150.00,0.01278963,1
1503077706,18771586,4150.00,0.20000000,1
1503077706,18771584,4150.00,1.00000000,1
1503077705,18771581,4150.00,0.00919142,1
1503077705,18771579,4150.00,0.00957600,1
1503077705,18771577,4150.00,0.00922747,1
1503077704,18771575,4150.00,0.07493253,1
1503077704,18771572,4150.00,0.05000000,1
1503077704,18771571,4150.00,2.92846822,1
1503077684,18771538,4150.00,1.00000000,1
1503077680,18771534,4150.00,0.05000000,1
1503077676,18771532,4150.00,0.82421919,1
1503077673,18771529,4159.85,0.04000000,0
1503077672,18771528,4150.00,0.11996631,1
1503077671,18771525,4150.00,0.17654389,1
1503077671,18771524,4150.00,0.40000000,1
1503077663,18771510,4150.00,2.12490000,1
1503077660,18771508,4150.00,0.01397088,1
1503077656,18771498,4150.00,0.05000000,1
1503077656,18771496,4160.00,0.00823500,1
1503077652,18771493,4150.00,0.05000000,1
1503077651,18771491,4150.00,0.00700000,1
1503077650,18771488,4150.00,0.07364800,1
1503077649,18771487,4150.00,0.06000000,1
1503077648,18771486,4160.03,0.30000000,0
1503077647,18771484,4150.00,0.02824045,1
1503077642,18771483,4150.00,0.07415199,1
1503077641,18771481,4150.00,0.03407950,1
1503077638,18771479,4150.00,0.23618071,1
1503077633,18771474,4160.06,0.05000000,0
1503077631,18771472,4150.00,0.05000000,1
1503077627,18771471,4160.06,0.45811097,0
1503077627,18771470,4160.00,0.23888903,0
1503077627,18771469,4150.00,0.73634541,1
1503077626,18771468,4150.00,0.09797703,1
1503077625,18771467,4160.08,0.02000000,0
1503077616,18771446,4160.43,0.03400000,0
1503077616,18771443,4150.00,5.19908593,1
1503077615,18771441,4150.01,0.58590600,0
1503077615,18771440,4150.01,0.90000000,0
1503077614,18771436,4166.00,1.53661592,1
1503077614,18771435,4166.00,0.69815657,1
1503077613,18771433,4166.00,0.01020480,1
1503077613,18771432,4166.00,1.16670000,1
1503077613,18771430,4166.00,0.58563937,1
1503077613,18771426,4166.00,2.00000000,1
1503077612,18771418,4165.99,2.40270000,0
1503077609,18771407,4150.00,4.56483147,1
1503077609,18771405,4150.01,0.43516853,1
1503077608,18771403,4166.04,0.02300000,0
1503077606,18771402,4150.01,0.05000000,1
1503077599,18771396,4165.55,0.01000000,1
1503077596,18771393,4150.01,0.03334440,1
1503077595,18771390,4150.01,0.22175700,1
1503077594,18771388,4150.01,0.07576850,1
1503077589,18771384,4150.01,0.10179275,1
1503077588,18771382,4160.57,0.03900000,0
1503077582,18771375,4160.58,0.00305366,0
1503077579,18771369,4158.83,1.51332453,0
1503077578,18771368,4155.88,0.22900000,0
1503077578,18771367,4154.64,0.57827547,0
1503077577,18771359,4154.64,0.03095853,0
1503077577,18771345,4154.64,2.00000000,0
1503077576,18771337,4154.64,0.32100000,0
1503077575,18771335,4154.93,0.07000000,1
1503077572,18771315,4154.94,0.03300000,0
1503077571,18771310,4158.83,0.07195533,0
1503077564,18771292,4158.88,0.64000000,0
1503077563,18771289,4158.88,0.05000000,0
1503077557,18771281,4150.00,1.77590000,1
1503077557,18771280,4150.05,0.50000000,1
1503077557,18771279,4154.64,1.72400000,1
1503077556,18771278,4158.88,1.22979682,0
1503077552,18771276,4158.89,0.05724607,0
1503077549,18771273,4158.89,0.11000000,0
1503077549,18771272,4158.89,0.02600000,0
1503077549,18771271,4158.89,0.47400000,0
1503077549,18771270,4158.89,0.40000000,0
1503077544,18771265,4158.94,0.50000000,0
1503077537,18771242,4159.00,0.07100000,0
1503077536,18771237,4154.64,0.02000000,0
1503077535,18771232,4154.64,0.01000000,0
1503077533,18771219,4154.65,8.26200000,0
1503077533,18771218,4154.65,0.03021965,0
1503077532,18771211,4154.65,0.09900000,0
1503077530,18771208,4160.57,0.00677400,0
1503077527,18771204,4155.10,0.02300000,1
1503077524,18771201,4161.42,0.02000000,0
1503077520,18771186,4150.09,0.02285430,0
1503077520,18771183,4150.00,1.00000000,1
1503077518,18771173,4150.10,0.05510469,1
1503077518,18771171,4155.97,0.52145148,0
1503077518,18771168,4151.00,0.05659378,0
1503077518,18771167,4150.10,0.02282003,0
1503077517,18771159,4150.10,0.05646507,0
1503077516,18771156,4150.09,0.79430000,0
1503077516,18771153,4150.00,0.00986044,1
1503077515,18771149,4150.10,0.79519267,0
1503077515,18771148,4150.09,0.09200733,0
1503077515,18771146,4150.09,0.88690000,0
1503077515,18771145,4150.09,0.88690000,0
1503077515,18771142,4150.09,0.07636405,0
1503077515,18771140,4150.09,0.88690000,0
1503077513,18771129,4150.00,2.00000000,1
1503077512,18771124,4150.09,0.12000000,0
1503077508,18771109,4150.01,0.02035490,1
1503077507,18771107,4150.09,0.09910000,0
1503077506,18771102,4150.01,0.17000000,1
1503077506,18771099,4150.10,0.10000000,0
1503077505,18771092,4150.10,0.02552223,0
1503077504,18771089,4150.00,20.15000000,1
1503077502,18771083,4150.00,29.55829354,1
1503077501,18771082,4150.01,0.05989702,0
1503077501,18771080,4150.01,0.15000000,0
1503077501,18771078,4150.01,0.07623330,1
1503077501,18771077,4150.01,0.04366644,1
1503077501,18771076,4150.01,0.09993870,0
1503077501,18771075,4150.01,0.01197100,0
1503077500,18771073,4151.00,0.05340622,0
1503077497,18771062,4150.00,18.66003900,1
1503077497,18771060,4150.01,0.04996100,1
1503077497,18771059,4156.39,4.43295170,0
1503077496,18771057,4151.03,1.25943481,1
1503077496,18771055,4151.03,0.04359882,1
1503077496,18771054,4155.98,0.08999978,1
1503077495,18771052,4161.47,0.01000000,0
1503077493,18771049,4151.03,0.78090460,1
1503077493,18771047,4154.00,0.02643849,1
1503077492,18771044,4161.47,0.02000000,0
1503077491,18771041,4150.00,0.70000000,1
1503077491,18771038,4150.00,0.98381364,1
1503077491,18771037,4150.00,0.52401636,1
1503077491,18771036,4150.01,2.11638804,1
1503077491,18771035,4150.01,0.28061196,1
1503077491,18771034,4151.03,0.04854726,1
1503077491,18771033,4151.03,0.02595245,1
1503077490,18771032,4151.03,0.45608130,1
1503077490,18771029,4151.03,0.35499793,1
1503077490,18771026,4151.03,0.30289728,1
1503077489,18771023,4151.03,1.56922220,1
1503077488,18771019,4151.03,0.01628529,0
1503077488,18771017,4151.03,0.03121164,0
1503077487,18771014,4151.03,0.03553395,0
1503077487,18771013,4156.00,0.01951000,1
1503077487,18771011,4156.03,1.19900000,0
1503077487,18771008,4159.08,0.01575130,0
1503077487,18771007,4159.41,0.02623400,0
1503077487,18771005,4160.51,0.23823900,0
1503077486,18771004,4170.00,0.01000000,0
1503077486,18771003,4170.00,0.14200238,0
1503077485,18770999,4150.00,2.00000000,1
1503077485,18770998,4150.00,3.94322003,1
1503077485,18770996,4150.00,0.05677997,1
1503077485,18770993,4150.00,1.00000000,1
1503077484,18770991,4150.00,0.10515007,1
1503077484,18770990,4150.00,0.60266613,1
1503077484,18770989,4150.00,0.48000000,1
1503077484,18770987,4150.00,0.40263275,1
1503077484,18770986,4150.00,0.50000000,1
1503077484,18770984,4150.00,0.75110866,1
1503077483,18770982,4150.00,0.00166311,1
1503077483,18770980,4150.00,0.37883127,1
1503077483,18770979,4150.00,0.10000000,1
1503077483,18770977,4150.00,0.10000000,1
1503077483,18770975,4150.00,0.38868675,1
1503077483,18770973,4150.00,0.10315638,1
1503077482,18770972,4150.00,0.89684362,1
1503077482,18770970,4150.00,0.05000000,1
1503077482,18770969,4150.00,0.00191326,1
1503077482,18770967,4150.00,5.00000000,1
1503077482,18770965,4150.00,0.10000000,1
1503077482,18770963,4150.00,0.50000000,1
1503077481,18770961,4150.00,0.15000000,1
1503077481,18770958,4150.00,0.05000000,1
1503077481,18770957,4150.00,0.01204819,1
1503077481,18770955,4150.00,0.23478986,1
1503077481,18770954,4150.00,0.40000000,1
1503077481,18770953,4150.00,2.00000000,1
1503077480,18770951,4150.00,0.05588474,1
1503077480,18770950,4150.00,0.25000000,1
1503077480,18770948,4150.00,0.25000000,1
1503077480,18770946,4150.00,0.25000000,1
1503077480,18770944,4150.00,0.00862892,1
1503077480,18770943,4150.00,0.00560000,1
1503077480,18770941,4150.00,0.02000000,1
1503077480,18770938,4150.00,0.03000000,1
1503077479,18770936,4150.00,0.05000000,1
1503077479,18770934,4150.05,0.50000000,1
1503077479,18770931,4150.10,0.10000000,1
1503077478,18770926,4150.88,0.00375000,1
1503077478,18770925,4150.88,0.23047814,0
1503077478,18770923,4151.00,0.22332932,1
1503077478,18770922,4151.00,1.93150000,1
1503077478,18770921,4151.00,0.06850000,1
1503077478,18770918,4151.00,0.03000000,1
1503077477,18770915,4151.03,0.01568526,1
1503077477,18770913,4151.03,0.84922288,0
1503077477,18770910,4151.06,0.20000000,1
1503077476,18770909,4151.19,0.39000000,1
1503077476,18770908,4151.67,0.10000000,1
1503077475,18770907,4152.00,0.03000000,1
1503077475,18770906,4152.50,0.00300000,1
1503077475,18770905,4153.00,0.01000000,1
1503077475,18770904,4153.00,0.03000000,1
1503077474,18770903,4153.97,0.03000000,1
1503077474,18770900,4154.00,0.03000000,1
1503077474,18770899,4154.00,1.01021607,0
1503077473,18770898,4154.00,0.03551550,0
1503077473,18770897,4154.00,0.03687694,0
1503077473,18770896,4154.00,0.01000000,0
1503077473,18770894,4154.00,0.00272700,0
1503077473,18770893,4154.00,3.00000000,0
1503077472,18770891,4155.00,3.60058223,1
1503077471,18770889,4155.00,0.50000000,1
1503077471,18770887,4155.00,0.03000000,1
1503077470,18770882,4155.05,0.50000000,1
1503077470,18770880,4155.05,1.15080534,0
1503077469,18770879,4155.06,0.89900000,0
