date,tid,price,amount,type
1503082332,18776383,1.16514,0.91286,1
1503082332,18776382,1.16515,202.75890,1
1503082189,18776203,1.16895,330.00000,0
1503082188,18776196,1.16896,43.37197,0
1503081458,18775680,1.16500,252.88000,1
1503081453,18775679,1.16500,252.87999,1
1503081132,18775471,1.16500,54.32438,1
1503081055,18775435,1.16500,90.72740,1
1503081053,18775430,1.16501,9.27260,1
1503080811,18775289,1.16501,112.93194,0
1503080810,18775288,1.16500,637.89999,1
1503080806,18775279,1.16501,47.06806,1
1503080762,18775250,1.16501,25.17731,1
1503080761,18775249,1.16501,34.82269,1
1503080755,18775246,1.16502,330.43309,1
1503080755,18775245,1.16505,9.56691,1
1503080465,18775089,1.16898,20.05330,0
1503080465,18775088,1.16897,15.94000,0
1503080465,18775087,1.16896,15.00670,0
1503079969,18774618,1.16502,33.43329,1
1503079969,18774615,1.16510,15.00670,1
1503079809,18774318,1.16897,153.72000,0
1503079770,18774293,1.16897,0.34000,0
1503079769,18774292,1.16896,170.00000,0
1503079727,18774273,1.16895,52.85000,0
1503079725,18774271,1.16895,97.01459,0
1503079725,18774270,1.16895,25.38541,0
1503079663,18774214,1.16895,45.52000,0
1503079552,18773942,1.16821,42.28341,0
1503079552,18773941,1.16814,154.43542,0
1503079552,18773940,1.16814,183.45404,0
1503079531,18773910,1.16814,140.27728,1
1503079531,18773908,1.16814,43.18283,1
1503079515,18773886,1.16814,34.34499,1
1503079515,18773884,1.16814,4.69513,1
1503079507,18773876,1.16814,39.26739,1
1503079466,18773834,1.16814,173.84258,1
1503079465,18773833,1.16814,217.80510,1
1503079465,18773832,1.16814,119.65320,1
1503079464,18773831,1.16814,98.15190,1
1503079464,18773830,1.16814,217.80510,1
1503079464,18773828,1.16814,40.03629,1
1503079459,18773816,1.16814,45.65071,1
1503079438,18773757,1.16814,132.11810,1
1503079438,18773756,1.16814,217.80510,1
1503079438,18773755,1.16814,217.80510,1
1503079438,18773754,1.16814,217.80510,1
1503079437,18773753,1.16814,217.80510,1
1503079437,18773752,1.16814,217.80510,1
1503079437,18773751,1.16814,217.80510,1
1503079437,18773750,1.16814,217.80510,1
1503079437,18773749,1.16814,217.80510,1
1503079437,18773748,1.16814,217.80510,1
1503079437,18773747,1.16814,162.35599,1
1503079437,18773746,1.16814,55.44911,1
1503079436,18773745,1.16814,217.80510,1
1503079436,18773744,1.16814,217.80510,1
1503079436,18773743,1.16814,217.80510,1
1503079436,18773742,1.16814,217.80510,1
1503079436,18773741,1.16814,217.80510,1
1503079436,18773740,1.16814,217.80510,1
1503079436,18773738,1.16814,217.80510,1
1503079436,18773736,1.16814,217.80510,1
1503079436,18773735,1.16814,217.80510,1
1503079435,18773734,1.16814,217.80510,1
1503079435,18773733,1.16814,47.28662,1
1503079430,18773714,1.16814,38.81291,1
1503079406,18773707,1.16814,131.70557,1
1503079406,18773706,1.16814,196.73442,1
1503079401,18773704,1.16814,6.31802,1
1503079393,18773696,1.16814,14.75266,1
1503079393,18773695,1.16814,217.80510,1
1503079393,18773694,1.16814,13.39735,1
1503079392,18773692,1.16814,204.40775,1
1503079392,18773690,1.16814,217.80510,1
1503079392,18773689,1.16814,217.80510,1
1503079392,18773687,1.16814,167.28204,1
1503079386,18773674,1.16814,45.79934,1
1503079354,18773662,1.16814,4.72372,1
1503079353,18773661,1.16814,91.61628,1
1503079352,18773659,1.16814,126.18882,1
1503079352,18773658,1.16814,217.80510,1
1503079352,18773657,1.16814,40.71608,1
1503079351,18773656,1.16814,116.03000,1
1503079345,18773653,1.16814,61.05902,1
1503079345,18773652,1.16814,217.80510,1
1503079345,18773651,1.16814,217.80510,1
1503079345,18773650,1.16814,217.80510,1
1503079344,18773649,1.16814,203.94568,1
1503079284,18773619,1.16814,13.85942,1
1503079283,18773618,1.16814,217.80510,1
1503079283,18773617,1.16814,217.80510,1
1503079283,18773616,1.16814,217.80510,1
1503079283,18773615,1.16814,217.80510,1
1503079283,18773614,1.16814,217.80510,1
1503079283,18773613,1.16814,217.80510,1
1503079282,18773611,1.16814,115.88392,1
1503079275,18773578,1.16814,51.90207,1
1503079275,18773577,1.16815,38.09793,1
1503079264,18773571,1.16814,50.01911,1
1503079264,18773570,1.16814,11.89916,1
1503079264,18773569,1.16844,38.08173,1
1503079257,18773565,1.16843,6.29072,1
1503079160,18773496,1.16834,41.21654,1
1503078937,18773349,1.16814,205.90594,1
1503078937,18773348,1.16814,41.03364,1
1503078930,18773346,1.16814,176.77146,1
1503078930,18773345,1.16814,217.80510,1
1503078929,18773344,1.16814,217.80510,1
1503078929,18773343,1.16814,217.80510,1
1503078929,18773342,1.16814,217.80510,1
1503078929,18773341,1.16814,217.80510,1
1503078929,18773340,1.16814,217.80510,1
1503078929,18773339,1.16814,217.80510,1
1503078929,18773338,1.16814,217.80510,1
1503078929,18773337,1.16814,137.76230,1
1503078928,18773334,1.16815,25.38541,1
1503078915,18773317,1.16818,25.38541,1
1503078863,18773284,1.16814,80.04280,1
1503078863,18773283,1.16814,217.80510,1
1503078862,18773282,1.16814,217.80510,1
1503078862,18773281,1.16814,52.56657,1
1503078861,18773280,1.16814,165.23853,1
1503078861,18773279,1.16814,217.80510,1
1503078860,18773278,1.16814,217.80510,1
1503078860,18773277,1.16814,217.80510,1
1503078860,18773276,1.16814,217.80510,1
1503078860,18773275,1.16814,217.80510,1
1503078859,18773274,1.16815,217.80510,1
1503078859,18773273,1.16815,217.80510,1
1503078859,18773272,1.16815,217.80510,1
1503078859,18773271,1.16815,217.80510,1
1503078859,18773270,1.16815,149.18224,1
1503078852,18773261,1.16815,68.62286,1
1503078852,18773260,1.16815,46.27546,1
1503078832,18773248,1.16815,171.52964,1
1503078832,18773247,1.16815,257.94860,1
1503078832,18773246,1.16815,68.57420,1
1503078629,18773090,1.16815,189.37440,1
1503078629,18773089,1.16815,203.11801,1
1503078609,18773063,1.16815,54.83059,1
1503078609,18773061,1.16815,257.94860,1
1503078609,18773060,1.16815,257.94860,1
1503078609,18773059,1.16815,257.94860,1
1503078608,18773058,1.16815,155.22360,1
1503078577,18772967,1.16815,102.72500,1
1503078577,18772966,1.16815,200.23560,1
1503078576,18772965,1.16815,57.71300,1
1503078576,18772964,1.16815,257.94860,1
1503078576,18772963,1.16815,257.94860,1
1503078576,18772962,1.16815,60.33236,1
1503078571,18772949,1.16815,197.61624,1
1503078571,18772948,1.16815,140.29486,1
1503078567,18772933,1.16815,117.65374,1
1503078566,18772932,1.16815,257.94860,1
1503078566,18772930,1.16815,257.94860,1
1503078566,18772929,1.16815,257.94860,1
1503078566,18772927,1.16815,243.37936,1
1503078565,18772925,1.16815,14.56924,1
1503078565,18772923,1.16815,257.94860,1
1503078565,18772922,1.16815,257.94860,1
1503078565,18772921,1.16815,257.94860,1
1503078564,18772920,1.16815,206.84603,1
1503078564,18772918,1.16815,51.10257,1
1503078564,18772917,1.16815,6.39699,1
1503078564,18772916,1.16816,1.50937,1
1503078562,18772906,1.16816,36.47370,1
1503078557,18772881,1.16815,251.55161,1
1503078557,18772880,1.16815,10.04838,1
1503078557,18772879,1.16815,10.03170,1
1503078556,18772878,1.16815,10.03170,1
1503078556,18772877,1.16815,10.03170,1
1503078555,18772870,1.16548,217.80512,0
1503078551,18772860,1.16500,10.03170,1
1503078550,18772858,1.16500,10.03170,1
1503078549,18772856,1.16500,10.03170,1
1503078549,18772851,1.16500,10.03170,1
1503078548,18772849,1.16500,10.03170,1
1503078547,18772846,1.16500,10.03170,1
1503078546,18772843,1.16500,10.03172,1
1503078544,18772838,1.16500,10.03172,1
1503078542,18772834,1.16500,10.03172,1
1503078541,18772829,1.16500,10.03172,1
1503078540,18772827,1.16500,10.03172,1
1503078539,18772823,1.16500,10.03172,1
1503078539,18772819,1.16500,10.03172,1
1503078538,18772816,1.16500,10.03172,1
1503078537,18772812,1.16500,10.03172,1
1503078537,18772809,1.16500,10.03172,1
1503078536,18772803,1.16500,10.03586,1
1503078535,18772793,1.16500,10.03586,1
1503078534,18772790,1.16500,10.03586,1
1503078533,18772787,1.16500,10.03586,1
1503078533,18772781,1.16500,10.03586,1
1503078532,18772772,1.16500,10.03586,1
1503078531,18772766,1.16500,10.03586,1
1503078530,18772756,1.16500,10.03586,1
1503078530,18772748,1.16500,10.03586,1
1503078529,18772742,1.16500,10.03586,1
1503078527,18772720,1.16548,41.66292,1
1503078370,18772542,1.16523,5.00000,1
1503078234,18772390,1.16872,136.34138,0
1503078197,18772335,1.16899,9.97000,0
1503078197,18772334,1.16898,350.00000,0
1503077825,18771924,1.16500,54.27000,1
1503077811,18771908,1.16500,24.61218,1
1503077737,18771717,1.16500,76.29632,1
1503077577,18771346,1.16500,356.10999,1
1503077517,18771160,1.16500,196.69528,1
1503077499,18771070,1.16500,315.68831,1
1503077498,18771067,1.16501,6.17168,1
1503077495,18771053,1.16500,190.86412,1
1503077494,18771050,1.16500,671.12000,1
1503077488,18771020,1.16500,2344.79829,1
1503077485,18770995,1.16500,856.21000,1
1503077478,18770924,1.16500,781.59999,1
1503077473,18770895,1.16500,69.67328,1
1503077347,18770589,1.16500,1221.99999,1
1503077345,18770583,1.16501,170.00000,1
1503077337,18770545,1.16500,78.95000,1
1503077335,18770537,1.16501,150.89664,1
1503077335,18770535,1.16532,89.10130,1
1503077334,18770532,1.16532,238.93563,1
1503077326,18770486,1.16886,588.70789,0
1503077211,18770219,1.16532,100.00000,1
1503077085,18770086,1.16888,359.42100,1
1503077074,18770068,1.16888,229.99473,1
1503077072,18770057,1.16888,28.24628,1
1503077072,18770054,1.16896,129.46508,1
1503077071,18770053,1.16896,230.55097,1
1503077071,18770050,1.16896,358.86648,1
1503077054,18770033,1.16899,0.02456,0
1503077054,18770032,1.16898,359.41849,0
1503077048,18770024,1.16898,0.58151,0
1503077048,18770023,1.16897,360.00000,0
1503077036,18770015,1.16895,1.14277,0
1503077030,18770008,1.16895,358.85723,0
1503077030,18770007,1.16894,1.15202,0
1503077024,18769996,1.16894,358.84798,0
1503077023,18769995,1.16893,0.57983,0
1503077017,18769989,1.16893,359.42017,0
1503077016,18769986,1.16888,100.00000,1
1503077004,18769979,1.16887,1.17407,0
1503076999,18769976,1.16887,358.82593,0
1503076998,18769975,1.16886,0.58915,0
1503076992,18769971,1.16886,359.41085,0
1503076953,18769943,1.16885,359.99000,0
1503076822,18769858,1.16533,0.91000,1
1503076822,18769857,1.16533,78.55000,1
1503076249,18769292,1.16500,996.09495,1
1503076243,18769284,1.16500,663.33372,1
1503076158,18769210,1.16500,3433.59653,1
1503076157,18769207,1.16500,421.02346,1
1503075941,18769033,1.16500,332.56653,1
1503075848,18768931,1.16500,17.32999,1
1503075843,18768924,1.16500,293.09193,1
1503075817,18768909,1.16500,1536.42000,1
1503075766,18768852,1.16500,100.00000,1
1503075756,18768835,1.16500,100.00000,1
1503075684,18768776,1.16500,266.26000,1
1503075510,18768664,1.16500,3457.09277,1
1503075505,18768660,1.16500,173.91000,1
1503075503,18768651,1.16500,173.89822,1
1503075502,18768644,1.16500,361.15178,1
1503075501,18768642,1.16500,173.89821,1
1503075493,18768620,1.16500,4459.39179,1
1503075490,18768613,1.16500,173.89820,1
1503075487,18768609,1.16500,458.42180,1
1503075483,18768605,1.16500,173.89819,1
1503075480,18768602,1.16500,196.84999,1
1503075463,18768577,1.16500,363.54981,1
1503075460,18768570,1.16500,167.01999,1
1503075436,18768550,1.16500,403.59596,1
1503075432,18768547,1.16500,403.83039,1
1503075337,18768473,1.16500,99.02146,1
1503075330,18768461,1.16500,64.06998,1
1503075328,18768460,1.16500,874.02001,1
1503075326,18768457,1.16500,594.49786,1
1503075312,18768448,1.16500,122.29185,1
1503074943,18768055,1.16802,556.36980,1
1503074942,18768054,1.16802,556.36980,1
1503074937,18768048,1.16500,199.46286,1
1503074936,18768045,1.16502,556.36979,1
1503074932,18768034,1.16502,259.21085,0
1503074931,18768032,1.16500,2003.18227,1
1503074929,18768029,1.16500,127.09176,1
1503074929,18768028,1.16500,342.75875,1
1503074923,18768022,1.16501,984.74146,1
1503074923,18768019,1.16501,451.96507,1
1503074922,18768017,1.16501,2473.03278,1
1503074922,18768016,1.16502,259.21085,1
1503074920,18768005,1.16502,745.56495,1
1503074804,18767899,1.16501,25.13826,1
1503074775,18767877,1.16502,21.41171,1
1503074774,18767876,1.16502,102.07843,1
1503074302,18767402,1.16502,597.72877,1
1503074298,18767391,1.16501,564.96513,1
1503074298,18767389,1.16502,0.00001,1
1503074296,18767384,1.16502,739.33339,1
1503074191,18767271,1.16502,737.57533,1
1503074023,18766982,1.16502,618.59847,1
1503074022,18766977,1.16501,138.31686,1
1503074019,18766969,1.16502,392.16714,1
1503074009,18766945,1.16502,617.58205,1
1503073938,18766847,1.16501,489.79690,1
1503073938,18766846,1.16502,5.92310,1
1503073934,18766835,1.16729,90.41035,1
1503073920,18766809,1.16729,201.90965,1
1503073920,18766808,1.16729,292.32000,1
1503073920,18766807,1.16729,292.32000,1
1503073920,18766806,1.16729,220.26830,1
1503073919,18766804,1.16729,72.05170,1
1503073919,18766803,1.16729,292.31999,1
1503073919,18766802,1.16915,56.61000,1
1503073919,18766800,1.16915,33.79946,1
1503073917,18766795,1.16915,22.81054,1
1503073917,18766793,1.16915,56.61000,1
1503073917,18766792,1.16915,10.99947,1
1503073916,18766790,1.16915,22.81054,1
1503073914,18766785,1.16915,22.79999,1
1503073912,18766783,1.16502,0.00001,0
1503073912,18766782,1.16502,292.32000,0
1503073905,18766762,1.16501,219.06357,1
1503073905,18766761,1.16502,15.91642,1
1503073903,18766755,1.16502,1052.70682,1
1503073903,18766754,1.16502,53.76318,1
1503073877,18766703,1.16502,289.94817,1
1503073877,18766702,1.16503,6.65183,1
1503073817,18766603,1.16501,39.03000,1
1503073816,18766602,1.16501,89.60000,1
1503073632,18766392,1.16501,254.14146,1
1503073632,18766391,1.16502,5.00854,1
1503073572,18766357,1.16501,346.54000,1
1503073402,18766199,1.16502,961.70999,1
1503072950,18765715,1.16501,274.74835,1
1503072950,18765714,1.16501,414.97230,1
1503072949,18765708,1.16501,242.25935,1
1503072913,18765664,1.16502,24.18753,1
1503072807,18765571,1.16501,0.15499,1
1503072806,18765570,1.16728,78.21501,1
1503072800,18765548,1.16728,51.78499,1
1503072799,18765544,1.16728,130.00000,1
1503072796,18765535,1.16503,130.00000,0
1503072724,18765484,1.16502,49.84000,1
1503072532,18765249,1.16501,36.78999,1
1503072442,18765079,1.16502,180.32404,1
1503072441,18765078,1.16503,130.00000,1
1503072435,18765059,1.16501,60.11370,1
1503072434,18765056,1.16502,9.88629,1
1503072434,18765053,1.16503,48.40699,1
1503072433,18765048,1.16503,211.59301,1
1503072433,18765044,1.16502,149.36000,1
1503072432,18765042,1.16502,149.35999,1
1503072432,18765039,1.16983,329.99999,0
1503072419,18765002,1.16501,1442.86000,1
1503072412,18764987,1.16501,2164.48229,1
1503072412,18764985,1.16501,734.84961,1
1503072412,18764982,1.16502,341.03810,1
1503072411,18764976,1.16501,2015.12481,1
1503072410,18764975,1.16501,18.85520,1
1503072406,18764968,1.16501,58.94588,1
1503072405,18764962,1.16501,0.00031,1
1503072405,18764961,1.16502,376.13969,1
1503072395,18764914,1.16501,1666.96756,1
1503072394,18764910,1.16726,38.20330,1
1503072393,18764900,1.16501,1756.92571,1
1503072393,18764897,1.16501,2391.26481,1
1503072393,18764894,1.16501,10.02311,1
1503072393,18764890,1.16501,10.02311,1
1503072392,18764886,1.16501,10.02302,1
1503072392,18764881,1.16501,8.13405,1
1503072391,18764872,1.16501,10.02382,1
1503072390,18764868,1.16501,10.02382,1
1503072389,18764865,1.16501,1821.28083,1
1503072388,18764861,1.16501,10.02382,1
1503072387,18764857,1.16502,1.88897,1
1503072387,18764854,1.16502,10.02302,1
1503072386,18764849,1.16502,10.02302,1
1503072385,18764839,1.16502,328.72614,0
1503072377,18764786,1.16501,20.75584,1
1503072376,18764782,1.16501,1045.83531,1
1503072372,18764765,1.16502,135.63031,0
1503072372,18764763,1.16502,249.71248,0
1503072364,18764732,1.16502,214.61071,1
1503072359,18764707,1.16502,111.14833,0
1503072358,18764706,1.16502,111.14833,0
1503072356,18764701,1.16501,464.26596,1
1503072349,18764687,1.16501,77.87000,1
1503072348,18764679,1.16501,464.73571,1
1503072347,18764673,1.16501,2414.48850,1
1503072347,18764669,1.16501,294.17360,1
1503072346,18764667,1.16502,373.78790,1
1503072345,18764660,1.16502,100.30125,0
1503072344,18764648,1.16501,154.99160,1
1503072343,18764647,1.16501,48.43736,1
1503072343,18764640,1.16502,403.38110,1
1503072342,18764639,1.16502,100.30865,1
1503072342,18764638,1.16717,0.00004,1
1503072185,18764489,1.16502,79.80961,0
1503072185,18764488,1.16502,15.89735,0
1503072174,18764434,1.16502,63.91226,0
1503072174,18764431,1.16502,261.23077,0
1503072173,18764428,1.16502,43.32089,0
1503072172,18764416,1.16501,10.09996,1
1503072171,18764412,1.16501,10.09996,1
1503072171,18764408,1.16501,10.09996,1
1503072170,18764405,1.16501,10.09996,1
1503072170,18764403,1.16501,10.09996,1
1503072170,18764399,1.16501,10.09996,1
1503072169,18764395,1.16501,10.09996,1
1503072169,18764391,1.16501,10.09996,1
1503072169,18764388,1.16501,10.09996,1
1503072168,18764386,1.16501,10.09996,1
1503072168,18764384,1.16501,10.09996,1
1503072168,18764381,1.16501,10.09996,1
1503072168,18764380,1.16501,10.09996,1
1503072167,18764373,1.16501,10.09996,1
1503072166,18764364,1.16501,10.09996,1
1503072166,18764361,1.16501,10.09996,1
1503072166,18764358,1.16501,10.09996,1
1503072165,18764356,1.16501,1453.64419,1
1503072165,18764352,1.16501,322.24617,1
1503072165,18764349,1.16501,10.10005,1
1503072164,18764346,1.16501,10.10005,1
1503072164,18764336,1.16501,38.17405,1
1503072163,18764334,1.16501,10.10005,1
1503072163,18764328,1.16501,10.10005,1
1503072162,18764323,1.16501,1571.34772,1
1503072161,18764315,1.16501,1082.96302,1
1503072161,18764314,1.16502,370.69334,1
1503072158,18764293,1.16502,36.01602,1
1503072143,18764284,1.16502,109.63999,1
1503072132,18764275,1.16502,443.16836,1
1503072083,18764185,1.16502,90.00000,1
1503072004,18764069,1.16502,36.83327,1
1503072002,18764067,1.16502,1.96031,0
1503072000,18764065,1.16502,392.82774,1
1503071924,18764027,1.16502,287.63569,1
1503071893,18764010,1.16502,195.54999,1
1503071861,18763987,1.16502,95.77549,1
1503071861,18763986,1.16726,10.94150,1
1503071860,18763985,1.16726,10.94150,1
1503071860,18763984,1.16726,10.94150,1
1503071856,18763978,1.16683,10.94150,0
1503071839,18763959,1.16685,10.90390,1
1503071774,18763932,1.16502,9.00658,0
1503071774,18763931,1.16502,10.90390,0
1503071773,18763930,1.16502,10.90390,0
1503071773,18763929,1.16685,10.90390,1
1503071773,18763928,1.16685,10.90390,1
1503071773,18763927,1.16685,10.90390,1
1503071772,18763926,1.16685,10.90390,1
1503071772,18763925,1.16685,0.00001,1
1503071771,18763924,1.16502,10.90389,0
1503071768,18763917,1.16502,421.95947,1
1503071768,18763915,1.16502,229.83673,1
1503071761,18763907,1.16502,663.28820,1
1503071755,18763873,1.16502,395.18845,1
1503071696,18763841,1.16502,74.35999,1
1503071667,18763794,1.16502,399.88155,1
1503071667,18763793,1.16502,74.34999,1
1503071606,18763764,1.16502,221.63058,1
1503071595,18763748,1.16502,497.95000,1
1503070740,18763189,1.16501,73.51098,1
1503070740,18763188,1.16502,781.49836,1
1503070102,18762679,1.16501,363.67925,1
1503070102,18762677,1.16675,0.00004,1
1503069848,18762498,1.16576,196.68630,0
1503069848,18762497,1.16576,43.02359,0
1503069848,18762496,1.16576,259.42852,0
1503069847,18762494,1.16574,198.67648,0
1503069847,18762493,1.16574,198.67648,0
1503069847,18762491,1.16574,94.03629,0
1503069831,18762468,1.16574,104.64019,0
1503069831,18762467,1.16511,396.48841,0
1503069831,18762464,1.16511,501.12860,0
1503069830,18762463,1.16511,346.36854,1
1503069830,18762462,1.16511,10.02379,1
1503069829,18762461,1.16511,38.92350,0
1503069829,18762460,1.16502,849.22874,0
1503069829,18762458,1.16500,10.02379,0
1503069829,18762457,1.16500,10.02379,0
1503069829,18762456,1.16500,10.03483,0
1503069829,18762455,1.16500,10.03483,0
1503069828,18762454,1.16500,10.03483,0
1503069828,18762453,1.16500,10.03483,0
1503069828,18762452,1.16500,10.03483,0
1503069828,18762451,1.16500,10.03483,0
1503069828,18762450,1.16500,10.03483,1
1503069828,18762449,1.16500,10.03483,1
1503069828,18762448,1.16500,10.03483,1
1503069828,18762447,1.16500,10.03483,1
1503069827,18762446,1.16500,10.03483,1
1503069827,18762445,1.16500,10.03483,1
1503069827,18762444,1.16500,10.03483,1
1503069827,18762442,1.16500,10.03483,1
1503069827,18762440,1.16500,10.03483,1
1503069827,18762437,1.16500,10.03483,1
1503069826,18762435,1.16500,10.03704,1
1503069826,18762432,1.16500,10.03704,1
1503069826,18762429,1.16500,10.03704,1
1503069826,18762428,1.16500,10.03704,1
1503069826,18762423,1.16500,10.03704,1
1503069825,18762420,1.16500,10.03704,1
1503069825,18762418,1.16500,10.03704,1
1503069825,18762416,1.16500,10.03704,1
1503069825,18762413,1.16500,10.03704,1
1503069824,18762407,1.16502,0.01943,1
1503069823,18762405,1.16502,999.98057,1
1503069823,18762402,1.16510,21.28573,1
1503069823,18762400,1.16511,1243.99039,1
1503069823,18762399,1.16520,325.00000,1
1503069823,18762398,1.16530,21.28207,1
1503069823,18762397,1.16531,0.18175,1
1503069822,18762394,1.16531,111.95587,1
1503069821,18762391,1.16531,712.65162,1
1503069820,18762376,1.16531,175.21076,1
1503069819,18762369,1.16538,0.00151,1
1503069818,18762361,1.16538,74.03107,1
1503069818,18762359,1.16538,370.59893,1
1503069817,18762354,1.16538,555.36849,1
1503069816,18762347,1.16550,150.00000,1
1503069816,18762346,1.16550,21.27842,1
1503069816,18762343,1.16551,67.10000,1
1503069816,18762339,1.16570,21.27477,1
1503069815,18762336,1.16576,0.00773,1
1503069814,18762330,1.16576,196.67857,1
1503069744,18762200,1.16576,125.52887,1
1503069742,18762195,1.16590,21.27112,1
1503069741,18762184,1.16594,500.80314,1
1503069740,18762179,1.16594,876.03817,1
1503069734,18762160,1.16594,623.15869,1
1503069734,18762157,1.16600,42.53130,1
1503069733,18762153,1.16600,707.89750,1
1503069733,18762152,1.16610,21.26747,1
1503069732,18762148,1.16630,21.26383,1
1503069654,18761992,1.16647,702.40919,1
1503069653,18761991,1.16649,0.00080,1
1503069648,18761974,1.16649,286.75999,1
1503069620,18761954,1.16649,767.08999,1
1503069591,18761938,1.16649,256.00999,1
1503069578,18761929,1.16649,77.20598,1
1503069557,18761912,1.16649,645.62998,1
1503069550,18761900,1.16649,159.44941,1
1503069514,18761882,1.16649,195.04999,1
1503069143,18761579,1.16649,41.06337,1
1503069105,18761536,1.16649,128.58500,1
1503069104,18761534,1.16649,128.57376,1
1503069073,18761486,1.16649,256.04163,1
1503069038,18761438,1.16649,5281.93984,1
1503069036,18761429,1.16649,5276.68476,1
1503069035,18761408,1.16649,5271.40396,1
1503068866,18761253,1.16649,225.04999,1
1503068843,18761239,1.16649,3421.39614,1
1503068836,18761224,1.16649,3421.41714,1
1503068831,18761219,1.16649,3421.41714,1
1503068818,18761198,1.16649,362.99259,1
1503068713,18761123,1.16649,300.13569,1
1503068705,18761117,1.16649,142.01000,1
1503068631,18761053,1.16649,337.49968,1
1503068622,18761031,1.16650,0.00004,0
1503068621,18761029,1.16650,192.87740,0
1503068616,18761027,1.16650,0.00006,1
1503068616,18761025,1.16650,532.46464,1
1503068582,18760995,1.16650,589.54716,1
1503068525,18760922,1.16650,60.00000,1
1503068495,18760905,1.16650,46.71000,1
1503068377,18760780,1.16649,1.01910,1
1503068377,18760779,1.16650,510.07090,1
1503068345,18760741,1.16650,40.12198,1
1503068228,18760663,1.16650,412.19486,1
1503068223,18760660,1.16649,4595.57408,1
1503068223,18760659,1.16650,611.20910,1
1503068223,18760658,1.16650,21.26018,1
1503068222,18760656,1.16651,1482.23237,1
1503068219,18760653,1.16651,5198.82385,1
1503068192,18760636,1.16651,182.48451,1
1503068025,18760481,1.16651,32.63738,1
1503068018,18760453,1.16651,32.63738,1
1503068013,18760432,1.16651,195.45999,1
1503067976,18760349,1.16651,4841.45509,1
1503067976,18760348,1.16652,675.42914,1
1503067970,18760342,1.16651,6437.32167,1
1503067970,18760340,1.16652,18.58120,1
1503067964,18760317,1.16652,727.82980,1
1503067959,18760312,1.16651,5690.43616,1
1503067951,18760302,1.16651,1225.66722,1
1503067951,18760301,1.16652,724.89387,1
1503067945,18760297,1.16651,3685.36856,1
1503067940,18760291,1.16651,988.46822,1
1503067939,18760289,1.16652,747.55360,1
1503067934,18760280,1.16651,7.00760,1
1503067934,18760279,1.16652,826.11422,1
1503067933,18760278,1.16652,902.90000,1
1503067653,18760040,1.16652,122.10000,1
1503067595,18759976,1.16999,146.68000,0
1503067131,18759512,1.16990,5.00000,1
1503066974,18759249,1.16652,797.23451,1
1503066961,18759221,1.16652,36.46999,1
1503066950,18759210,1.16652,56.20993,1
1503066949,18759206,1.16652,55.17266,1
1503066796,18758924,1.16652,60.63000,1
1503066794,18758921,1.16652,60.63000,1
1503066745,18758855,1.16652,395.46946,1
1503066745,18758852,1.16653,190.00000,1
1503066699,18758756,1.16786,420.79809,1
1503066691,18758725,1.16786,895.65531,1
1503066689,18758720,1.16750,895.67728,0
1503066689,18758718,1.16750,57.27624,0
1503066689,18758715,1.16748,363.49988,0
1503066649,18758621,1.16701,53.62422,1
1503066610,18758546,1.16701,339.04000,1
1503066582,18758471,1.16700,4269.25774,0
1503066582,18758470,1.16700,11.31985,0
1503066582,18758469,1.16700,11.31985,0
1503066582,18758468,1.16700,11.31985,0
1503066582,18758467,1.16698,290.36691,0
1503066581,18758464,1.16698,290.36691,0
1503066581,18758463,1.16698,3779.85475,0
1503066578,18758460,1.16652,635.32559,1
1503066564,18758434,1.16652,136.19565,1
1503066559,18758427,1.16652,42.22301,1
1503066540,18758412,1.16652,1067.35419,1
1503066536,18758411,1.16652,486.46000,1
1503066534,18758401,1.16652,1067.53421,1
1503066533,18758398,1.16652,917.48892,1
1503066532,18758393,1.16652,41.88178,1
1503066430,18758291,1.16652,50.00000,1
1503066420,18758265,1.16652,180.17349,1
1503066420,18758264,1.16653,9.72011,1
1503066414,18758256,1.16652,180.14376,1
1503066414,18758255,1.16673,9.72011,1
1503066249,18758003,1.16652,103.38091,1
1503066249,18758002,1.16670,21.25654,1
1503066248,18758000,1.16670,672.54104,1
1503066237,18757984,1.16670,42.10063,1
1503066196,18757927,1.16698,1110.84903,0
1503066194,18757925,1.16688,11.83920,0
1503066173,18757874,1.16670,651.02547,1
1503066173,18757873,1.16671,7.27892,1
1503066167,18757868,1.16670,634.33286,1
1503066166,18757867,1.16690,16.69261,1
1503066166,18757866,1.16693,7.27892,1
1503066163,18757861,1.16690,4.56028,1
1503066162,18757859,1.16692,7.27892,1
1503066141,18757770,1.16700,442.74090,1
1503066141,18757768,1.16700,442.74090,1
1503066141,18757767,1.16700,442.74090,1
1503066141,18757765,1.16700,442.74090,1
1503066141,18757764,1.16700,442.74090,1
1503066141,18757761,1.16700,442.74090,1
1503066141,18757760,1.16700,107.23266,1
1503066140,18757752,1.16700,58.88025,1
1503066139,18757748,1.16700,276.62799,1
1503066139,18757745,1.16700,49.79501,1
1503066139,18757744,1.16703,10.91700,1
1503066138,18757734,1.16700,36.60276,1
1503066136,18757723,1.16700,11.31985,1
1503066136,18757722,1.16700,263.55220,1
1503066136,18757720,1.16700,81.47108,1
1503066136,18757718,1.16700,442.74090,1
1503066136,18757717,1.16700,138.32063,1
1503066135,18757716,1.16701,10.91700,1
1503066130,18757693,1.16700,304.42027,1
1503066130,18757691,1.16700,442.74090,1
1503066130,18757689,1.16700,0.00004,1
1503066130,18757687,1.16704,10.92569,1
1503066115,18757659,1.16698,110.09722,0
1503066115,18757658,1.16698,110.09722,0
1503066115,18757657,1.16698,222.54642,0
1503066075,18757582,1.16700,0.00717,1
1503066074,18757581,1.16700,156.16528,1
1503066074,18757580,1.16701,5.05774,1
1503066068,18757575,1.16700,547.84919,1
1503066067,18757574,1.16700,295.97836,1
1503066067,18757570,1.16710,21.24925,1
1503066066,18757569,1.16715,5.06947,1
1503066066,18757567,1.16716,5.05774,1
1503066056,18757548,1.16715,527.10793,1
1503066056,18757547,1.16717,5.06018,1
1503066031,18757467,1.16715,1177.28582,1
1503066031,18757464,1.16730,21.24561,1
1503066031,18757460,1.16750,21.24197,1
1503066031,18757459,1.16750,314.68982,1
1503066031,18757453,1.16750,339.61439,1
1503066030,18757447,1.16750,21.24561,1
1503066029,18757440,1.16750,175.00000,1
1503066027,18757435,1.16750,363.49988,1
1503066026,18757416,1.16750,263.55377,1
1503066020,18757369,1.16750,363.67601,1
1503066014,18757342,1.16750,251.85723,1
1503066009,18757317,1.16750,251.85723,1
1503065987,18757219,1.16750,569.06252,1
1503065983,18757214,1.16750,0.40121,1
1503065983,18757212,1.16751,5.79558,1
1503065980,18757208,1.16750,569.06252,1
1503065979,18757204,1.16750,303.72441,1
1503065979,18757203,1.16766,5.79558,1
1503065874,18757077,1.16750,45.80737,1
1503065874,18757076,1.16752,5.66463,1
1503065850,18757034,1.16750,96.41971,1
1503065838,18756999,1.16750,51.46896,1
1503065836,18756996,1.16750,196.06046,1
1503065832,18756994,1.16750,86.55000,1
1503065817,18756979,1.16750,174.70664,1
1503065813,18756975,1.16750,295.59668,1
1503065812,18756968,1.16750,491.93331,1
1503065811,18756958,1.16750,957.92445,1
1503065792,18756939,1.16750,152.64240,1
1503065769,18756925,1.16750,697.84155,1
1503065756,18756906,1.16750,97.55889,1
1503065734,18756882,1.16750,506.37283,1
1503065728,18756875,1.16750,506.37283,1
1503065721,18756866,1.16750,506.37283,1
1503065711,18756827,1.16750,2175.01999,1
1503065677,18756767,1.16750,1268.43684,1
1503065671,18756756,1.16750,129.22484,1
1503065617,18756684,1.16750,2662.97217,1
1503065511,18756608,1.16750,374.03855,1
1503065367,18756523,1.16750,662.43999,1
1503065311,18756488,1.16750,1846.16134,1
1503065311,18756487,1.16750,129.00500,1
1503065309,18756477,1.16750,1639.60864,1
1503065302,18756456,1.16750,128.99999,1
1503065243,18756365,1.16750,1491.12999,1
1503065217,18756352,1.16750,1028.46253,1
1503065215,18756348,1.16750,3361.09636,1
1503065186,18756317,1.16750,164.75120,1
1503065186,18756316,1.16751,6.72632,1
1503065180,18756304,1.16861,2052.18847,1
1503065180,18756303,1.16863,7.92716,1
1503065172,18756297,1.16861,628.74082,1
1503065171,18756295,1.16861,1017.13256,1
1503065171,18756294,1.16867,8.96167,1
1503065120,18756266,1.16861,696.53999,1
1503065113,18756254,1.16861,384.99585,1
1503065112,18756251,1.16861,220.40231,1
1503065112,18756249,1.16861,890.84952,1
1503065108,18756241,1.16861,384.56800,1
1503065108,18756237,1.16861,114.18200,1
1503065086,18756212,1.16861,575.43999,1
1503065085,18756208,1.16861,76.76642,1
1503065081,18756202,1.16861,380.23999,1
1503065074,18756195,1.16861,38.97909,1
1503065072,18756192,1.16861,170.40566,1
1503065071,18756190,1.16861,170.41746,1
1503065070,18756186,1.16861,171.86486,1
1503065068,18756177,1.16861,41.87494,1
1503065065,18756153,1.16861,900.85658,1
1503065063,18756147,1.16861,38.34758,1
1503065058,18756139,1.16861,38.85666,1
1503065052,18756127,1.16861,1006.35125,1
1503065052,18756126,1.16861,732.38535,1
1503065040,18756117,1.16861,258.49514,1
1503065037,18756112,1.16861,1478.01234,1
1503064999,18756087,1.16861,1351.20999,1
1503064955,18756065,1.16861,36.68461,1
1503064945,18756060,1.16861,558.17999,1
1503064863,18756023,1.16861,90.00000,1
1503064816,18756009,1.16861,348.25999,1
1503064732,18755950,1.16861,36.26953,1
1503064724,18755945,1.16861,110.50306,1
1503064724,18755944,1.16861,78.91001,1
1503064697,18755933,1.16861,458.20825,1
1503064644,18755913,1.16861,79.30790,1
1503064643,18755911,1.16861,20.44434,1
1503064632,18755905,1.16861,238.98258,1
1503064565,18755856,1.16861,49.91401,1
1503064528,18755848,1.16861,149.53663,1
1503064453,18755826,1.16861,170.04768,1
1503064452,18755823,1.16861,91.70725,1
1503064452,18755822,1.16861,98.13244,1
1503064438,18755809,1.16861,97.46901,1
1503064438,18755807,1.16861,76.66999,1
1503064426,18755796,1.17000,173.18044,0
1503064419,18755781,1.16861,741.37651,1
1503064387,18755745,1.16861,29.40999,1
1503064386,18755740,1.16861,175.55999,1
1503064380,18755725,1.16861,254.85998,1
1503064289,18755655,1.17000,26.51000,0
1503064085,18755561,1.16861,246.96000,1
1503064045,18755545,1.16861,1942.50344,1
1503064045,18755544,1.16861,94.10416,1
1503064028,18755530,1.16861,229.29806,1
1503063970,18755491,1.16861,51.63000,1
1503063970,18755490,1.16861,70.64804,1
1503063837,18755354,1.16861,41.27999,1
1503063783,18755310,1.16861,503.21322,1
1503063715,18755212,1.16861,353.83999,1
1503063683,18755167,1.16861,227.56000,1
1503063653,18755151,1.16861,40.07718,1
1503063627,18755129,1.16861,150.89722,1
1503063592,18755102,1.16861,236.04683,1
1503063592,18755101,1.16861,42.55627,1
1503063580,18755095,1.16861,199.87008,1
1503063570,18755089,1.16861,77.32330,1
1503063562,18755078,1.16861,29.81040,1
1503063558,18755073,1.16861,199.75869,1
1503063557,18755072,1.16861,231.96216,1
1503063468,18755014,1.16861,160.88676,1
1503063403,18754933,1.16861,116.19788,1
1503063403,18754931,1.16861,65.09443,1
1503063393,18754920,1.16861,116.19788,1
1503063387,18754915,1.16861,333.99427,1
1503063378,18754902,1.16861,334.01880,1
1503063373,18754896,1.16861,567.26168,1
1503063357,18754874,1.16861,104.36331,1
1503063273,18754780,1.16861,304.69641,1
1503063236,18754746,1.16861,117.41299,1
1503063236,18754745,1.16861,953.14837,1
1503063235,18754744,1.16988,825.74940,1
1503063234,18754739,1.16988,41.03060,0
1503063234,18754738,1.16988,604.22384,0
1503063233,18754737,1.16988,337.06927,0
1503063233,18754726,1.16988,309.12857,0
1503063233,18754724,1.16988,646.16599,0
1503063162,18754629,1.16861,51.50000,1
1503063099,18754583,1.16861,158.60402,1
1503063095,18754580,1.16861,253.77190,1
1503063092,18754578,1.16861,121.72999,1
1503063091,18754573,1.16861,90.16999,1
1503063087,18754569,1.16861,39.15776,1
1503063058,18754549,1.16861,1820.71864,1
1503063056,18754544,1.16861,1511.19933,1
1503063056,18754543,1.16861,0.02341,1
1503063055,18754539,1.16861,493.20133,1
1503063054,18754530,1.16861,35.74901,1
1503063045,18754497,1.16861,531.58353,1
1503063044,18754489,1.16861,301.92999,1
1503063042,18754480,1.16861,1053.11439,1
1503063040,18754469,1.16861,1815.15326,1
1503063038,18754460,1.16861,130.70517,1
1503063038,18754459,1.16861,638.53991,1
1503063037,18754458,1.16861,1174.28901,1
1503063034,18754454,1.16861,385.80939,1
1503063033,18754448,1.16861,277.16266,1
1503063032,18754443,1.16861,49.91842,1
1503063031,18754439,1.16861,86.56011,1
1503063031,18754434,1.16861,241.92771,1
1503063031,18754432,1.16861,79.28495,1
1503063030,18754428,1.16861,764.54505,1
1503063030,18754425,1.16861,49.85000,1
1503063007,18754345,1.16861,1287.11521,1
1503062966,18754286,1.16861,603.53749,1
1503062966,18754285,1.16861,109.74207,1
1503062954,18754275,1.16861,34.61890,1
1503062945,18754265,1.16861,851.11000,1
1503062945,18754264,1.16861,1142.89000,1
1503062929,18754250,1.16861,111.95706,1
1503062927,18754247,1.16861,1222.18294,1
1503062922,18754240,1.16861,588.41256,1
1503062918,18754230,1.16861,939.08647,1
1503062918,18754228,1.16861,874.25589,1
1503062865,18754167,1.16861,51.38584,1
1503062849,18754154,1.16861,60.83999,1
1503062799,18754098,1.16861,1309.57595,1
1503062798,18754096,1.16861,1067.92686,1
1503062796,18754091,1.16861,1309.57292,1
1503062793,18754084,1.16861,40.72222,1
1503062766,18754053,1.16861,285.72033,1
1503062766,18754052,1.16861,800.59590,1
1503062755,18754032,1.16861,26.50000,1
1503062745,18754013,1.16861,259.22250,1
1503062735,18753995,1.16861,375.09074,1
1503062733,18753988,1.16861,113.26000,1
1503062724,18753967,1.16861,32.04529,1
1503062724,18753964,1.16861,488.35471,1
1503062718,18753958,1.16861,83.12528,1
1503062715,18753951,1.16861,77.99999,1
1503062698,18753931,1.16861,572.26714,1
1503062697,18753927,1.16861,49.56316,1
1503062695,18753919,1.16861,294.92303,1
1503062687,18753894,1.16861,573.03977,1
1503062685,18753883,1.16861,50.02525,1
1503062684,18753881,1.16861,572.16000,1
1503062683,18753875,1.16861,41.91687,1
1503062683,18753874,1.16861,589.91037,1
1503062683,18753873,1.16861,0.73151,1
1503062675,18753842,1.16861,1034.60164,1
1503062674,18753839,1.16861,83.06835,1
1503062657,18753814,1.16861,1962.10165,1
1503062655,18753808,1.16861,83.06834,1
1503062653,18753804,1.16861,82.99604,1
1503062652,18753801,1.16861,1753.43247,1
1503062652,18753799,1.16861,3466.64951,1
1503062605,18753767,1.16861,150.32364,1
1503062604,18753759,1.16861,83.01635,1
1503062597,18753750,1.16861,161.66999,1
1503062595,18753748,1.16861,165.40202,1
1503062595,18753747,1.16861,305.87164,1
1503062523,18753665,1.16861,303.98676,1
1503062522,18753664,1.16861,336.37000,1
1503062520,18753663,1.16861,26.71009,1
1503062520,18753660,1.16861,615.53991,1
1503062473,18753635,1.16861,1403.59896,1
1503062472,18753632,1.16861,807.65104,1
1503062466,18753629,1.16861,2173.21009,1
1503062465,18753627,1.16861,623.40991,1
1503062465,18753625,1.16861,851.66001,1
1503062464,18753624,1.16861,1138.24999,1
1503062464,18753622,1.16861,183.30325,1
1503062464,18753621,1.16861,330.59894,1
1503062463,18753620,1.16861,624.34781,1
1503062457,18753611,1.16861,183.31000,1
1503062456,18753609,1.16861,92.88000,1
1503062452,18753605,1.16861,330.73572,1
1503062452,18753604,1.16861,641.50437,1
1503062452,18753603,1.16861,0.00991,1
1503062449,18753600,1.16861,641.51000,1
1503062448,18753594,1.16861,78.62000,1
1503062446,18753588,1.16861,1138.39162,1
1503062446,18753587,1.16861,30.55838,1
1503062445,18753585,1.16861,1474.73500,1
1503062445,18753581,1.16861,1168.52500,1
1503062443,18753579,1.16861,467.65009,1
1503062443,18753577,1.16861,1007.04991,1
1503062442,18753573,1.16861,30.13336,1
1503062438,18753567,1.16861,166.75200,1
1503062433,18753562,1.16861,166.74511,1
1503062415,18753543,1.16861,1270.87153,1
1503062415,18753541,1.16861,30.12846,1
1503062368,18753517,1.16861,19.72154,1
1503062353,18753505,1.16861,19.72155,1
1503062353,18753503,1.16861,84.41845,1
1503062328,18753493,1.16861,316.94000,1
1503062316,18753487,1.16861,130.54000,1
1503062309,18753478,1.16861,255.27000,1
1503062308,18753474,1.16861,1501.70809,1
1503062308,18753473,1.16861,255.27191,1
1503062307,18753471,1.16861,1179.33000,1
1503062306,18753467,1.16861,1160.30842,1
1503062297,18753455,1.16861,2052.29632,1
1503062295,18753453,1.16861,352.79335,1
1503062295,18753452,1.16861,14.41664,1
1503062293,18753448,1.16861,1573.70999,1
1503062292,18753444,1.16861,1469.43999,1
1503062135,18753311,1.16861,541.84580,1
1503062135,18753309,1.16861,620.16419,1
1503062113,18753304,1.16861,780.42339,1
1503062112,18753302,1.16861,1169.18341,1
1503062110,18753297,1.16861,453.17441,1
1503062110,18753296,1.16862,0.00501,1
1503062110,18753295,1.16862,166.83781,1
1503062108,18753285,1.16861,619.77906,1
1503062106,18753276,1.16800,2757.86312,0
1503062106,18753275,1.16800,5000.00000,0
1503062105,18753274,1.16800,5000.00000,0
1503062105,18753273,1.16800,5000.00000,0
1503062104,18753271,1.16800,5000.00000,0
1503062099,18753265,1.16807,423.31960,1
1503062099,18753264,1.16807,423.31960,1
1503062099,18753263,1.16807,423.31960,1
1503062099,18753261,1.16807,423.31960,1
1503062099,18753259,1.16807,423.31960,1
1503062099,18753258,1.16807,423.31960,1
1503062098,18753257,1.16807,423.31960,1
1503062098,18753256,1.16807,278.89968,1
1503062013,18753157,1.16807,144.41992,1
1503062013,18753156,1.16807,260.85545,1
1503062012,18753153,1.16807,162.46415,1
1503062012,18753151,1.16807,216.34021,1
1503061915,18753032,1.16807,206.97939,1
1503061914,18753031,1.16807,57.80204,1
1503061843,18752946,1.16807,365.51756,1
1503061843,18752945,1.16807,423.31960,1
1503061842,18752944,1.16807,2004.22583,1
1503061798,18752921,1.16807,130.60000,1
1503061797,18752919,1.16807,531.32567,1
1503061797,18752917,1.16807,467.53433,1
1503061731,18752829,1.16807,275.86000,1
1503061730,18752828,1.16807,64.81000,1
1503061729,18752825,1.16807,275.85999,1
1503061729,18752824,1.16807,198.97308,1
1503061729,18752823,1.16808,168.83693,1
1503061728,18752821,1.16808,26.17000,1
1503061726,18752805,1.16807,533.61999,1
1503061723,18752791,1.16807,849.49411,1
1503061722,18752789,1.16807,142.57595,1
1503061722,18752788,1.16813,195.00693,1
1503061689,18752735,1.16809,39.52607,1
1503061674,18752706,1.16865,35.31474,1
1503061291,18752485,1.16986,41.88669,1
1503061281,18752478,1.16986,50.00000,1
1503061276,18752473,1.16986,35.86499,1
1503061274,18752467,1.16986,141.82039,1
1503061273,18752465,1.16986,421.80746,0
1503061267,18752461,1.16986,578.19254,0
1503061174,18752367,1.16807,887.53997,1
1503061173,18752365,1.16807,207.18002,1
1503061142,18752344,1.16807,232.58998,1
1503061119,18752336,1.16807,53.85000,1
1503061119,18752334,1.16807,261.07000,1
1503061005,18752290,1.16807,332.47650,1
1503060912,18752222,1.16807,548.86908,1
1503060911,18752220,1.16807,50.80389,1
1503060894,18752209,1.16807,1014.71463,1
1503060893,18752207,1.16807,215.94536,1
1503060837,18752187,1.16807,312.96926,1
1503060767,18752126,1.16807,155.84482,1
1503060763,18752123,1.16807,35.52853,1
1503060700,18752089,1.16807,880.34501,1
1503060700,18752088,1.16807,1417.04096,1
1503060673,18752061,1.16807,14.88887,1
1503060649,18752026,1.16807,332.63096,1
1503060643,18752010,1.16807,15.63336,1
1503060642,18752007,1.16807,35.24035,1
1503060639,18751998,1.16807,40.29927,1
1503060603,18751952,1.16807,48.88406,1
1503060493,18751885,1.16807,240.30238,1
1503060492,18751884,1.16807,175.94304,1
1503060492,18751882,1.16807,18.35571,1
1503060491,18751872,1.16807,54.94989,1
1503060491,18751866,1.16807,230.35011,1
1503060486,18751863,1.16807,41.63254,1
1503060486,18751861,1.16807,678.61086,1
1503060486,18751857,1.16807,37.33947,1
1503060393,18751831,1.16807,130.74559,1
1503060393,18751830,1.16807,275.54756,1
1503060385,18751822,1.16807,37.87915,1
1503060372,18751818,1.16807,130.75000,1
1503060328,18751803,1.16807,1375.27887,1
1503060328,18751802,1.16807,738.59123,1
1503060328,18751801,1.16807,185.69990,1
1503060307,18751765,1.16807,171.29657,1
1503060306,18751757,1.16807,21.66001,1
1503060306,18751756,1.16807,53.53999,1
1503060305,18751753,1.16807,40.06620,1
1503060305,18751750,1.16807,171.19586,1
1503060305,18751749,1.16807,54.70000,1
1503060304,18751746,1.16807,168.07017,1
1503060304,18751743,1.16807,147.48983,1
1503060279,18751715,1.16807,907.05674,1
1503060278,18751714,1.16807,6.78500,1
1503060278,18751713,1.16807,72.53499,1
1503060278,18751712,1.16807,36.04327,1
1503060259,18751703,1.16807,79.32000,1
1503060253,18751696,1.16807,1832.29000,1
1503060245,18751690,1.16807,537.71676,1
1503060244,18751689,1.16807,108.24324,1
1503060243,18751686,1.16807,0.00324,1
1503060243,18751684,1.16807,537.71676,1
1503060240,18751680,1.16807,672.49699,1
1503060240,18751679,1.16807,369.23301,1
1503060230,18751668,1.16807,332.23140,1
1503060227,18751663,1.16807,754.47334,1
1503060227,18751661,1.16807,656.36666,1
1503060226,18751659,1.16807,369.24000,1
1503060225,18751654,1.16807,1640.54484,1
1503060225,18751653,1.16807,863.08320,1
1503060225,18751652,1.16807,368.67592,1
1503060224,18751650,1.16807,247.95604,1
1503060214,18751644,1.16807,247.96000,1
1503060211,18751640,1.16807,332.46103,1
1503060207,18751633,1.16807,367.65777,1
1503060207,18751632,1.16807,238.35754,1
1503060207,18751631,1.16807,1699.37401,1
1503060207,18751630,1.16807,248.98068,1
1503060203,18751625,1.16807,331.56210,1
1503060199,18751618,1.16807,367.66000,1
1503060197,18751616,1.16807,18.57471,1
1503060197,18751614,1.16807,258.33529,1
1503060197,18751613,1.16807,331.32191,1
1503060194,18751604,1.16807,352.59737,1
1503060191,18751597,1.16807,366.83512,1
1503060191,18751595,1.16807,108.04751,1
1503060190,18751593,1.16807,89.35592,1
1503060190,18751592,1.16808,3.31408,1
1503060190,18751591,1.16808,331.09362,1
1503060187,18751587,1.16807,38.63895,1
1503060186,18751584,1.16807,330.85984,1
1503060185,18751579,1.16807,192.19264,1
1503060185,18751577,1.16807,174.64736,1
1503060184,18751573,1.16751,423.31959,0
1503060184,18751571,1.16751,329.47734,0
1503060183,18751568,1.16751,888.30262,0
1503060183,18751567,1.16751,888.92446,0
1503060183,18751566,1.16751,559.44708,0
1503060177,18751558,1.16750,330.63321,1
1503060171,18751553,1.16750,331.06807,1
1503060169,18751551,1.16750,690.70545,1
1503060167,18751548,1.16751,329.47738,0
1503060159,18751535,1.16750,433.51217,1
1503060159,18751533,1.16750,174.64736,1
1503060158,18751529,1.16750,145.29786,1
1503060157,18751526,1.16750,607.97027,1
1503060156,18751524,1.16750,523.74753,1
1503060155,18751522,1.16750,61.12322,1
1503060154,18751519,1.16750,608.07160,1
1503060153,18751516,1.16750,30.24000,1
1503060152,18751512,1.16750,918.66553,1
1503060151,18751509,1.16750,607.97027,1
1503060150,18751508,1.16751,523.71289,1
1503060150,18751506,1.16751,158.76138,1
1503060149,18751504,1.16751,61.94725,1
1503060149,18751500,1.16751,61.14928,1
1503060149,18751497,1.16751,607.87005,1
1503060147,18751476,1.16751,545.90679,1
1503060147,18751470,1.16751,61.97932,1
1503060137,18751452,1.16751,607.87005,1
1503060136,18751448,1.16751,876.04948,1
1503060130,18751439,1.16751,876.04948,1
1503060128,18751435,1.16751,60.39349,1
1503060127,18751434,1.16751,309.17587,1
1503060127,18751433,1.16751,238.28468,1
1503060126,18751430,1.16751,876.83569,1
1503060118,18751425,1.16751,638.55343,1
1503060118,18751424,1.16751,30.23529,1
1503060117,18751423,1.16751,30.23529,1
1503060117,18751421,1.16751,138.99410,1
1503060080,18751403,1.16751,30.25884,1
1503060078,18751397,1.16751,171.59599,1
1503060074,18751392,1.16751,30.23058,1
1503060072,18751388,1.16751,70.00000,1
1503060070,18751382,1.16751,30.23529,1
1503060066,18751374,1.16751,46.82464,1
1503060065,18751371,1.16751,30.23529,1
1503060058,18751358,1.16751,30.24000,1
1503060058,18751356,1.16751,30.24000,1
1503060057,18751350,1.16751,38.82000,1
1503060055,18751344,1.16751,171.46954,1
1503060052,18751337,1.16751,199.52000,1
1503060046,18751329,1.16751,171.51694,1
1503060046,18751326,1.16751,30.24000,1
1503060042,18751319,1.16751,170.16981,1
1503060035,18751314,1.16751,60.39000,1
1503060005,18751288,1.16751,199.49000,1
1503059983,18751259,1.16751,235.78000,1
1503059981,18751255,1.16751,561.08000,1
1503059979,18751251,1.16751,225.08000,1
1503059978,18751246,1.16751,175.55474,1
1503059976,18751223,1.16751,225.07999,1
1503059975,18751221,1.16751,623.29527,1
1503059975,18751219,1.16751,807.19535,1
1503059975,18751218,1.16751,400.63134,1
1503059974,18751213,1.16751,1026.68866,1
1503059974,18751210,1.16751,1019.51000,1
1503059973,18751209,1.16751,400.63132,1
1503059955,18751169,1.16751,539.66999,1
1503059953,18751163,1.16751,2303.16996,1
1503059949,18751155,1.16751,4181.94974,1
1503059946,18751152,1.16751,2844.41736,1
1503059944,18751147,1.16751,1852.90262,1
1503059943,18751140,1.16751,511.51349,1
1503059872,18751091,1.16751,873.21737,1
1503059566,18750948,1.16986,101.02000,0
1503059453,18750868,1.16751,136.48706,1
1503059417,18750812,1.16751,223.95526,1
1503059388,18750768,1.16751,72.30000,1
1503059349,18750752,1.16751,835.87293,1
1503059313,18750738,1.16751,996.20784,1
1503059307,18750731,1.16751,996.20784,1
1503059300,18750725,1.16751,996.21051,1
1503059294,18750721,1.16751,996.21051,1
1503059266,18750705,1.16751,921.75891,1
1503059260,18750699,1.16751,921.75891,1
1503059217,18750680,1.16751,55.81000,1
1503059160,18750660,1.16751,51.22012,1
1503059137,18750646,1.16751,199.09894,1
1503059057,18750615,1.16751,810.89670,1
1503059056,18750612,1.16751,2423.29677,1
1503059051,18750605,1.16751,1647.52487,1
1503059050,18750604,1.16751,4668.36965,1
1503059050,18750602,1.16751,2423.29677,1
1503058960,18750549,1.16751,998.23364,1
1503058953,18750541,1.16751,735.49692,1
1503058672,18750424,1.16751,97.05271,1
1503058602,18750396,1.16751,1739.67877,1
1503058596,18750392,1.16751,1090.82936,1
1503058596,18750391,1.16752,370.00000,1
1503058596,18750390,1.16878,278.84941,1
1503058589,18750381,1.16751,1739.67877,1
1503058581,18750375,1.16751,172.36837,1
1503058575,18750365,1.16751,135.53539,1
1503058572,18750362,1.16751,228.98305,1
1503058499,18750339,1.16751,1072.91876,1
1503058496,18750336,1.16751,1428.46743,1
1503058493,18750331,1.16751,1210.86758,1
1503058428,18750286,1.16751,808.97809,1
1503058301,18750227,1.16751,790.12999,1
1503058241,18750180,1.16751,682.31536,1
1503058237,18750178,1.16751,734.78000,1
1503058208,18750165,1.16751,10.00000,1
1503058069,18750061,1.16751,1899.31564,1
1503057991,18750008,1.16751,52.47921,1
1503057934,18749980,1.16751,302.33613,1
1503057933,18749978,1.16751,21.56386,1
1503057913,18749960,1.16751,49.82513,1
1503057884,18749952,1.16879,237.44078,1
1503057883,18749951,1.16878,21.55995,0
1503057871,18749945,1.16879,122.49526,1
1503057805,18749921,1.16751,124.29873,1
1503057696,18749863,1.16751,80.00000,1
1503057621,18749813,1.16751,658.70360,1
1503057615,18749807,1.16751,658.70360,1
1503057609,18749805,1.16751,737.21196,1
1503057602,18749798,1.16751,736.69037,1
1503057536,18749756,1.16751,561.38186,1
1503057527,18749742,1.16751,467.64549,1
1503057525,18749735,1.16751,467.53299,1
1503057525,18749730,1.16751,1497.40844,1
1503057304,18749641,1.16800,238.19307,1
1503057300,18749639,1.16800,35.58878,1
1503057268,18749625,1.16800,263.18315,1
1503057267,18749624,1.16800,464.00685,1
1503057265,18749618,1.16800,256.00142,1
1503057200,18749595,1.16800,70.17438,1
1503057199,18749590,1.16800,393.83562,1
1503057188,18749583,1.16800,884.97797,1
1503057187,18749578,1.16800,343.44202,1
1503057116,18749542,1.16800,8.53000,1
1503056934,18749480,1.16800,1297.52817,1
1503056930,18749479,1.16800,630.89000,1
1503056930,18749478,1.16800,492.20999,1
1503056826,18749416,1.16800,262.48999,1
1503056699,18749364,1.16800,31.85999,1
1503056638,18749342,1.16800,179.31918,1
1503056637,18749341,1.16800,77.10643,1
1503056636,18749340,1.16800,39.83439,1
1503056578,18749312,1.16800,194.23000,1
1503056544,18749300,1.16800,288.35000,1
1503056543,18749297,1.16800,356.80551,1
1503056526,18749280,1.16800,72.93000,1
1503056523,18749274,1.16800,400.76313,1
1503056520,18749272,1.16800,401.11439,1
1503056517,18749269,1.16800,400.76313,1
1503056517,18749264,1.16800,289.48889,1
1503056515,18749261,1.16800,58.21111,1
1503056505,18749239,1.16800,124.68586,1
1503056503,18749236,1.16800,911.30624,1
1503056501,18749233,1.16800,58.21111,1
1503056500,18749232,1.16800,179.67000,1
1503056499,18749225,1.16800,124.68586,1
1503056498,18749219,1.16800,58.21111,1
1503056498,18749214,1.16800,1808.37406,1
1503056497,18749206,1.16800,34.77000,1
1503056495,18749201,1.16800,93.46000,1
1503056494,18749193,1.16800,116.75024,1
1503056494,18749190,1.16800,103.62976,1
1503056493,18749189,1.16800,615.91268,1
1503056492,18749180,1.16800,606.96798,1
1503056491,18749174,1.16800,1458.47000,1
1503056490,18749171,1.16800,763.48000,1
1503056489,18749169,1.16800,528.28000,1
1503056488,18749166,1.16800,139.66765,1
1503056488,18749160,1.16800,388.58023,1
1503056487,18749154,1.16800,121.06020,1
1503056486,18749149,1.16800,53.92980,1
1503056485,18749142,1.16800,614.47876,1
1503056484,18749137,1.16800,130.61644,1
1503056483,18749133,1.16800,388.50356,1
1503056482,18749129,1.16800,58.19772,1
1503056481,18749121,1.16800,139.66765,1
1503056478,18749109,1.16800,33.12000,1
1503056477,18749106,1.16800,29.26598,1
1503056476,18749101,1.16800,614.98192,1
1503056473,18749092,1.16800,596.71761,1
1503056472,18749090,1.16800,35.14436,1
1503056470,18749081,1.16800,614.55007,1
1503056468,18749075,1.16800,53.93000,1
1503056467,18749072,1.16800,38.57210,1
1503056466,18749065,1.16800,806.24000,1
1503056465,18749061,1.16800,40.68602,1
1503056463,18749053,1.16800,10.02618,1
1503056462,18749044,1.16800,10.02618,1
1503056461,18749038,1.16800,10.02618,1
1503056460,18749036,1.16800,581.93172,1
1503056459,18749033,1.16800,581.93172,1
1503056458,18749030,1.16800,10.02618,1
1503056457,18749025,1.16800,10.02618,1
1503056457,18749022,1.16800,10.02618,1
1503056456,18749020,1.16800,10.02618,1
1503056455,18749014,1.16800,10.02618,1
1503056455,18749011,1.16800,10.02618,1
1503056454,18749005,1.16800,10.02618,1
1503056453,18749000,1.16800,10.02618,1
1503056452,18748997,1.16800,4533.23161,1
1503056452,18748991,1.16800,10.02618,1
1503056451,18748989,1.16800,10.02618,1
1503056450,18748987,1.16800,10.02618,1
1503056450,18748984,1.16800,10.02618,1
1503056449,18748982,1.16800,4980.55475,1
1503056448,18748973,1.16800,10.03406,1
1503056447,18748970,1.16800,10.03406,1
1503056446,18748967,1.16800,10.03406,1
1503056446,18748964,1.16800,10.03406,1
1503056445,18748959,1.16800,35.62674,1
1503056444,18748955,1.16800,10.03406,1
1503056444,18748950,1.16800,10.02618,1
1503056443,18748941,1.16800,156.64000,1
1503056442,18748936,1.16800,462.74521,1
1503056440,18748930,1.16800,41.53477,1
1503056439,18748923,1.16800,39.07858,1
1503056438,18748919,1.16800,35.74611,1
1503056438,18748915,1.16800,347.42000,1
1503056437,18748911,1.16800,10.35689,1
1503056435,18748903,1.16800,10.02621,1
1503056435,18748901,1.16800,10.02621,1
1503056434,18748899,1.16800,34.87690,1
1503056433,18748894,1.16800,10.02621,1
1503056432,18748887,1.16800,10.02621,1
1503056431,18748884,1.16800,10.02621,1
1503056431,18748879,1.16800,10.02621,1
1503056430,18748877,1.16800,10.02621,1
1503056429,18748875,1.16800,10.02621,1
1503056428,18748873,1.16800,10.02621,1
1503056428,18748869,1.16800,10.02621,1
1503056427,18748865,1.16800,10.02621,1
1503056426,18748861,1.16800,10.02621,1
1503056424,18748846,1.16800,38.87733,1
1503056424,18748843,1.16800,10.02621,1
1503056423,18748839,1.16800,10.02621,1
1503056423,18748831,1.16800,2365.63741,1
1503056422,18748827,1.16800,10.02621,1
1503056422,18748820,1.16800,10.02621,1
1503056421,18748816,1.16800,10.02621,1
1503056421,18748814,1.16800,10.02621,1
1503056420,18748812,1.16800,37.20124,1
1503056420,18748809,1.16800,10.02621,1
1503056419,18748804,1.16800,36.28683,1
1503056419,18748801,1.16800,10.02621,1
1503056418,18748799,1.16800,979.46100,1
1503056417,18748783,1.16800,10.02643,1
1503056416,18748779,1.16800,40.24567,1
1503056416,18748775,1.16800,10.02621,1
1503056415,18748769,1.16800,10.02621,1
1503056414,18748764,1.16800,10.02621,1
1503056413,18748761,1.16800,174.79999,1
1503056412,18748754,1.16800,167.17999,1
1503056410,18748748,1.16800,10.02621,1
1503056409,18748743,1.16800,10.02621,1
1503056408,18748738,1.16800,10.02637,1
1503056405,18748733,1.16800,10.02637,1
1503056405,18748729,1.16800,10.02637,1
1503056404,18748725,1.16800,10.02637,1
1503056403,18748720,1.16800,10.02637,1
1503056401,18748710,1.16800,10.02637,1
1503056400,18748704,1.16800,10.02637,1
1503056399,18748693,1.16800,10.02637,1
1503056399,18748688,1.16800,258.66357,1
1503056398,18748680,1.16800,10.02637,1
1503056396,18748671,1.16800,36.14352,1
1503056391,18748641,1.16800,41.85444,1
1503056366,18748630,1.16800,169.11999,1
1503056353,18748607,1.16800,563.97261,1
1503056212,18748576,1.16800,223.71999,1
1503056199,18748563,1.16800,10.99215,1
1503056177,18748557,1.16800,1967.34999,1
1503056166,18748548,1.16800,319.09999,1
1503055970,18748468,1.16800,489.22999,1
1503055968,18748465,1.16800,37.19185,1
1503055967,18748464,1.16878,0.12814,1
1503055850,18748382,1.16878,25.50042,1
1503055686,18748210,1.16878,100.00000,1
1503055683,18748207,1.16878,147.38446,1
1503055678,18748206,1.16801,586.94729,1
1503055677,18748205,1.16936,0.00831,1
1503055612,18748154,1.16936,339.45920,1
1503055552,18748138,1.16936,904.49477,1
1503055447,18748093,1.16936,540.99692,1
1503055447,18748091,1.16936,1430.49307,1
1503055436,18748087,1.16936,123.46229,1
1503055430,18748084,1.16936,231.00384,1
1503055429,18748082,1.16936,589.82978,1
1503055427,18748080,1.16936,123.46229,1
1503055425,18748079,1.16936,1071.66713,1
1503055425,18748078,1.16936,924.28286,1
1503055421,18748070,1.16936,824.93843,1
1503055420,18748069,1.16936,35.73791,1
1503055419,18748068,1.16936,651.34208,1
1503055405,18748062,1.16936,29.96999,1
1503055355,18748035,1.16936,653.09230,1
1503055308,18747998,1.16936,450.55483,1
1503055308,18747997,1.16936,253.05382,1
1503055305,18747994,1.16936,597.79710,1
1503055254,18747961,1.16936,122.02402,1
1503055205,18747939,1.16936,39.83507,1
1503055185,18747929,1.16936,294.31144,1
1503055176,18747921,1.16936,262.60519,1
1503055171,18747917,1.16936,25.54687,1
1503055166,18747909,1.16936,130.72963,1
1503055157,18747899,1.16936,59.05606,1
1503055157,18747897,1.16936,6.26173,1
1503054982,18747760,1.16936,38.99756,1
1503054974,18747756,1.16936,1345.52999,1
1503054939,18747731,1.16936,81.18000,1
1503054916,18747685,1.16936,130.92632,1
1503054813,18747610,1.16936,182.06360,1
1503054813,18747609,1.16936,1028.37402,1
1503054804,18747602,1.16936,525.07648,1
1503054804,18747600,1.16936,231.50870,1
1503054804,18747599,1.16936,827.13877,1
1503054802,18747596,1.16936,957.82043,1
1503054802,18747595,1.16936,100.74152,1
1503054800,18747592,1.16936,1058.45933,1
1503054798,18747588,1.16936,581.28827,1
1503054798,18747586,1.16936,44.47008,1
1503054798,18747584,1.16936,0.00004,1
1503054798,18747583,1.16937,359.28065,1
1503054795,18747580,1.16936,63.56523,0
1503054795,18747579,1.16936,538.12315,0
1503054795,18747578,1.16935,601.98742,0
1503054794,18747576,1.16928,581.28336,0
1503054792,18747569,1.16930,0.00491,1
1503054791,18747568,1.16930,1435.80879,1
1503054791,18747566,1.16930,1435.81370,1
1503054791,18747565,1.16930,437.65657,1
1503054787,18747556,1.16930,581.79253,1
1503054777,18747526,1.16930,416.36460,1
1503054777,18747525,1.16930,1205.46381,1
1503054777,18747523,1.16931,121.85947,1
1503054774,18747518,1.16931,254.98000,1
1503054771,18747512,1.16930,230.34989,1
1503054771,18747511,1.16930,1136.49852,1
1503054770,18747510,1.16933,376.83947,1
1503054747,18747496,1.16931,377.24813,1
1503054743,18747493,1.16930,36.33159,1
1503054617,18747454,1.16930,228.09374,1
1503054616,18747451,1.16930,34.88985,1
1503054616,18747446,1.16930,0.00005,1
1503054613,18747428,1.16941,17.64750,1
1503054611,18747416,1.16941,170.01021,1
1503054611,18747412,1.16941,175.66251,1
1503054610,18747410,1.16941,35.75508,1
1503054593,18747400,1.16987,150.00000,0
1503054571,18747386,1.16936,62.00000,1
1503054531,18747372,1.16894,1435.81365,0
1503054528,18747368,1.16801,1741.87014,1
1503054528,18747367,1.16894,294.31280,1
1503054528,18747366,1.16894,294.31280,1
1503054528,18747365,1.16894,294.31280,1
1503054528,18747363,1.16894,294.31280,1
1503054527,18747361,1.16894,258.56664,1
1503054527,18747360,1.16936,461.84110,1
1503054527,18747358,1.16936,138.28985,1
1503054525,18747346,1.16936,323.55125,1
1503054525,18747345,1.16936,74.89072,1
1503054522,18747340,1.16936,43.44333,1
1503054521,18747338,1.16936,185.45673,1
1503054521,18747336,1.16936,86.79486,1
1503054520,18747332,1.16936,35.19109,1
1503054519,18747328,1.16936,251.86487,1
1503054519,18747327,1.16936,146.57710,1
1503054512,18747317,1.16936,398.44197,1
1503054509,18747311,1.16936,132.62253,1
1503054508,18747310,1.16936,34.87491,1
1503054503,18747304,1.16936,167.49744,1
1503054501,18747301,1.16936,36.92999,1
1503054501,18747300,1.16936,85.95513,1
1503054501,18747299,1.16936,49.86489,1
1503054491,18747292,1.16936,167.72999,1
1503054474,18747288,1.16936,49.86000,1
1503054463,18747283,1.16936,84.92925,1
1503054463,18747282,1.16936,1.85075,1
1503054462,18747281,1.16936,86.78000,1
1503054411,18747266,1.16936,589.01085,1
1503054411,18747265,1.16936,480.36915,1
1503054408,18747259,1.16936,197.27245,1
1503054407,18747257,1.16936,671.36163,1
1503054407,18747255,1.16937,453.51400,1
1503054400,18747246,1.16937,144.40255,0
1503054400,18747245,1.16937,272.59746,0
1503054399,18747244,1.16936,6.27997,1
1503054399,18747243,1.16936,34.77002,1
1503054393,18747237,1.16936,88.36416,1
1503054392,18747235,1.16938,362.33193,1
1503054391,18747233,1.16938,86.78000,1
1503054386,18747229,1.16937,144.40000,1
1503054378,18747223,1.16936,92.66635,1
1503054378,18747222,1.16939,449.93121,1
1503054356,18747216,1.16947,198.52060,1
1503054356,18747215,1.16947,252.42712,1
1503054292,18747135,1.16923,461.84107,0
1503054292,18747133,1.16936,0.00001,1
1503054291,18747132,1.16921,169.08704,0
1503054291,18747131,1.16920,215.80999,0
1503054291,18747130,1.16920,292.74456,0
1503054286,18747125,1.16921,292.74460,0
1503054282,18747122,1.16925,108.65311,1
1503054282,18747121,1.16925,351.70233,1
1503054188,18747065,1.16894,35.74616,1
1503054188,18747064,1.16894,71.02385,1
1503054187,18747063,1.16894,223.28895,1
1503054187,18747060,1.16894,71.34104,1
1503054161,18747047,1.16906,52.37000,1
1503054079,18747024,1.16894,222.97176,1
1503054079,18747023,1.16894,0.00004,1
1503054079,18747022,1.16896,71.65820,1
1503054077,18747019,1.16895,391.90417,0
1503054077,18747017,1.16895,71.91219,1
1503054076,18747016,1.16895,391.90417,1
1503054064,18747003,1.16915,55.27948,1
1503053907,18746887,1.16913,140.48999,1
1503053771,18746794,1.16895,171.19665,1
1503053767,18746789,1.16878,294.31276,0
1503053765,18746786,1.16880,462.91805,1
1503053740,18746764,1.16953,1055.23575,1
1503053735,18746760,1.16953,653.50999,1
1503053733,18746757,1.16953,144.40999,1
1503053733,18746756,1.16953,250.86847,1
1503053733,18746755,1.16953,261.89153,1
1503053731,18746750,1.16953,323.64296,1
1503053731,18746749,1.16953,1026.07704,1
1503053709,18746741,1.16953,93.70492,1
1503053708,18746739,1.16953,261.89000,1
1503053696,18746730,1.16953,439.45703,1
1503053683,18746726,1.16953,77.35134,1
1503053683,18746723,1.16953,78.48999,1
1503053675,18746718,1.16953,345.54999,1
1503053670,18746715,1.16953,35.94808,1
1503053635,18746688,1.16953,204.41178,1
1503053629,18746685,1.16953,204.41178,1
1503053626,18746680,1.16953,1061.96507,1
1503053608,18746667,1.16953,2067.28226,1
1503053606,18746665,1.16953,15.62491,1
1503053602,18746663,1.16953,2188.06642,1
1503053595,18746648,1.16953,113.18298,1
1503053595,18746645,1.16953,36.78571,1
1503053592,18746639,1.16953,2186.51962,1
1503053588,18746633,1.16953,116.85891,1
1503053585,18746626,1.16953,197.72901,1
1503053573,18746593,1.16953,748.63627,1
1503053570,18746588,1.16953,777.39776,1
1503053570,18746584,1.16953,43.50636,1
1503053568,18746582,1.16953,310.74704,1
1503053567,18746579,1.16953,534.67295,1
1503053566,18746577,1.16953,317.98490,1
1503053561,18746570,1.16953,92.40999,1
1503053558,18746564,1.16953,317.34971,1
1503053554,18746549,1.16953,337.12689,1
1503053538,18746514,1.16953,10.33352,1
1503053532,18746510,1.16953,10.33352,1
1503053526,18746500,1.16953,226.42699,1
1503053522,18746491,1.16953,774.52481,1
1503053520,18746486,1.16953,226.42699,1
1503053518,18746483,1.16953,460.34999,1
1503053510,18746472,1.16953,1268.10771,1
1503053509,18746469,1.16953,12.31795,1
1503053508,18746468,1.16953,534.35204,1
1503053484,18746456,1.16953,67.37999,1
1503053483,18746453,1.16953,331.20998,1
1503053481,18746451,1.16953,336.47705,1
1503053478,18746447,1.16953,531.17999,1
1503053467,18746430,1.16953,289.59445,1
1503053462,18746427,1.16953,1457.85416,1
1503053454,18746422,1.16953,1457.85416,1
1503053454,18746420,1.16953,41.64613,1
1503053453,18746416,1.16953,170.76276,1
1503053451,18746413,1.16953,170.92449,1
1503053451,18746411,1.16953,523.99682,1
1503053450,18746407,1.16953,1026.65174,1
1503053448,18746403,1.16953,647.34889,1
1503053443,18746396,1.16953,647.34889,1
1503053437,18746392,1.16953,958.21239,1
1503053435,18746390,1.16953,284.93000,1
1503053434,18746388,1.16953,819.05759,1
1503053414,18746378,1.16953,106.99999,1
1503053397,18746365,1.16953,1048.01242,1
1503053395,18746364,1.16953,105.14000,1
1503053395,18746362,1.16953,1970.46744,1
1503053395,18746359,1.16953,1572.15755,1
1503053373,18746347,1.16953,143.73551,1
1503053304,18746312,1.16953,350.02455,1
1503053298,18746307,1.16953,350.02455,1
1503053248,18746277,1.16953,542.94461,1
1503053239,18746266,1.16953,2340.85163,1
1503053233,18746261,1.16953,2340.85163,1
1503053229,18746251,1.16953,6453.56683,1
1503053227,18746246,1.16953,1830.88235,1
1503053158,18746179,1.16953,127.22205,1
1503053060,18746055,1.16953,193.17162,1
1503053052,18746049,1.16953,193.17162,1
1503053050,18746038,1.16953,98.42416,1
1503053041,18746022,1.16953,36.89075,1
1503053018,18745992,1.16953,281.80378,1
1503053015,18745990,1.16953,940.72834,1
1503053012,18745983,1.16953,37.91250,1
1503053007,18745979,1.16953,171.99044,1
1503053003,18745971,1.16953,262.90904,1
1503053003,18745967,1.16953,40.69796,1
1503052948,18745936,1.16953,169.08594,1
1503052581,18745616,1.16953,52.03800,1
1503052561,18745598,1.16953,175.00000,1
1503052556,18745593,1.16953,20.53296,1
1503052555,18745586,1.16953,38.33743,1
1503052364,18745463,1.16953,193.07629,1
1503052360,18745457,1.16953,385.06995,1
1503052024,18745066,1.16987,63.86000,0
1503051998,18745038,1.16953,1470.59931,1
1503051988,18745016,1.16953,1942.44697,1
1503051935,18744943,1.16953,78.49311,1
1503051932,18744930,1.16953,65.17999,1
1503051932,18744928,1.16953,331.32000,1
1503051809,18744861,1.16953,65.45999,1
1503051765,18744841,1.16953,107.63000,1
1503051602,18744769,1.16953,396.42076,1
1503051595,18744762,1.16953,2262.10002,1
1503051595,18744761,1.16953,396.42076,1
1503051593,18744756,1.16953,3431.77999,1
1503051589,18744752,1.16953,1308.18220,1
1503051587,18744750,1.16953,1629.64999,1
1503051582,18744744,1.16953,1308.18220,1
1503051581,18744741,1.16953,1204.05314,1
1503051581,18744740,1.16953,1194.94686,1
1503051580,18744737,1.16953,1309.35000,1
1503051576,18744731,1.16953,28.78316,1
1503051576,18744730,1.16953,1146.47684,1
1503051560,18744718,1.16953,49.14000,1
1503051560,18744716,1.16953,1007.27000,1
1503051559,18744711,1.16953,787.70682,1
1503051553,18744694,1.16953,1051.79513,1
1503051553,18744692,1.16954,569.34328,1
1503051552,18744689,1.16954,41.67999,1
1503051550,18744685,1.16991,0.03185,1
1503051547,18744682,1.16991,608.16645,1
1503051545,18744675,1.16991,12.52116,1
1503051545,18744670,1.16990,186.64624,1
1503051277,18744417,1.16956,44.23630,1
1503051258,18744397,1.16957,382.03999,1
1503050807,18744084,1.16800,486.43836,1
1503050804,18744078,1.16800,37.52225,1
1503050781,18744044,1.16800,690.98228,1
1503050778,18744037,1.16800,691.59999,1
1503050351,18743783,1.16800,181.14999,1
1503050350,18743776,1.16800,1799.50999,1
1503050330,18743760,1.16800,1559.60999,1
1503050231,18743722,1.16800,132.98644,1
1503050228,18743717,1.16800,133.16999,1
1503050227,18743715,1.16800,132.87988,1
1503050224,18743701,1.16800,132.98644,1
1503050180,18743634,1.16800,115.52160,1
1503050159,18743610,1.16800,54.38999,1
1503050090,18743563,1.16800,231.51194,1
1503050084,18743546,1.16800,231.51194,1
1503050080,18743505,1.16800,203.44999,1
1503050076,18743500,1.16800,231.83999,1
1503050018,18743457,1.16801,188.95956,1
1503049839,18743394,1.16800,159.62329,1
1503049691,18743255,1.16800,156.17998,1
1503049690,18743250,1.16800,54.31999,1
1503049645,18743227,1.16800,138.56258,1
1503049537,18743140,1.16800,40.97999,1
1503049384,18742907,1.16800,52.65411,1
1503049329,18742824,1.16800,81.84000,1
1503049211,18742721,1.16800,263.33905,1
1503049207,18742718,1.16800,150.73631,1
1503049131,18742627,1.16800,99.79453,1
1503049057,18742534,1.16800,33.17801,1
1503048995,18742485,1.16800,104.23785,1
1503048916,18742451,1.16800,233.14999,1
1503048856,18742441,1.17048,115.12000,0
1503048830,18742420,1.17048,310.10000,0
1503048790,18742390,1.16800,95.12229,1
1503048790,18742389,1.16800,12.40771,1
1503048567,18742207,1.16752,34.72000,1
1503048483,18742157,1.16751,25.25728,1
1503048483,18742155,1.16752,1705.16582,1
1503048469,18742143,1.16752,413.56679,1
1503048467,18742138,1.16752,909.20772,1
1503048467,18742135,1.16752,402.23918,1
1503048466,18742131,1.16752,83.85617,1
1503048456,18742111,1.16752,244.63332,1
1503048455,18742109,1.16752,816.28915,1
1503048454,18742105,1.16752,647.70679,1
1503048357,18742003,1.16754,1366.59358,1
1503048356,18742002,1.16794,0.00628,1
1503048351,18741996,1.16878,471.69054,1
1503048351,18741993,1.16878,122.41281,1
1503048350,18741990,1.16878,594.10334,1
1503048341,18741982,1.16879,473.53246,1
1503048336,18741975,1.16881,474.15728,1
1503048320,18741956,1.17046,205.86469,1
1503048319,18741954,1.17046,551.47741,1
1503048319,18741953,1.17046,165.03874,1
1503048319,18741951,1.17046,90.47999,1
1503048318,18741948,1.17046,196.82469,1
1503048279,18741931,1.17046,304.99868,1
1503048279,18741930,1.17046,757.34210,1
1503048279,18741929,1.17046,226.05318,1
1503048278,18741928,1.17046,531.28892,1
1503048278,18741927,1.17046,754.64711,1
1503048272,18741919,1.17047,483.49065,1
1503048264,18741915,1.17046,2.69499,1
1503048264,18741914,1.17049,482.04500,1
1503048229,18741901,1.17047,88.22789,0
1503048224,18741897,1.17048,36.30446,1
1503048224,18741896,1.17048,320.33344,1
1503048224,18741892,1.17048,88.22998,1
1503048223,18741889,1.17048,40.62798,1
1503048212,18741873,1.17059,39.30593,1
1503048130,18741819,1.17052,458.61669,1
1503048127,18741814,1.17051,42.68225,1
1503048085,18741803,1.17043,214.08459,0
1503048085,18741802,1.17043,543.25751,0
1503048080,18741786,1.17044,19.94941,1
1503048062,18741766,1.17045,0.00750,1
1503048060,18741750,1.17045,496.85165,1
1503048049,18741731,1.17051,40.81060,1
1503048049,18741730,1.17051,40.81060,1
1503048048,18741729,1.17045,354.61760,1
1503048048,18741728,1.17051,40.81060,1
1503048048,18741727,1.17051,40.81060,1
1503048048,18741725,1.17051,40.81060,1
1503048048,18741724,1.17051,40.81060,1
1503048046,18741717,1.17044,70.71729,1
1503048046,18741715,1.17044,90.66670,1
1503048046,18741714,1.17044,90.66670,1
1503048046,18741711,1.17044,90.66670,1
1503048046,18741709,1.17044,90.66670,1
1503048045,18741704,1.17044,90.66670,1
1503048045,18741697,1.17047,476.01597,1
1503048044,18741694,1.17047,40.81156,1
1503048020,18741678,1.16879,90.66670,0
1503048012,18741671,1.16879,226.22542,1
1503048011,18741667,1.16879,39.94095,1
1503048006,18741656,1.16879,268.01222,1
1503048001,18741650,1.16884,539.23793,1
1503047958,18741620,1.16892,12.91516,1
1503047958,18741618,1.16892,214.08484,1
1503047957,18741615,1.16893,543.26043,1
1503047868,18741565,1.16881,38.70586,1
1503047850,18741542,1.16918,226.42999,1
1503047836,18741533,1.16916,41.94305,1
1503047832,18741525,1.16916,281.71508,1
1503047832,18741524,1.16916,47.62999,1
1503047830,18741516,1.16916,134.81474,1
1503047788,18741487,1.16911,454.38999,1
1503047551,18741200,1.16929,2.55913,1
1503047551,18741199,1.16930,501.09746,1
1503047543,18741194,1.16928,144.51629,1
1503047541,18741191,1.16928,2035.53992,1
1503047541,18741189,1.16928,306.33714,1
1503047532,18741177,1.16927,198.55999,0
1503047508,18741170,1.16924,88.40786,1
1503047491,18741157,1.16922,68.89209,0
1503047491,18741156,1.16919,49.56423,1
1503047491,18741155,1.16919,63.21230,1
1503047491,18741154,1.16921,0.00241,1
1503047490,18741152,1.16921,516.57102,1
1503047339,18741070,1.17154,521.41552,1
1503047323,18741057,1.17164,521.52041,1
1503047248,18740995,1.17156,36.52396,1
1503047168,18740957,1.17270,0.00023,0
1503047168,18740956,1.17270,162.01693,0
1503047167,18740955,1.17270,184.94307,0
1503047166,18740954,1.17270,25.84431,0
1503047165,18740953,1.17270,290.54263,0
1503047164,18740952,1.17270,276.00112,0
1503047164,18740951,1.17270,202.30000,0
1503047163,18740950,1.17270,37.65999,0
1503047162,18740947,1.17270,208.32519,0
1503047161,18740944,1.17270,1203.97160,0
1503047160,18740942,1.17270,227.21458,0
1503047160,18740937,1.17270,489.67000,0
1503047160,18740935,1.17270,37.66000,0
1503047159,18740933,1.17270,15.20000,0
1503047159,18740931,1.17270,81.05000,0
1503047158,18740930,1.17270,406.64850,0
1503047158,18740929,1.17270,371.55914,0
1503047157,18740928,1.17270,38.50236,0
1503047157,18740927,1.17270,127.05184,0
1503047157,18740924,1.17270,134.04816,0
1503047156,18740923,1.17270,38.51000,0
1503047155,18740922,1.17270,156.98938,0
1503047155,18740921,1.17270,446.30813,0
1503047155,18740920,1.17270,702.18650,0
1503047154,18740918,1.17270,498.50000,0
1503047154,18740917,1.17270,746.15000,0
1503047153,18740916,1.17270,156.98938,0
1503047152,18740915,1.17270,2896.17412,0
1503047152,18740914,1.17270,66.87588,0
1503047151,18740913,1.17270,4933.12412,0
1503047149,18740912,1.17270,106.63126,0
1503047149,18740911,1.17270,167.83000,0
1503047148,18740910,1.17270,116.11818,0
1503047148,18740909,1.17270,1431.87182,0
1503047147,18740908,1.17270,373.68000,0
1503047146,18740907,1.17270,1788.74000,0
1503047145,18740905,1.17270,287.63964,0
1503047145,18740904,1.17270,727.48910,0
1503047144,18740903,1.17270,37.02173,0
1503047144,18740902,1.17270,52.33953,0
1503047144,18740901,1.17270,52.33955,0
1503047143,18740900,1.17270,261.39000,0
1503047143,18740899,1.17270,55.33000,0
1503047142,18740898,1.17270,122.95856,0
1503047142,18740897,1.17270,354.55023,0
1503047141,18740895,1.17270,60.74626,0
1503047141,18740893,1.17270,136.38919,0
1503047140,18740892,1.17270,17.24309,0
1503047140,18740891,1.17270,201.84639,0
1503047140,18740890,1.17270,108.38540,0
1503047139,18740889,1.17270,29.12281,0
1503047138,18740888,1.17270,202.67446,0
1503047137,18740887,1.17270,1088.86607,0
1503047137,18740886,1.17270,605.16903,0
1503047136,18740885,1.17270,258.57700,0
1503047136,18740884,1.17270,370.88000,0
1503047135,18740883,1.17270,113.14082,0
1503047135,18740882,1.17270,113.01669,0
1503047134,18740881,1.17270,366.03999,0
1503047134,18740880,1.17270,391.97320,0
1503047134,18740879,1.17270,1136.67794,0
1503047133,18740878,1.17270,196.30245,0
1503047133,18740877,1.17270,797.64150,0
1503047133,18740876,1.17270,153.69531,0
1503047132,18740875,1.17270,26.70946,0
1503047132,18740873,1.17270,155.34600,0
1503047131,18740872,1.17270,154.89945,0
1503047131,18740871,1.17270,34.04365,0
1503047130,18740870,1.17270,1066.08473,0
1503047130,18740869,1.17270,329.84921,0
1503047130,18740868,1.17270,948.75030,0
1503047129,18740867,1.17270,435.47424,0
1503047129,18740866,1.17270,365.84184,0
1503047129,18740865,1.17270,365.84184,0
1503047128,18740864,1.17270,1931.80509,0
1503047128,18740863,1.17270,821.18999,0
1503047127,18740862,1.17270,1027.13736,0
1503047127,18740861,1.17270,52.70964,0
1503047126,18740860,1.17270,165.39615,0
1503047126,18740858,1.17270,823.76552,0
1503047125,18740856,1.17270,3206.66677,0
1503047125,18740855,1.17270,523.15742,0
1503047125,18740854,1.17270,281.01414,0
1503047124,18740852,1.17268,170.17999,0
1503047028,18740812,1.17137,172.30000,1
1503047013,18740792,1.17138,115.74000,1
1503047010,18740790,1.17138,210.71206,1
1503046989,18740781,1.17137,243.78392,1
1503046968,18740761,1.17148,36.04141,1
1503046881,18740697,1.17089,0.00004,0
1503046880,18740696,1.17089,393.84170,0
1503046686,18740567,1.17087,1000.00000,0
1503046480,18740425,1.16813,275.10000,1
1503046332,18740327,1.17086,448.76997,1
1503046330,18740322,1.17086,780.60999,1
1503046320,18740312,1.17086,194.99999,1
1503046319,18740310,1.17086,127.55480,1
1503046283,18740289,1.17086,195.00002,1
1503046269,18740285,1.17086,200.19999,1
1503046259,18740280,1.17086,649.12999,1
1503046253,18740273,1.17086,371.01231,1
1503046252,18740272,1.17086,37.82768,1
1503046242,18740264,1.17086,565.71239,1
1503046242,18740262,1.17086,127.85761,1
1503046232,18740251,1.17086,565.71000,1
1503046231,18740245,1.17086,34.09460,1
1503046230,18740243,1.17086,164.56153,1
1503046230,18740241,1.17086,697.30388,1
1503046224,18740236,1.17086,794.99999,1
1503046194,18740191,1.17086,16.12000,1
1503046138,18740128,1.17086,356.78239,1
1503046137,18740125,1.17086,34.09000,1
1503046131,18740112,1.17086,267.08587,1
1503046131,18740111,1.17086,662.32525,1
1503046130,18740110,1.17086,69.06889,1
1503046113,18740097,1.17086,35.28999,1
1503046095,18740082,1.17086,341.72360,1
1503046054,18740049,1.17086,69.07000,1
1503046048,18740040,1.17086,94.76474,1
1503046048,18740039,1.17086,519.44048,1
1503046048,18740038,1.17086,211.95478,1
1503046047,18740035,1.17086,1815.73415,1
1503046035,18740021,1.17086,42.64665,1
1503046035,18740020,1.17086,254.60144,1
1503046019,18740002,1.17086,50.46000,1
1503046013,18739986,1.17086,52.09443,1
1503046012,18739984,1.17086,774.04557,1
1503046011,18739981,1.17086,550.04000,1
1503046007,18739977,1.17086,126.22118,1
1503046007,18739976,1.17086,121.10009,1
1503046006,18739975,1.17086,61.06442,1
1503046006,18739974,1.17086,136.79914,1
1503046006,18739973,1.17086,323.96517,1
1503045974,18739912,1.17086,137.22999,1
1503045948,18739881,1.17086,323.68186,1
1503045946,18739874,1.17086,56.40755,1
1503045945,18739873,1.17086,144.07353,1
1503045945,18739872,1.17086,123.48409,1
1503045942,18739869,1.17086,492.09772,1
1503045938,18739866,1.17086,16.14167,1
1503045923,18739860,1.17086,80.81067,1
1503045921,18739844,1.17086,42.64370,1
1503045915,18739813,1.17086,137.11796,1
1503045912,18739794,1.17086,80.81067,1
1503045909,18739766,1.17086,56.40755,1
1503045861,18739731,1.17088,26.61004,1
1503045861,18739730,1.17088,64.35998,1
1503045833,18739708,1.17091,393.84174,1
1503045777,18739687,1.17086,214.44136,1
1503045765,18739682,1.17086,64.91000,1
1503045754,18739679,1.17086,42.51999,1
1503045749,18739670,1.17086,333.01238,1
1503045747,18739667,1.17086,26.51001,1
1503045747,18739666,1.17086,64.35999,1
1503045744,18739660,1.17086,260.50000,1
1503045731,18739646,1.17086,64.36000,1
1503045730,18739643,1.17086,136.90802,1
1503045729,18739642,1.17086,250.20198,1
1503045723,18739629,1.17086,229.15000,1
1503045722,18739628,1.17086,462.97959,1
1503045716,18739625,1.17086,463.32697,1
1503045715,18739621,1.17086,90.53146,1
1503045715,18739619,1.17086,159.67053,1
1503045709,18739617,1.17086,496.62246,1
1503045704,18739613,1.17086,793.25589,1
1503045703,18739611,1.17086,1074.87924,1
1503045696,18739599,1.17086,1073.99164,1
1503045695,18739595,1.17086,205.67000,1
1503045692,18739587,1.17086,42.30925,1
1503045691,18739578,1.17086,365.66000,1
1503045680,18739567,1.17086,456.19147,1
1503045679,18739566,1.17086,1049.62853,1
1503045671,18739552,1.17086,1076.45932,1
1503045671,18739550,1.17086,966.70998,1
1503045670,18739549,1.17086,919.81003,1
1503045670,18739547,1.17086,136.03999,1
1503045664,18739532,1.17086,2193.74817,1
1503045663,18739526,1.17086,704.11062,1
1503045663,18739521,1.17086,135.92381,1
1503045658,18739504,1.17086,136.04000,1
1503045657,18739497,1.17086,343.29421,1
1503045656,18739496,1.17086,248.74898,1
1503045651,18739482,1.17086,136.05000,1
1503045651,18739481,1.17086,248.74898,1
1503045645,18739472,1.17086,135.93235,1
1503045644,18739471,1.17086,966.70001,1
1503045642,18739467,1.17086,3986.26999,1
1503045640,18739463,1.17086,2633.56000,1
1503045639,18739461,1.17086,1182.29847,1
1503045639,18739458,1.17086,1075.47589,1
1503045634,18739449,1.17086,52.89999,1
1503045624,18739424,1.17086,175.72655,1
1503045624,18739421,1.17086,175.81999,1
1503045621,18739413,1.17086,511.88407,1
1503045609,18739396,1.17086,80.19936,1
1503045606,18739394,1.17086,299.97851,1
1503045581,18739364,1.17086,35.55442,1
1503045581,18739363,1.17086,772.73641,1
1503045580,18739359,1.17086,956.79998,1
1503045574,18739351,1.17086,2908.72992,1
1503045572,18739348,1.17086,4686.47157,1
1503045571,18739343,1.17086,109.12580,1
1503045569,18739340,1.17086,2035.42428,1
1503045569,18739339,1.17086,4795.62572,1
1503045568,18739337,1.17086,2908.72992,1
1503045568,18739333,1.17086,2035.42427,1
1503045562,18739319,1.17086,2908.72992,1
1503045555,18739298,1.17086,2908.72992,1
1503045549,18739291,1.17086,2908.72992,1
1503045544,18739284,1.17086,1.99421,1
1503045543,18739283,1.17087,839.78832,1
1503045433,18739238,1.17086,1075.24384,1
1503045395,18739225,1.17088,50.59000,1
1503045357,18739201,1.17086,93.69000,1
1503045188,18739095,1.17086,60.96000,1
1503045106,18739033,1.17086,997.09616,1
1503044847,18738741,1.17086,297.41676,1
1503044830,18738729,1.17086,415.89999,1
1503044820,18738711,1.17086,415.09999,1
1503044393,18738379,1.17086,41.41243,1
1503044286,18738304,1.17086,554.24334,1
1503044241,18738251,1.17086,1794.15986,1
1503044185,18738195,1.17270,169.55585,0
1503044184,18738194,1.17270,266.98332,0
1503044184,18738193,1.17270,555.06334,0
1503044183,18738192,1.17270,155.99487,0
1503044183,18738191,1.17270,645.59702,0
1503044182,18738190,1.17270,148.32138,0
1503044182,18738189,1.17270,155.86630,0
1503044181,18738188,1.17270,231.42999,0
1503044180,18738187,1.17270,342.76825,0
1503044180,18738185,1.17270,2.71078,0
1503044179,18738181,1.17270,380.00166,0
1503044178,18738179,1.17270,684.78326,0
1503044177,18738178,1.17269,168.48063,0
1503044123,18738142,1.17086,200.00000,1
1503044108,18738068,1.17086,274.67999,1
1503043973,18738010,1.17086,268.28666,1
1503043969,18738005,1.17086,183.38239,1
1503043938,18737985,1.17086,269.29315,1
1503043926,18737967,1.17086,305.72509,1
1503043920,18737961,1.17086,305.69017,1
1503043910,18737949,1.17086,71.10729,1
1503043792,18737869,1.17270,173.86344,0
1503043791,18737868,1.17269,927.81088,0
1503043790,18737867,1.17117,137.35092,0
1503043789,18737866,1.17095,532.67480,0
1503043789,18737865,1.17095,531.96264,0
1503043789,18737864,1.17095,126.98504,0
1503043624,18737747,1.17086,576.80538,1
1503043620,18737733,1.17086,3915.64233,1
1503043619,18737723,1.17086,1322.80916,1
1503043618,18737714,1.17095,531.96264,1
1503043611,18737701,1.17095,1021.66074,1
1503043607,18737694,1.17095,492.73777,1
1503043604,18737686,1.17095,1752.63755,1
1503043603,18737682,1.17095,522.72210,1
1503043582,18737662,1.17095,197.72500,1
1503043564,18737641,1.17095,68.29499,1
1503043563,18737640,1.17117,13.98996,0
1503043562,18737636,1.17117,49.95367,0
1503043532,18737612,1.17095,719.10198,1
1503043524,18737585,1.17095,397.22374,1
1503043518,18737571,1.17095,72.88895,1
1503043516,18737569,1.17095,72.89910,1
1503043513,18737567,1.17095,108.99135,1
1503043512,18737564,1.17095,132.49274,1
1503043507,18737556,1.17095,108.99135,1
1503043452,18737505,1.17095,134.12675,1
1503043451,18737500,1.17095,155.50830,1
1503043402,18737462,1.17095,944.08535,1
1503043395,18737450,1.17095,944.08535,1
1503043390,18737433,1.17095,212.14178,1
1503043386,18737415,1.17095,207.32405,1
1503043386,18737412,1.17117,200.84559,1
1503043309,18737375,1.17117,44.17000,1
1503043296,18737365,1.17117,103.60000,1
1503043293,18737362,1.17117,95.18181,1
1503043293,18737361,1.17117,8.60819,1
1503043291,18737359,1.17117,47.27000,1
1503043244,18737304,1.17117,799.42722,0
1503043242,18737299,1.17117,200.57278,0
1503043241,18737295,1.17117,61.67383,0
1503043224,18737272,1.17095,489.03165,1
1503042906,18737022,1.17095,60.23998,1
1503042900,18737015,1.17095,2034.69999,1
1503042736,18736899,1.17105,0.22985,1
1503042735,18736897,1.17106,239.07000,1
1503042590,18736824,1.17095,212.25612,1
1503042407,18736688,1.17095,436.33999,1
1503042406,18736685,1.17095,934.34391,1
1503042405,18736679,1.17095,614.03989,1
1503042401,18736671,1.17095,63.58999,1
1503042394,18736649,1.17095,909.69726,1
1503042391,18736639,1.17095,708.33939,1
1503042382,18736627,1.17095,751.62903,1
1503042374,18736610,1.17095,892.13887,1
1503042372,18736605,1.17095,796.98536,1
1503042370,18736598,1.17095,45.33000,1
1503042369,18736595,1.17095,1517.50919,1
1503042369,18736592,1.17096,0.00224,1
1503042368,18736590,1.17096,237.76218,1
1503042364,18736584,1.17095,892.34383,1
1503042362,18736577,1.17095,839.09998,1
1503042322,18736544,1.17095,397.99309,1
1503042319,18736537,1.17095,53.61000,1
1503042313,18736532,1.17095,607.76293,1
1503042311,18736527,1.17095,289.19999,1
1503042311,18736523,1.17095,1688.16773,1
1503042305,18736515,1.17095,910.44025,1
1503042042,18736368,1.17095,57.61000,1
1503041996,18736343,1.17086,295.09933,1
1503041995,18736342,1.16999,8320.85999,0
1503041962,18736330,1.16999,5000.00000,0
1503041962,18736329,1.16999,5000.00000,0
1503041962,18736328,1.16999,5000.00000,0
1503041961,18736327,1.16999,5000.00000,0
1503041961,18736326,1.16999,5000.00000,0
1503041961,18736325,1.16999,5000.00000,0
1503041960,18736324,1.16999,5000.00000,0
1503041960,18736322,1.16999,5000.00000,0
1503041960,18736321,1.16999,5000.00000,0
1503041960,18736320,1.16999,5000.00000,0
1503041960,18736319,1.16999,5000.00000,0
1503041959,18736317,1.16999,4950.14001,0
1503041958,18736316,1.16998,49.85999,0
1503041827,18736261,1.16828,386.50838,1
1503041602,18736147,1.16800,360.64999,1
1503041557,18736114,1.16818,183.22999,1
1503041381,18735960,1.16824,315.93314,1
1503041380,18735957,1.16824,49.85999,1
1503041151,18735819,1.17117,376.45687,0
1503041151,18735817,1.17116,400.12467,0
1503041146,18735814,1.17117,375.65000,0
1503041118,18735778,1.16799,367.39185,1
1503041118,18735774,1.16800,647.82535,1
1503041085,18735764,1.17119,571.73020,1
1503041085,18735763,1.17119,571.73020,1
1503041085,18735762,1.17119,116.76010,1
1503041085,18735761,1.17119,454.97010,1
1503041084,18735759,1.17119,353.39576,1
1503041044,18735738,1.17119,60.91999,1
1503040938,18735677,1.17119,157.41445,1
1503040938,18735676,1.17119,571.73020,1
1503040937,18735673,1.17119,265.00020,1
1503040937,18735672,1.17120,0.00132,1
1503040820,18735562,1.17120,391.00069,1
1503040693,18735467,1.17121,45.60034,1
1503040681,18735459,1.17120,45.46999,1
1503040680,18735457,1.17120,45.46999,1
1503040678,18735454,1.17120,45.46999,1
1503040677,18735451,1.17120,45.46999,1
1503040676,18735449,1.17120,45.46999,1
1503040674,18735444,1.17120,45.45766,1
1503040672,18735442,1.17136,45.46999,1
1503040670,18735440,1.17136,45.46999,1
1503040654,18735434,1.17134,10.00000,1
1503040630,18735417,1.17119,0.22000,1
1503040630,18735416,1.17120,112.53000,1
1503040585,18735377,1.17119,67.11000,1
1503040576,18735364,1.17269,611.45382,0
1503040573,18735362,1.17269,84.94000,0
1503040571,18735359,1.17269,112.47000,0
1503040570,18735357,1.17269,611.45903,0
1503040318,18735222,1.17119,119.70000,1
1503040317,18735221,1.17119,119.70000,1
1503040276,18735211,1.17119,571.73020,1
1503040275,18735210,1.17119,571.73020,1
1503040275,18735208,1.17119,571.73020,1
1503040275,18735207,1.17119,277.77585,1
1503040274,18735205,1.17119,293.95435,1
1503040274,18735203,1.17119,0.00002,1
1503040273,18735200,1.17120,0.00306,1
1503040264,18735194,1.17120,418.66462,1
1503040255,18735190,1.17129,65.81000,1
1503040181,18735106,1.17138,335.53866,1
1503040181,18735105,1.17138,66.14736,1
1503040056,18735040,1.17128,198.89145,1
1503040054,18735030,1.17128,199.06999,1
1503039996,18734967,1.17100,571.73018,0
1503039789,18734876,1.16806,20.91960,1
1503039733,18734850,1.16797,50.00000,1
1503039719,18734844,1.16794,1783.98720,1
1503039713,18734828,1.16814,411.16648,1
1503039567,18734763,1.16794,216.00652,1
1503039567,18734761,1.16861,0.00629,1
1503039566,18734759,1.16861,421.56922,1
1503039366,18734703,1.17100,428.26982,0
1503038989,18734554,1.16972,73.09000,1
1503038870,18734483,1.16957,426.96889,1
1503038712,18734421,1.16942,191.14000,1
1503038370,18734214,1.16933,17.92435,1
1503038370,18734213,1.16933,911.18870,1
1503038370,18734212,1.16933,53.00795,1
1503038370,18734211,1.16943,0.00552,1
1503038370,18734208,1.16943,436.34079,1
1503038096,18733918,1.16982,51.28599,0
1503037757,18733753,1.16937,49.99274,1
1503037756,18733749,1.16937,49.99274,1
1503037756,18733748,1.16937,49.99999,1
1503037729,18733725,1.16933,92.05438,1
1503037729,18733723,1.16944,0.00689,1
1503037728,18733718,1.16944,429.05152,1
1503037599,18733618,1.16945,20.00000,1
1503037496,18733585,1.16933,56.06999,1
1503037494,18733581,1.16933,144.73936,1
1503037493,18733579,1.16945,435.86061,1
1503037448,18733567,1.17100,91.99000,0
1503037447,18733566,1.17100,10.00000,0
1503037315,18733462,1.16939,444.17767,1
1503037054,18733368,1.16933,166.99000,1
1503036651,18733243,1.16933,315.16986,1
1503036196,18733016,1.16933,77.36748,1
1503036195,18733015,1.16934,441.39810,1
1503035755,18732925,1.16938,10.00000,1
1503035598,18732891,1.16821,5.78968,0
1503035598,18732890,1.16821,452.69950,0
1503035598,18732889,1.16821,452.69950,0
1503035590,18732883,1.16822,452.69950,1
1503035589,18732881,1.16821,190.58115,1
1503035589,18732878,1.16821,259.83117,1
1503034676,18732511,1.16808,436.00610,1
1503033967,18732234,1.16807,119.61000,1
1503033394,18731839,1.17269,481.08000,0
1503033319,18731733,1.17269,30.87797,0
1503033312,18731730,1.17269,47.29410,0
1503033308,18731724,1.17269,39.26000,0
1503033307,18731719,1.17269,1501.53000,0
1503033274,18731685,1.17269,244.46356,0
1503033265,18731671,1.16797,306.37774,0
1503033262,18731663,1.16796,3.04500,1
1503033262,18731662,1.16797,370.00000,1
1503031687,18730792,1.17269,66.93131,0
1503031675,18730784,1.17269,66.91624,0
1503031673,18730779,1.17269,66.92505,0
1503031645,18730771,1.17269,219.69344,0
1503031635,18730759,1.17269,219.66045,0
1503031532,18730747,1.17269,160.48571,0
1503031301,18730614,1.17269,2847.37952,0
1503031294,18730603,1.17269,364.46326,0
1503031294,18730602,1.17269,3975.88000,0
1503031293,18730600,1.17269,1255.03755,0
1503031292,18730597,1.17269,1254.76467,0
1503031290,18730594,1.17269,1254.50885,0
1503031289,18730590,1.17269,1254.24449,0
1503031287,18730584,1.17269,2882.03259,0
1503031280,18730581,1.17269,2551.23689,0
1503031278,18730576,1.17269,1254.00573,0
1503031273,18730571,1.17269,437.35489,0
1503031271,18730562,1.17269,5128.43000,0
1503030672,18730359,1.17269,47.41000,0
1503030639,18730349,1.17266,2000.00000,0
1503030635,18730342,1.17250,457.98260,0
1503030635,18730338,1.17250,542.01740,0
1503030634,18730328,1.17250,408.10260,0
1503030455,18730261,1.16786,49.62000,1
1503030267,18730175,1.17250,74.97000,0
1503029926,18730071,1.17249,96.56000,0
1503029862,18730031,1.17249,67.34000,0
1503029375,18729770,1.16752,50.00000,1
1503029290,18729742,1.17250,209.31514,0
1503029290,18729741,1.17250,19.94711,0
1503029289,18729740,1.17250,110.41520,0
1503029289,18729738,1.17250,2.25535,0
1503029288,18729736,1.17250,24.27000,0
1503029287,18729733,1.17250,63.79291,0
1503029012,18729616,1.17250,240.22000,0
1503029011,18729614,1.17250,44.60000,0
1503028940,18729586,1.17250,660.35959,0
1503028940,18729585,1.17250,42.29999,0
1503028940,18729584,1.17249,90.00000,0
1503028934,18729577,1.16751,152.55555,1
1503028933,18729576,1.16751,5.83575,1
1503028931,18729572,1.17250,116.17999,0
1503028931,18729571,1.17250,426.08115,0
1503028921,18729563,1.17250,93.37903,0
1503028920,18729562,1.17250,695.67767,0
1503028911,18729557,1.17250,789.05670,0
1503028901,18729551,1.17250,271.74529,0
1503028901,18729550,1.17250,337.12598,0
1503028901,18729549,1.17249,170.00000,0
1503028891,18729544,1.17250,424.67905,0
1503028891,18729543,1.17249,330.00000,0
1503028883,18729539,1.16752,245.32927,1
1503028877,18729533,1.16780,82.08079,1
1503028877,18729532,1.16780,190.00000,1
1503028873,18729526,1.16780,288.75000,1
1503028866,18729512,1.16776,246.91220,1
1503028859,18729506,1.16817,248.50736,1
1503028851,18729497,1.17250,292.13431,0
1503028841,18729473,1.17250,282.65806,0
1503028831,18729459,1.17250,277.60064,0
1503028772,18729382,1.17250,276.52980,0
1503028762,18729370,1.17250,271.58106,0
1503028743,18729354,1.17250,256.37441,0
1503028723,18729344,1.17250,79.02976,0
1503028723,18729343,1.17250,172.75292,0
1503028714,18729333,1.17250,151.57732,0
1503028713,18729332,1.17250,120.35825,0
1503028713,18729329,1.17250,2.33285,0
1503028703,18729312,1.17250,257.67040,0
1503028693,18729300,1.17250,270.55392,0
1503028684,18729290,1.17250,261.20953,0
1503028675,18729285,1.17250,237.97329,0
1503028674,18729284,1.17250,13.33914,0
1503028664,18729269,1.17250,164.01966,0
1503028663,18729268,1.17250,300.28667,0
1503028654,18729252,1.17250,285.69255,0
1503028651,18729245,1.17250,99.30063,0
1503028649,18729243,1.17250,37.76809,0
1503028648,18729242,1.17250,218.09545,0
1503028432,18729171,1.17250,43.12258,0
1503028431,18729169,1.17250,101.60807,0
1503028428,18729163,1.17250,49.17309,0
1503028428,18729156,1.17250,142.34552,0
1503028425,18729140,1.17250,475.01099,0
1503028425,18729138,1.17250,16.71467,0
1503028425,18729133,1.17250,251.85429,0
1503028424,18729126,1.17250,883.61125,0
1503028119,18729042,1.17250,442.43068,0
1503028118,18729039,1.17250,612.66476,0
1503028115,18729025,1.17250,14.23661,0
1503028113,18729010,1.17250,290.15002,0
1503028110,18728987,1.17250,256.04915,0
1503028110,18728980,1.17250,126.26000,0
1503028110,18728975,1.17250,68.23000,0
1503028109,18728971,1.17250,67.93000,0
1503028109,18728966,1.17250,1394.77085,0
1503028106,18728947,1.17250,991.63254,0
1503028106,18728944,1.17250,67.38000,0
1503028106,18728942,1.17250,1355.85746,0
1503027469,18728793,1.17250,364.81000,0
1503026836,18728573,1.17250,5.54325,0
1503026372,18728351,1.17250,595.16537,0
1503026372,18728348,1.17250,824.26391,0
1503026372,18728346,1.17242,0.00072,0
1503026371,18728341,1.17242,985.51000,0
1503026269,18728316,1.16752,0.34726,1
1503026269,18728315,1.16783,173.94274,1
1503026025,18728244,1.17242,14.48928,0
1503025916,18728166,1.17241,50.78000,0
1503025915,18728164,1.17241,50.78000,0
1503025135,18727797,1.17241,50.78000,0
1503025125,18727794,1.17241,87.55569,0
1503025115,18727783,1.17241,28.49333,0
1503025061,18727759,1.17241,50.78000,0
1503024734,18727629,1.17240,74.59000,0
1503024596,18727575,1.17240,130.08000,0
1503024483,18727559,1.17234,56.80000,0
1503024094,18727414,1.16750,692.38774,1
1503024094,18727413,1.16771,186.62225,1
1503024094,18727412,1.16771,47.95074,1
1503024093,18727410,1.16788,186.62225,1
1503023952,18727347,1.16785,45.25000,1
1503023541,18727229,1.16796,191.18906,1
1503023212,18727083,1.17246,6.91500,0
1503022223,18726740,1.16758,2.19000,1
1503022223,18726739,1.16759,140.00000,1
1503021340,18726272,1.16841,550.68895,1
1503021332,18726261,1.16843,265.14715,1
1503020817,18725801,1.16843,77.05000,1
1503020666,18725654,1.16848,77.63000,1
1503020604,18725588,1.16842,50.00000,1
1503020550,18725532,1.17249,82.29000,0
1503020470,18725466,1.17090,91.38929,0
1503020286,18725310,1.16845,177.01998,1
1503020010,18725092,1.17090,467.61464,0
1503019949,18725053,1.17054,257.79110,0
1503019947,18725051,1.17044,351.97899,0
1503019494,18724820,1.17044,198.58000,0
1503019488,18724813,1.17033,711.60718,0
1503019488,18724811,1.17033,2541.26000,0
1503019481,18724797,1.17033,459.25000,0
1503019476,18724786,1.16863,50.00000,1
1503019387,18724652,1.16852,124.75999,1
1503019160,18724342,1.16843,215.26049,1
1503019140,18724275,1.16841,1.67335,1
1503019140,18724273,1.16845,719.34368,1
1503019110,18724196,1.17033,646.40616,0
1503019108,18724189,1.16757,124.09999,0
1503019108,18724188,1.16757,428.26233,0
1503019105,18724180,1.16750,130.36231,1
1503019103,18724172,1.16750,2.25535,1
1503019103,18724169,1.16757,428.26233,1
1503019102,18724155,1.16757,296.07999,1
1503018646,18723624,1.17033,0.08847,0
1503018646,18723622,1.17000,45.73153,0
1503018473,18723517,1.17000,210.91452,0
1503018345,18723447,1.16755,50.00000,1
1503018228,18723355,1.17000,75.23930,0
1503017983,18723238,1.17000,155.02563,0
1503017923,18723171,1.17000,180.80501,0
1503017921,18723157,1.17000,161.78849,0
1503017920,18723154,1.17000,46.11711,0
1503017918,18723137,1.17000,80.83445,0
1503017915,18723118,1.17000,43.54396,0
1503017914,18723110,1.17000,2.77366,0
1503017899,18723092,1.17000,49.24000,0
1503017729,18722835,1.16750,24.27000,1
1503017613,18722708,1.16753,317.38263,1
1503017612,18722706,1.16753,74.63000,1
1503017585,18722674,1.16767,142.81000,1
1503017446,18722561,1.16757,219.89000,1
1503017392,18722518,1.16750,1008.97250,1
1503017392,18722517,1.16765,53.33870,1
1503017392,18722516,1.16765,53.33870,1
1503017391,18722515,1.16765,14.64642,1
1503017391,18722513,1.16776,411.74746,1
1503017299,18722426,1.16766,54.10000,1
1503017297,18722420,1.16765,38.69228,1
1503017296,18722418,1.16755,53.33865,0
1503017283,18722393,1.16756,403.83039,1
1503017191,18722274,1.16751,158.78999,1
1503017185,18722267,1.16750,42.29999,1
1503017184,18722264,1.16750,116.17999,1
1503017184,18722261,1.17000,27.09000,0
1503017172,18722249,1.16753,115.99999,1
1503017149,18722213,1.16755,248.79036,1
1503017148,18722206,1.16755,69.44999,1
1503016955,18722088,1.16757,61.82000,1
1503016909,18722031,1.16761,50.00000,1
1503016339,18721751,1.16757,51.54999,1
1503016332,18721741,1.16752,21.53810,0
1503016329,18721738,1.16750,519.46018,1
1503016329,18721735,1.16751,331.80188,1
1503016323,18721729,1.16752,10.78388,1
1503016318,18721727,1.16751,11.10898,0
1503016307,18721707,1.16754,51.28999,1
1503016305,18721703,1.16754,12.01930,1
1503016291,18721685,1.16752,51.11999,1
1503016289,18721683,1.16751,10.34785,0
1503016279,18721662,1.16751,50.97999,1
1503016278,18721656,1.16751,11.83836,1
1503016263,18721633,1.16751,50.79999,1
1503016249,18721619,1.16757,50.67999,1
1503016222,18721586,1.16753,283.46000,1
1503015868,18721421,1.16758,42.57000,1
1503015762,18721403,1.16766,88.80230,1
1503015632,18721338,1.16750,1756.47966,1
1503015630,18721332,1.16750,2497.71307,1
1503015628,18721329,1.16750,324.33024,1
1503015628,18721328,1.16759,89.76955,1
1503015628,18721327,1.16787,82.54716,1
1503015628,18721326,1.16788,35.98689,1
1503015627,18721325,1.16788,82.54248,1
1503015627,18721323,1.16791,0.00096,1
1503015626,18721320,1.16791,321.31757,1
1503015603,18721315,1.16791,44.51902,1
1503015354,18721190,1.16788,90.11999,1
1503014937,18721043,1.16786,247.77309,0
1503014932,18721035,1.16786,82.60763,0
1503014931,18721032,1.16785,1.89760,0
1503014930,18721031,1.16785,80.83000,0
1503014787,18720997,1.16785,555.36240,0
1503014621,18720900,1.16757,89.76955,0
1503014580,18720854,1.16752,11.58785,0
1503014267,18720658,1.16750,120.35825,1
