date,tid,price,amount,type
1503082436,18776494,0.00003868,1969.75594622,0
1503082436,18776493,0.00003846,160.73236972,0
1503082435,18776492,0.00003843,734.45170102,0
1503082431,18776491,0.00003833,736.16400000,1
1503082416,18776478,0.00003832,70.00000000,1
1503082345,18776404,0.00003835,0.00000042,0
1503082345,18776402,0.00003835,1021.12581900,0
1503082345,18776400,0.00003833,5071.74614800,0
1503082341,18776394,0.00003834,12258.73761085,0
1503082292,18776293,0.00003851,519.34562451,0
1503082250,18776260,0.00003826,70.00000000,1
1503082132,18776152,0.00003829,1305.82397493,0
1503082053,18776103,0.00003821,418.73854990,1
1503082052,18776102,0.00003821,852.47334310,1
1503081949,18775993,0.00003815,152.88238600,1
1503081928,18775991,0.00003824,3335.65219665,0
1503081748,18775886,0.00003823,693.69761967,1
1503081746,18775885,0.00003822,5062.26958463,1
1503081739,18775882,0.00003822,277.11512297,0
1503081737,18775878,0.00003821,5480.46745500,0
1503081647,18775771,0.00003807,1535.66515765,1
1503081647,18775770,0.00003807,1464.33484235,1
1503081607,18775756,0.00003807,517.00000000,1
1503081567,18775728,0.00003811,1971.23130412,1
1503081380,18775640,0.00003821,0.00000090,0
1503081380,18775639,0.00003810,981.49702610,0
1503081378,18775638,0.00003810,3148.96962700,0
1503081371,18775632,0.00003820,8923.39099900,0
1503081370,18775630,0.00003820,7663.62711160,0
1503081369,18775628,0.00003811,3925.98810540,0
1503081368,18775627,0.00003811,981.49702700,0
1503081310,18775584,0.00003814,262.19192449,0
1503081294,18775550,0.00003815,237.76828309,0
1503081223,18775504,0.00003804,671.56692819,1
1503081221,18775501,0.00003805,58.45356361,1
1503081201,18775489,0.00003802,199.43865617,0
1503081199,18775488,0.00003805,77.93441840,1
1503080948,18775358,0.00003815,2967.87835186,1
1503080947,18775357,0.00003816,3279.45739255,1
1503080947,18775356,0.00003817,598.27115102,1
1503080947,18775355,0.00003818,2991.55983102,1
1503080947,18775354,0.00003824,309.88648301,1
1503080683,18775214,0.00003849,603.92621460,0
1503080682,18775213,0.00003830,5016.73505711,0
1503080575,18775144,0.00003820,2507.46858170,1
1503080565,18775143,0.00003820,19000.00000000,1
1503080444,18775064,0.00003832,792.85151356,0
1503080442,18775062,0.00003829,642.90839398,0
1503080330,18774967,0.00003829,157.09160602,1
1503080157,18774808,0.00003839,1142.99296692,0
1503080144,18774791,0.00003839,359.18233915,0
1503080141,18774788,0.00003836,2000.00000000,1
1503080131,18774764,0.00003839,1774.08231310,0
1503080094,18774736,0.00003839,160.96926282,0
1503080093,18774735,0.00003839,932.45275200,0
1503080044,18774712,0.00003839,2865.32951289,0
1503080026,18774692,0.00003837,464.17774303,0
1503080012,18774675,0.00003836,400.00000000,0
1503079999,18774661,0.00003837,400.00000000,0
1503079954,18774566,0.00003839,1947.52227142,1
1503079933,18774527,0.00003848,903.62477000,0
1503079926,18774512,0.00003849,1007.07494000,0
1503079714,18774267,0.00003853,1187.00000000,0
1503079608,18774114,0.00003896,9003.91746150,0
1503079604,18774083,0.00003896,1146.02601234,1
1503079602,18774081,0.00003896,10000.00000000,1
1503079602,18774077,0.00003896,10000.00000000,1
1503079602,18774076,0.00003896,10000.00000000,1
1503079601,18774073,0.00003896,2346.07815900,1
1503079600,18774069,0.00003896,949.29562000,1
1503079599,18774068,0.00003896,645.60737032,1
1503079599,18774067,0.00003896,400.00000000,1
1503079599,18774066,0.00003896,7989.23514200,1
1503079599,18774065,0.00003896,819.39229600,1
1503079598,18774064,0.00003896,2298.89097982,1
1503079598,18774062,0.00003896,1323.24000000,1
1503079597,18774059,0.00003896,1283.00000000,1
1503079597,18774057,0.00003896,833.21790100,1
1503079597,18774053,0.00003896,8764.34320100,1
1503079596,18774052,0.00003897,7644.46341376,0
1503079596,18774051,0.00003896,1131.69099200,1
1503079596,18774049,0.00003896,833.21790100,1
1503079596,18774048,0.00003896,1180.60770400,1
1503079595,18774046,0.00003896,819.39229600,1
1503079595,18774045,0.00003896,1000.00000000,1
1503079595,18774044,0.00003896,2072.70000000,1
1503079595,18774043,0.00003896,10000.00000000,1
1503079594,18774041,0.00003896,2490.00000000,1
1503079594,18774040,0.00003896,1020.00000000,1
1503079594,18774038,0.00003896,8050.00000000,1
1503079594,18774036,0.00003896,10066.00000000,1
1503079593,18774031,0.00003896,322.20701875,1
1503079593,18774030,0.00003896,1024.92183000,1
1503079593,18774029,0.00003896,2905.09350000,1
1503079593,18774028,0.00003896,2680.88967000,1
1503079593,18774027,0.00003896,800.17056000,1
1503079593,18774024,0.00003896,332.65900000,1
1503079592,18774023,0.00003896,10000.00000000,1
1503079592,18774021,0.00003896,10000.00000000,1
1503079592,18774019,0.00003896,10000.00000000,1
1503079591,18774013,0.00003896,1000.00000000,1
1503079591,18774011,0.00003896,2458.00000000,1
1503079591,18774010,0.00003896,2680.88967000,1
1503079591,18774009,0.00003896,1076.16679000,1
1503079591,18774008,0.00003896,851.35892100,1
1503079591,18774006,0.00003896,3000.00000000,1
1503079590,18774005,0.00003896,981.89553100,1
1503079590,18774004,0.00003896,8429.31515000,1
1503079588,18774000,0.00003896,1000.00000000,1
1503079587,18773993,0.00003896,9275.56560000,1
1503079586,18773989,0.00003896,4279.43604900,1
1503079585,18773983,0.00003896,46966.37525400,1
1503079585,18773979,0.00003896,9025.33460400,1
1503079584,18773977,0.00003896,851.35892100,1
1503079584,18773973,0.00003896,1800.00000000,1
1503079584,18773971,0.00003896,10000.00000000,1
1503079584,18773969,0.00003896,3000.00000000,1
1503079582,18773966,0.00003896,6916.99206000,1
1503079581,18773965,0.00003896,630.61743469,1
1503079581,18773963,0.00003871,156.78076823,0
1503079580,18773962,0.00003858,1024.92182673,0
1503079580,18773961,0.00003858,5124.60913364,0
1503079443,18773762,0.00003816,701.10903301,1
1503079443,18773761,0.00003816,2298.89096699,1
1503079262,18773567,0.00003831,692.74921919,1
1503079246,18773557,0.00003831,23195.15200000,1
1503079223,18773551,0.00003831,6000.00000000,1
1503079199,18773534,0.00003831,8000.00000000,1
1503079196,18773532,0.00003831,7675.81896800,1
1503079164,18773515,0.00003840,2929.00000000,1
1503079164,18773514,0.00003847,871.29633480,0
1503079163,18773512,0.00003839,7759.77700000,1
1503079162,18773508,0.00003839,4615.91692767,0
1503079155,18773474,0.00003832,4864.96134124,1
1503079155,18773472,0.00003833,206.03865876,1
1503079089,18773434,0.00003832,4000.00000000,1
1503079080,18773432,0.00003832,311.04709415,0
1503079076,18773429,0.00003832,3111.00000000,1
1503079071,18773424,0.00003831,88781.50000000,1
1503079067,18773419,0.00003832,3758.07793118,1
1503079064,18773417,0.00003832,1117.91319100,1
1503079054,18773414,0.00003832,4465.04308655,1
1503079050,18773413,0.00003826,5305.00168699,0
1503078983,18773392,0.00003831,5305.00168700,0
1503078972,18773388,0.00003833,964.00000000,0
1503078969,18773384,0.00003833,2608.92251500,0
1503078959,18773381,0.00003835,8418.38510100,0
1503078878,18773300,0.00003832,6302.97230100,0
1503078600,18773043,0.00003838,2858.91089108,1
1503078580,18772984,0.00003839,1007.62863107,0
1503078578,18772976,0.00003839,170.51915291,0
1503078578,18772975,0.00003840,821.85221602,1
1503078560,18772898,0.00003852,2000.00000000,1
1503078559,18772896,0.00003881,1381.67920639,1
1503078557,18772882,0.00003860,424.27531880,0
1503078552,18772862,0.00003851,1852.49462448,0
1503078546,18772845,0.00003851,7372.64672552,1
1503078545,18772842,0.00003851,1022.85000000,1
1503078544,18772840,0.00003851,4000.00000000,1
1503078544,18772837,0.00003851,731.22100000,1
1503078538,18772815,0.00003851,1887.63860000,1
1503078527,18772719,0.00003850,14802.79800000,0
1503078527,18772718,0.00003847,633.24674448,0
1503078513,18772668,0.00003826,5745.73715496,1
1503078513,18772666,0.00003836,901.58709784,1
1503078511,18772660,0.00003827,5897.06290216,0
1503078511,18772659,0.00003827,16963.98176800,0
1503078511,18772657,0.00003827,28154.65748124,0
1503078510,18772656,0.00003826,5897.06290176,0
1503078510,18772653,0.00003826,891.39962500,0
1503078492,18772640,0.00003826,2483.20319000,0
1503078485,18772632,0.00003827,7790.93984200,0
1503078481,18772629,0.00003827,31375.26410900,0
1503078474,18772622,0.00003827,1345.78001216,0
1503078473,18772621,0.00003827,6724.88608718,0
1503078469,18772619,0.00003817,3412.17431503,1
1503078469,18772618,0.00003818,1587.82568497,1
1503078467,18772616,0.00003830,3121.89183873,1
1503078466,18772615,0.00003831,7927.55139295,1
1503078466,18772614,0.00003832,5829.59034908,1
1503078466,18772613,0.00003832,241.91805794,1
1503078417,18772560,0.00003827,484.07610871,1
1503078416,18772559,0.00003827,157.17370250,1
1503078402,18772549,0.00003836,3709.17842225,0
1503078402,18772548,0.00003833,1331.88909331,0
1503078346,18772524,0.00003830,699.43400000,0
1503078344,18772523,0.00003830,2472.44000000,0
1503078332,18772519,0.00003828,5003.63382800,0
1503078325,18772509,0.00003831,2615.09285200,0
1503078308,18772485,0.00003829,3216.07000000,0
1503078295,18772460,0.00003832,2870.56367432,0
1503078206,18772355,0.00003833,1668.11090669,1
1503078203,18772348,0.00003833,2071.70694300,1
1503078187,18772313,0.00003834,967.60826500,1
1503078016,18772195,0.00003854,100.00000000,0
1503078012,18772189,0.00003855,1130.78988326,0
1503078010,18772185,0.00003854,1675.66410697,0
1503077887,18772012,0.00003859,10339.46618294,1
1503077886,18772008,0.00003860,475.63487112,1
1503077862,18771977,0.00003861,3302.82882588,1
1503077862,18771976,0.00003862,316.81397812,1
1503077839,18771947,0.00003860,33.71290338,0
1503077839,18771944,0.00003861,7917.50500000,1
1503077839,18771943,0.00003862,20522.51516377,1
1503077838,18771941,0.00003864,1265.26693285,1
1503077755,18771811,0.00003875,2000.00000000,0
1503077751,18771794,0.00003939,53710.03270627,1
1503077751,18771793,0.00003939,3088.03000000,1
1503077750,18771789,0.00003938,4487.44300000,0
1503077750,18771788,0.00003937,153.96458814,0
1503077750,18771787,0.00003937,7938.25599100,1
1503077750,18771786,0.00003937,1317.82352700,1
1503077750,18771785,0.00003937,10890.05596700,1
1503077749,18771784,0.00003932,6348.03111453,0
1503077749,18771783,0.00003930,1103.01373628,0
1503077749,18771782,0.00003929,71321.50900000,0
1503077747,18771772,0.00003924,550.93656000,0
1503077737,18771718,0.00003881,1407.90994177,1
1503077732,18771699,0.00003932,43550.07044760,0
1503077732,18771697,0.00003925,331.04595920,0
1503077732,18771695,0.00003925,7909.47410928,0
1503077732,18771693,0.00003925,56.98559632,0
1503077730,18771687,0.00003924,483.98204634,0
1503077730,18771685,0.00003924,74743.69700000,0
1503077714,18771619,0.00003932,30317.33400529,0
1503077714,18771618,0.00003932,1550.09832533,0
1503077714,18771617,0.00003932,7750.49162665,0
1503077713,18771615,0.00003926,1863.46978073,1
1503077713,18771612,0.00003926,996.87361650,0
1503077712,18771608,0.00003925,10384.84772734,1
1503077711,18771607,0.00003925,74199.25800000,0
1503077694,18771554,0.00003876,6871.14612594,0
1503077694,18771553,0.00003876,8501.20277806,0
1503077693,18771552,0.00003874,3501.63615211,0
1503077693,18771551,0.00003874,1700.77108646,1
1503077693,18771550,0.00003874,8505.59276143,1
1503077691,18771548,0.00003934,30365.99224437,0
1503077691,18771547,0.00003934,20025.14171597,1
1503077691,18771546,0.00003901,322.06996520,0
1503077691,18771545,0.00003891,55021.94493186,1
1503077691,18771544,0.00003892,8579.92965714,1
1503077690,18771543,0.00003892,11459.75580600,1
1503077689,18771542,0.00003891,21951.81100000,0
1503077686,18771539,0.00003875,1329.23959400,1
1503077670,18771523,0.00003935,44411.29956364,0
1503077670,18771522,0.00003935,6812.91543000,1
1503077670,18771521,0.00003911,6348.03111453,0
1503077669,18771520,0.00003911,27684.22334300,1
1503077669,18771519,0.00003901,975.96959151,1
1503077669,18771518,0.00003895,7504.22007000,0
1503077668,18771517,0.00003894,33717.61000000,0
1503077619,18771458,0.00003936,21935.76143292,1
1503077619,18771457,0.00003915,238.44680000,0
1503077618,18771456,0.00003915,238.44680000,0
1503077618,18771455,0.00003915,238.44680000,0
1503077618,18771454,0.00003915,238.44680000,0
1503077618,18771452,0.00003915,238.44680000,0
1503077618,18771451,0.00003913,17384.47298500,0
1503077617,18771450,0.00003907,70932.62400000,0
1503077617,18771449,0.00003907,717.46483652,1
1503077617,18771447,0.00003892,10000.00000000,0
1503077616,18771444,0.00003888,904.96001372,1
1503077616,18771442,0.00003887,4524.80006861,0
1503077588,18771383,0.00003891,2757.62708815,0
1503077586,18771380,0.00003890,7777.62320900,0
1503077572,18771314,0.00003892,970.09402994,1
1503077570,18771308,0.00003909,15813.57712970,0
1503077570,18771305,0.00003908,593.03553230,1
1503077569,18771304,0.00003908,8548.15100000,1
1503077569,18771303,0.00003906,61149.33200000,0
1503077569,18771302,0.00003897,8404.68772487,0
1503077568,18771301,0.00003896,11163.96600000,0
1503077568,18771299,0.00003895,16011.04063800,1
1503077566,18771298,0.00003891,1028.04747859,0
1503077566,18771297,0.00003891,5140.23739293,0
1503077501,18771079,0.00003896,770.02053388,0
1503077472,18770892,0.00003896,770.02053388,0
1503077263,18770289,0.00003870,114.25657800,1
1503077263,18770288,0.00003870,1207.10720000,1
1503077263,18770287,0.00003870,1207.10720000,1
1503077263,18770286,0.00003870,1207.10720000,1
1503077237,18770259,0.00003881,1000.00000000,1
1503077231,18770227,0.00003882,4000.00000000,1
1503077206,18770214,0.00003876,977.75681057,1
1503077194,18770191,0.00003865,1207.10717354,0
1503077192,18770188,0.00003867,6035.53586771,1
1503077192,18770186,0.00003866,6063.24420100,0
1503077188,18770178,0.00003866,517.33057424,0
1503077158,18770149,0.00003869,670.19901783,0
1503077143,18770137,0.00003870,1806.90041667,1
1503077130,18770117,0.00003870,3605.89028100,1
1503077127,18770114,0.00003871,228.42658009,1
1503077053,18770028,0.00003866,1000.00000000,0
1503077051,18770027,0.00003866,1026.91775826,0
1503077022,18769993,0.00003866,255.54861278,0
1503077014,18769985,0.00003866,260.51893837,1
1503077014,18769984,0.00003867,457.01469059,1
1503076987,18769961,0.00003864,265.56379085,1
1503076987,18769959,0.00003864,1821.75553585,1
1503076987,18769957,0.00003869,912.68067330,1
1503076895,18769901,0.00003886,252.84218755,0
1503076895,18769900,0.00003886,519.15987112,0
1503076841,18769873,0.00003869,3057.89437500,0
1503076841,18769872,0.00003861,1161.67555000,0
1503076840,18769871,0.00003861,413.91100000,0
1503076839,18769868,0.00003861,2423.02153200,0
1503076836,18769867,0.00003861,2080.00000000,0
1503076829,18769860,0.00003861,1889.63000000,0
1503076816,18769853,0.00003861,627.67100000,0
1503076814,18769852,0.00003861,629.23226800,0
1503076809,18769850,0.00003870,562.43653800,0
1503076802,18769841,0.00003870,3518.45470900,0
1503076709,18769772,0.00003878,515.72975761,0
1503076628,18769672,0.00003886,5842.37424400,0
1503076623,18769668,0.00003888,3086.41975309,0
1503076573,18769633,0.00003851,744.14381526,0
1503076573,18769632,0.00003873,755.85618474,1
1503076572,18769631,0.00003876,2500.00000000,1
1503076467,18769484,0.00003895,6530.89536194,1
1503076460,18769473,0.00003896,8166.41831814,1
1503076460,18769472,0.00003896,2295.44939024,1
1503076448,18769468,0.00003897,845.64953569,1
1503076448,18769467,0.00003897,154.35046431,1
1503076438,18769460,0.00003898,4812.76518500,1
1503076413,18769433,0.00003896,4817.54506700,1
1503076410,18769431,0.00003896,1280.41781300,1
1503076395,18769378,0.00003898,1054.26313400,1
1503076385,18769366,0.00003895,29149.58700000,1
1503076377,18769362,0.00003902,256.27883137,0
1503076375,18769359,0.00003895,2015.41846341,1
1503076375,18769358,0.00003896,1312.58153659,1
1503076374,18769357,0.00003902,4067.65761148,0
1503076373,18769354,0.00003895,3362.52997400,1
1503076372,18769353,0.00003895,1053.72234800,1
1503076369,18769352,0.00003896,1450.48629268,1
1503076361,18769349,0.00003895,390.17400000,1
1503076356,18769346,0.00003895,1000.00000000,1
1503076352,18769343,0.00003895,3.05136585,1
1503076352,18769342,0.00003896,2034.11863415,1
1503076346,18769338,0.00003895,1054.04660800,1
1503076343,18769337,0.00003895,2570.96390049,1
1503076343,18769336,0.00003896,2247.84021951,1
1503076324,18769323,0.00003896,1054.04660800,1
1503076313,18769322,0.00003895,4324.69230700,1
1503076313,18769321,0.00003896,474.59539800,1
1503076311,18769320,0.00003896,1847.96591500,1
1503076310,18769319,0.00003896,161.46868700,1
1503076305,18769317,0.00003895,17725.91995500,1
1503076230,18769276,0.00003908,196.96699078,1
1503076230,18769275,0.00003908,2459.22499952,1
1503076228,18769274,0.00003906,116.95341920,0
1503076113,18769168,0.00003898,55.00000000,0
1503076076,18769152,0.00003902,36.51127626,0
1503076074,18769151,0.00003900,390.31452718,0
1503076074,18769150,0.00003900,85.97600412,0
1503076015,18769119,0.00003911,51.08887664,1
1503076015,18769118,0.00003912,657.41666666,0
1503076015,18769117,0.00003911,460.28928751,0
1503076014,18769116,0.00003910,92.05785750,0
1503076014,18769115,0.00003910,528.96164230,0
1503076008,18769104,0.00003909,2041.44282425,0
1503075978,18769066,0.00003887,9125.99030000,1
1503075932,18769021,0.00003914,2562.15571016,1
1503075931,18769020,0.00003914,238.44680000,0
1503075931,18769018,0.00003914,238.44680000,0
1503075930,18769015,0.00003907,513.75651078,0
1503075930,18769014,0.00003904,178.50310447,0
1503075929,18769010,0.00003903,102.75130216,0
1503075903,18768989,0.00003904,2612.92469262,0
1503075903,18768987,0.00003903,131.22304386,0
1503075902,18768986,0.00003901,150.71698144,0
1503075900,18768985,0.00003883,175.77416311,0
1503075874,18768951,0.00003882,930.35173726,0
1503075874,18768950,0.00003881,186.07034745,0
1503075869,18768948,0.00003883,557.00000000,0
1503075868,18768947,0.00003883,2742.58150914,0
1503075867,18768946,0.00003882,229.71647834,0
1503075867,18768945,0.00003882,1148.58239168,0
1503075837,18768923,0.00003888,369.33436941,1
1503075837,18768922,0.00003888,155.30995834,1
1503075820,18768912,0.00003883,832.27453136,0
1503075818,18768911,0.00003883,206.99204657,0
1503075818,18768910,0.00003886,493.16400379,1
1503075817,18768908,0.00003886,2467.56941828,1
1503075788,18768892,0.00003911,1679.48580925,1
1503075787,18768890,0.00003905,294.84953458,0
1503075785,18768886,0.00003904,71.75818353,0
1503075772,18768856,0.00003887,1079.91664300,0
1503075770,18768855,0.00003887,1182.35600000,0
1503075756,18768837,0.00003888,3954.42681155,0
1503075756,18768836,0.00003887,790.88536231,0
1503075751,18768832,0.00003887,915.29272845,0
1503075751,18768831,0.00003886,217.44904100,0
1503075659,18768759,0.00003856,1767.35287700,0
1503075657,18768758,0.00003860,103.00000000,1
1503075521,18768668,0.00003881,515.33110023,0
1503075512,18768665,0.00003882,772.59850631,0
1503075407,18768513,0.00003895,1319.32759948,0
1503075406,18768512,0.00003893,1242.02899439,0
1503075394,18768496,0.00003823,1819.67327813,1
1503075392,18768494,0.00003883,180.32672187,1
1503075374,18768485,0.00003896,513.34702259,0
1503075305,18768441,0.00003900,0.00000005,1
1503075167,18768299,0.00003913,12667.61799607,0
1503075166,18768297,0.00003912,4411.98844400,0
1503075085,18768260,0.00003900,24822.05128200,1
1503075085,18768259,0.00003902,2500.00000000,1
1503075081,18768243,0.00003914,500.00000000,1
1503075081,18768241,0.00003915,238.44679591,1
1503075060,18768218,0.00003941,0.00003017,1
1503075060,18768217,0.00003941,760.08624234,1
1503075060,18768216,0.00003942,621.14452980,1
1503075060,18768215,0.00003942,3106.21222786,1
1503075048,18768211,0.00003941,8858.28106500,1
1503075048,18768210,0.00003941,3516.65753400,1
1503075045,18768205,0.00003941,1626.67204900,1
1503075042,18768200,0.00003941,11448.00000000,1
1503075042,18768199,0.00003941,21378.72186500,1
1503075041,18768197,0.00003941,1789.70896400,1
1503075040,18768193,0.00003941,12211.90168400,1
1503075036,18768188,0.00003942,3902.75506500,1
1503075033,18768178,0.00003941,6111.00000000,1
1503075032,18768172,0.00003941,10000.00000000,1
1503075032,18768171,0.00003941,10000.00000000,1
1503075031,18768170,0.00003941,10000.00000000,1
1503075015,18768129,0.00003941,10000.00000000,1
1503074998,18768104,0.00003971,3869.92608500,1
1503074996,18768103,0.00003970,1175.64848001,0
1503074996,18768102,0.00003970,5878.24240003,0
1503074996,18768101,0.00003969,6748.67744189,0
1503074976,18768098,0.00003971,13000.00000000,0
1503074976,18768097,0.00003971,141.76588667,1
1503074936,18768041,0.00003971,7734.14400000,1
1503074920,18768006,0.00003979,5359.60000000,0
1503074885,18767977,0.00003971,6606.51154256,1
1503074885,18767976,0.00003972,8081.28982344,1
1503074870,18767962,0.00003973,11805.70366700,1
1503074866,18767957,0.00003975,8600.00000000,1
1503074782,18767881,0.00004001,1249.68757811,0
1503074770,18767865,0.00004001,879.22444388,0
1503074738,18767823,0.00003991,9505.09809760,1
1503074738,18767821,0.00003990,3649.69291477,0
1503074736,18767819,0.00003988,8067.36445500,0
1503074734,18767815,0.00003989,2256.20456254,0
1503074728,18767811,0.00003991,1000.00000000,0
1503074662,18767756,0.00003990,2754.49429098,0
1503074652,18767742,0.00003992,345.10897402,0
1503074652,18767741,0.00003991,517.03011898,0
1503074651,18767735,0.00003991,524.90306000,0
1503074651,18767731,0.00003991,2226.82910800,0
1503074648,18767729,0.00003991,305.65972800,0
1503074647,18767726,0.00003991,736.27345100,0
1503074621,18767716,0.00003990,501.25313283,0
1503074576,18767678,0.00003971,3728.00000000,1
1503074572,18767674,0.00003984,6280.10833000,0
1503074561,18767667,0.00003971,3123.00000000,1
1503074531,18767643,0.00003971,5083.00000000,1
1503074498,18767599,0.00003971,4917.15374813,1
1503074496,18767597,0.00003971,33172.46801100,1
1503074492,18767591,0.00003971,31333.57517700,1
1503074488,18767586,0.00003974,432.61403767,1
1503074488,18767585,0.00003974,2163.36486786,1
1503074481,18767568,0.00003971,8048.07240720,1
1503074480,18767566,0.00003973,514.17441044,1
1503074480,18767565,0.00003974,1383.13595771,1
1503074480,18767563,0.00003975,54.61722465,1
1503074478,18767556,0.00003974,1189.70000000,1
1503074468,18767546,0.00003989,2448.44836173,0
1503074466,18767543,0.00003972,6016.07780737,1
1503074466,18767542,0.00003973,664.81694024,1
1503074465,18767541,0.00003983,3319.10525239,1
1503074451,18767531,0.00003971,1004.22398369,1
1503074451,18767530,0.00003973,72.85812031,1
1503074449,18767527,0.00003971,14227.13368175,1
1503074449,18767526,0.00003972,772.43738322,1
1503074449,18767525,0.00003972,19816.10518632,1
1503074449,18767524,0.00003982,3857.37009671,1
1503074443,18767519,0.00003971,6792.95156200,1
1503074442,18767518,0.00003977,871.91284257,1
1503074442,18767517,0.00003981,4355.22107915,1
1503074406,18767483,0.00003994,2816.51744801,0
1503074406,18767482,0.00003993,645.78741347,0
1503074398,18767471,0.00003994,15037.55633450,1
1503074397,18767470,0.00003994,10000.00000000,0
1503074347,18767430,0.00003999,4063.32617930,0
1503074334,18767425,0.00003973,4183.37146522,0
1503074334,18767424,0.00003973,846.62853478,1
1503074326,18767417,0.00003991,289.85316073,1
1503074326,18767416,0.00004002,551.81530000,1
1503074301,18767398,0.00004003,885.76366592,1
1503074294,18767379,0.00004003,4722.01599800,1
1503074288,18767365,0.00004014,647.08391902,0
1503074287,18767362,0.00004003,2007.18824700,1
1503074286,18767360,0.00004014,4756.42827574,0
1503074283,18767359,0.00004003,2603.18647300,1
1503074278,18767351,0.00004003,0.00000014,1
1503074274,18767349,0.00004003,551.81526916,1
1503074274,18767348,0.00004006,570.67194884,1
1503074274,18767347,0.00004006,748.32848347,1
1503074273,18767346,0.00004006,321.60234153,1
1503074265,18767341,0.00004006,1069.93082500,1
1503074263,18767339,0.00004004,5212.44140900,0
1503074262,18767338,0.00004005,780.75803600,1
1503074255,18767326,0.00004005,6133.67823500,1
1503074253,18767324,0.00004005,7710.90465700,1
1503074251,18767320,0.00004005,2221.05508600,1
1503074234,18767305,0.00004046,6177.41536941,0
1503074227,18767296,0.00004009,1200.43304843,0
1503074219,18767291,0.00004009,50.00000000,0
1503074192,18767274,0.00004010,932.43344629,0
1503074192,18767273,0.00004009,3757.81311078,0
1503074190,18767270,0.00004006,339.75344293,0
1503074183,18767261,0.00004004,1698.76721467,1
1503074178,18767252,0.00004000,0.00003070,0
1503074177,18767251,0.00004000,551.81530000,0
1503074173,18767250,0.00004000,500.00000000,0
1503074173,18767249,0.00004000,169.49843726,0
1503074173,18767248,0.00003997,1027.93908834,0
1503074165,18767218,0.00004000,30.50156274,0
1503074165,18767217,0.00004000,3360.81049726,0
1503074164,18767215,0.00004000,783.21559900,0
1503074161,18767214,0.00003997,1221.31376833,0
1503074156,18767211,0.00003985,2602.00000000,1
1503074154,18767207,0.00004000,1008.00000000,0
1503074153,18767202,0.00004000,2478.64103716,0
1503074153,18767201,0.00004000,3475.18875000,0
1503074153,18767199,0.00004000,5425.82831830,0
1503074153,18767198,0.00003999,686.48817578,0
1503074153,18767197,0.00003999,100.00000000,0
1503074153,18767196,0.00003999,3100.00000000,0
1503074152,18767194,0.00003998,3410.86952660,0
1503074152,18767193,0.00003997,137.29763516,0
1503074144,18767155,0.00003977,3414.46823736,1
1503074144,18767153,0.00003978,6585.53176264,1
1503074139,18767124,0.00003998,652.17830484,0
1503074139,18767123,0.00003988,221.44779916,0
1503074117,18767074,0.00003998,298.34522972,0
1503074117,18767073,0.00003987,301.65477028,0
1503074098,18767057,0.00003998,9388.46359166,0
1503074098,18767056,0.00003990,2113.72229187,0
1503074097,18767055,0.00003989,2307.82465421,0
1503074097,18767054,0.00003989,654.48982785,0
1503074097,18767053,0.00003988,535.49963441,0
1503074093,18767050,0.00003988,501.50451354,0
1503074067,18767025,0.00003975,5153.00000000,1
1503074064,18767021,0.00003972,1218.57128136,0
1503074058,18767015,0.00003972,2388.62289700,0
1503074057,18767013,0.00003972,1707.76620800,0
1503074050,18767005,0.00003972,500.00000000,0
1503074047,18767003,0.00003974,4185.03961364,1
1503074039,18766996,0.00003974,3494.34000000,1
1503074021,18766973,0.00003972,8874.00000000,1
1503074016,18766967,0.00003972,461.93800000,1
1503074014,18766962,0.00003973,946.68363855,0
1503074011,18766953,0.00003973,8488.31228097,0
1503073929,18766828,0.00003950,56.00000000,0
1503073923,18766812,0.00003946,229.85027374,1
1503073908,18766774,0.00003947,795.24736100,0
1503073907,18766770,0.00003942,969.28799513,0
1503073906,18766765,0.00003942,1149.39555800,0
1503073902,18766753,0.00003942,969.28799500,0
1503073900,18766747,0.00003942,1187.66225187,0
1503073900,18766746,0.00003940,0.00000013,0
1503073897,18766741,0.00003940,1163.77662700,0
1503073892,18766736,0.00003942,4275.63380000,0
1503073892,18766734,0.00003941,3798.17351074,0
1503073886,18766725,0.00003940,0.00000049,0
1503073884,18766714,0.00003940,1798.16645600,0
1503073874,18766696,0.00003940,266.87578100,0
1503073863,18766683,0.00003940,748.15443235,0
1503073849,18766670,0.00003940,507.61421320,0
1503073804,18766588,0.00003941,477.46028926,0
1503073803,18766585,0.00003935,200.00000000,0
1503073803,18766583,0.00003934,409.58693057,0
1503073802,18766582,0.00003930,1582.46249883,0
1503073801,18766581,0.00003930,465.47215400,0
1503073793,18766565,0.00003931,3091.19825300,0
1503073791,18766564,0.00003931,82.12868287,0
1503073790,18766563,0.00003928,67.87131713,0
1503073783,18766552,0.00003931,7487.34226304,0
1503073782,18766549,0.00003923,99.32387896,0
1503073771,18766523,0.00003931,20000.00000000,0
1503073771,18766522,0.00003929,9335.99100000,0
1503073770,18766520,0.00003929,10664.00900000,0
1503073770,18766518,0.00003928,20000.00000000,0
1503073758,18766508,0.00003924,3607.89655200,0
1503073757,18766505,0.00003924,16392.10344800,0
1503073753,18766502,0.00003922,9896.70573115,0
1503073748,18766497,0.00003922,4897.47663900,0
1503073747,18766495,0.00003914,0.00000029,0
1503073726,18766456,0.00003914,3379.25074900,0
1503073707,18766443,0.00003912,385.28702263,0
1503073651,18766409,0.00003891,14177.00000000,1
1503073642,18766405,0.00003908,1880.31883316,0
1503073640,18766404,0.00003894,424.16907649,0
1503073636,18766397,0.00003889,503.96325900,0
1503073633,18766393,0.00003887,2000.00000000,1
1503073611,18766376,0.00003889,3749.74815000,0
1503073606,18766375,0.00003888,503.96325920,0
1503073561,18766351,0.00003889,5746.28859100,0
1503073557,18766342,0.00003888,4733.52323647,0
1503073557,18766341,0.00003888,156.04681404,0
1503073519,18766326,0.00003873,2836.48889979,1
1503073512,18766318,0.00003887,811.95531900,0
1503073511,18766317,0.00003883,362.28196532,0
1503073492,18766304,0.00003873,3135.05161100,1
1503073483,18766296,0.00003871,60.00000000,0
1503073482,18766293,0.00003871,1130.79194800,1
1503073478,18766291,0.00003874,1208.98953400,1
1503073463,18766262,0.00003867,1627.62620264,0
1503073463,18766261,0.00003866,147.47146389,0
1503073463,18766260,0.00003865,737.35731943,0
1503073447,18766248,0.00003866,156.84454216,0
1503073447,18766247,0.00003865,947.35415742,0
1503073445,18766245,0.00003864,189.47083148,0
1503073439,18766244,0.00003867,5915.19500086,0
1503073438,18766243,0.00003866,7503.31645900,0
1503073438,18766242,0.00003865,263.58142336,0
1503073438,18766241,0.00003865,1317.90711678,0
1503073438,18766240,0.00003864,10000.00000000,0
1503073430,18766233,0.00003866,2496.68354100,0
1503073424,18766223,0.00003867,2457.17879650,0
1503073423,18766222,0.00003866,457.75113795,0
1503073423,18766221,0.00003857,60.52393655,0
1503073423,18766220,0.00003857,2228.23175395,0
1503073423,18766219,0.00003857,60.52393580,0
1503073423,18766218,0.00003854,13239.24775320,0
1503073421,18766214,0.00003856,2288.75569000,0
1503073407,18766201,0.00003850,807.45983000,1
1503073386,18766191,0.00003845,1224.22134900,1
1503073371,18766183,0.00003846,590.25672474,0
1503073365,18766179,0.00003843,2951.28362372,1
1503073362,18766175,0.00003842,10000.00000000,0
1503073362,18766174,0.00003839,1392.37667496,0
1503073362,18766173,0.00003839,657.99880700,0
1503073361,18766172,0.00003839,1070.38591100,0
1503073345,18766152,0.00003840,7728.61107900,0
1503073278,18766113,0.00003835,994.15273800,1
1503073277,18766112,0.00003842,1706.64243900,1
1503073267,18766106,0.00003844,3847.00240100,0
1503073247,18766094,0.00003843,3000.00000000,1
1503073223,18766081,0.00003844,861.04203600,1
1503073221,18766075,0.00003844,3000.00000000,1
1503073217,18766071,0.00003844,1247.20673171,1
1503073212,18766068,0.00003844,1058.97388500,1
1503073208,18766064,0.00003844,2000.00000000,1
1503073203,18766061,0.00003863,471.64362100,0
1503073197,18766053,0.00003863,2304.70500190,0
1503073197,18766052,0.00003862,1128.39239710,0
1503073190,18766049,0.00003842,8293.35756100,1
1503073190,18766048,0.00003842,10000.00000000,1
1503073189,18766047,0.00003842,10000.00000000,1
1503073182,18766045,0.00003842,8293.35756100,1
1503073182,18766044,0.00003844,4465.78570908,1
1503073179,18766043,0.00003842,808.64243900,1
1503073179,18766042,0.00003842,898.00000000,1
1503073178,18766041,0.00003842,10000.00000000,1
1503073177,18766039,0.00003842,10000.00000000,1
1503073177,18766038,0.00003842,10000.00000000,1
1503073170,18766033,0.00003843,5719.14033176,1
1503073162,18766024,0.00003844,2500.00000000,1
1503073157,18766018,0.00003846,690.82380671,0
1503073144,18766011,0.00003831,1020.81711760,0
1503073144,18766010,0.00003831,3275.12158800,0
1503073138,18766007,0.00003834,1020.81711800,0
1503073133,18765980,0.00003824,5104.08559082,0
1503073117,18765964,0.00003831,5731.16131558,0
1503073114,18765959,0.00003844,9632.13662800,0
1503073113,18765958,0.00003836,367.86340000,0
1503073113,18765957,0.00003836,367.86340000,0
1503073113,18765956,0.00003826,2463.07022888,0
1503073111,18765953,0.00003825,601.43600000,0
1503073110,18765952,0.00003825,323.36600000,0
1503073089,18765933,0.00003826,295.51478451,0
1503073089,18765931,0.00003825,3081.83364136,0
1503073088,18765930,0.00003825,3156.39912000,0
1503073085,18765928,0.00003826,326.79600000,0
1503073080,18765925,0.00003826,79.94861929,0
1503073080,18765924,0.00003826,301.67036732,1
1503073066,18765901,0.00003844,4632.13662800,1
1503073058,18765888,0.00003845,20382.10466203,1
1503073053,18765877,0.00003847,2500.00000000,1
1503073053,18765876,0.00003848,105.97912137,1
1503073020,18765813,0.00003875,3670.30240300,0
1503073019,18765811,0.00003875,2667.51735500,0
1503073019,18765810,0.00003873,2301.71265600,0
1503073018,18765809,0.00003873,871.15454200,0
1503073017,18765807,0.00003873,6827.13280200,0
1503073013,18765799,0.00003871,19246.47235800,0
1503073006,18765789,0.00003858,2500.00000000,1
1503072998,18765783,0.00003874,1032.52452246,0
1503072958,18765733,0.00003870,5015.58938744,1
1503072956,18765729,0.00003870,973.53639700,1
1503072953,18765717,0.00003869,200.56675400,1
1503072946,18765691,0.00003870,2928.13008849,1
1503072945,18765690,0.00003870,950.32985600,1
1503072944,18765688,0.00003870,4818.50254500,1
1503072931,18765676,0.00003870,8897.52924400,1
1503072887,18765645,0.00003864,2621.00000000,1
1503072827,18765592,0.00003895,509.44857811,0
1503072827,18765591,0.00003886,1537.00000000,0
1503072825,18765589,0.00003886,2500.00000000,1
1503072818,18765582,0.00003897,1283.03823454,0
1503072710,18765477,0.00003868,83.67067502,1
1503072685,18765462,0.00003855,5259.36056860,1
1503072662,18765439,0.00003930,8442.06800676,0
1503072662,18765437,0.00003929,3134.21580824,0
1503072655,18765427,0.00003902,699.00000000,1
1503072654,18765426,0.00003901,2146.91701100,1
1503072653,18765425,0.00003899,159.77510613,0
1503072652,18765423,0.00003900,925.21110989,1
1503072652,18765421,0.00003900,5424.93108011,1
1503072647,18765415,0.00003900,2146.91701092,0
1503072646,18765413,0.00003900,1117.94053000,0
1503072645,18765409,0.00003900,10000.00000000,0
1503072643,18765406,0.00003900,1225.87103700,0
1503072641,18765402,0.00003900,1233.04120800,0
1503072638,18765400,0.00003900,1835.30208600,0
1503072637,18765399,0.00003900,2738.95892200,0
1503072637,18765397,0.00003900,1816.36545273,0
1503072635,18765388,0.00003900,264.20188070,0
1503072634,18765384,0.00003907,328.93044318,1
1503072634,18765382,0.00003908,1300.36042282,1
1503072634,18765381,0.00003908,6539.49700665,1
1503072634,18765380,0.00003910,22896.61400000,1
1503072624,18765366,0.00003925,2619.00000000,1
1503072619,18765359,0.00003925,1701.68000000,1
1503072614,18765356,0.00003925,1090.01876800,1
1503072612,18765351,0.00003939,3590.01876809,1
1503072609,18765346,0.00003928,176.05610560,0
1503072607,18765343,0.00003830,117310.65030276,1
1503072607,18765340,0.00003830,264.50470447,0
1503072606,18765339,0.00003874,125.77111472,1
1503072605,18765338,0.00003907,481.57807269,1
1503072604,18765336,0.00003909,1456.23661494,1
1503072604,18765335,0.00003910,53149.46800000,0
1503072603,18765334,0.00003924,4656.79119042,1
1503072600,18765331,0.00003924,2621.00000000,1
1503072578,18765305,0.00003920,1838.88700000,1
1503072578,18765304,0.00003921,9793.11300000,1
1503072577,18765302,0.00003950,4259.91037974,1
1503072577,18765300,0.00003944,971.98642200,1
1503072575,18765297,0.00003944,330.47304727,0
1503072556,18765281,0.00003950,2214.53569620,1
1503072555,18765279,0.00003925,525.00000000,0
1503072552,18765278,0.00003920,5992.52141983,0
1503072551,18765276,0.00003920,10075.56900000,0
1503072550,18765274,0.00003920,13465.66643400,0
1503072540,18765264,0.00003920,24619.63201200,0
1503072537,18765259,0.00003920,510.20408163,0
1503072535,18765257,0.00003920,3450.85004300,0
1503072534,18765255,0.00003905,6378.61277721,1
1503072534,18765254,0.00003906,8273.38722279,1
1503072533,18765252,0.00003920,1219.20554000,0
1503072532,18765250,0.00003920,1219.21482500,0
1503072531,18765248,0.00003920,2472.17151500,0
1503072528,18765244,0.00003920,21584.81105800,0
1503072527,18765243,0.00003920,5066.02336200,0
1503072525,18765241,0.00003920,38004.25639745,0
1503072525,18765240,0.00003919,89.27517355,0
1503072506,18765225,0.00003920,395.63925100,0
1503072502,18765221,0.00003919,1087.95225352,1
1503072497,18765210,0.00003919,1020.24408098,1
1503072496,18765207,0.00003919,0.00000352,1
1503072494,18765204,0.00003920,917.87053400,0
1503072484,18765191,0.00003920,2119.88590700,0
1503072483,18765188,0.00003919,552.04754000,1
1503072473,18765175,0.00003920,34629.67708800,0
1503072466,18765159,0.00003920,23799.33506222,0
1503072466,18765158,0.00003918,10243.31964348,0
1503072466,18765157,0.00003900,56.00000000,0
1503072465,18765154,0.00003899,3100.00000000,0
1503072465,18765152,0.00003888,100.00000000,0
1503072465,18765150,0.00003874,10052.50816930,0
1503072464,18765149,0.00003874,3200.00000000,0
1503072464,18765145,0.00003874,2608.55163900,0
1503072460,18765137,0.00003874,3200.00000000,0
1503072458,18765130,0.00003874,2018.12709900,0
1503072456,18765128,0.00003874,64763.85625600,0
1503072450,18765116,0.00003874,12763.41053600,0
1503072449,18765114,0.00003874,77777.00000000,0
1503072448,18765107,0.00003874,2924.65118300,0
1503072447,18765103,0.00003874,17675.14963400,0
1503072441,18765075,0.00003874,4144.01747400,0
1503072440,18765072,0.00003874,22715.30468600,0
1503072439,18765071,0.00003874,93.92650504,0
1503072437,18765065,0.00003874,3639.57241500,0
1503072436,18765062,0.00003874,2789.38840000,0
1503072436,18765061,0.00003874,34159.30022000,0
1503072435,18765060,0.00003874,5420.75374290,0
1503072434,18765057,0.00003874,4144.01208600,0
1503072434,18765052,0.00003874,800.60710100,0
1503072433,18765047,0.00003874,1528.94239000,0
1503072429,18765036,0.00003874,3641.03924000,0
1503072428,18765028,0.00003874,73205.78901000,0
1503072427,18765024,0.00003874,1597.60179700,0
1503072426,18765019,0.00003874,660.52200000,0
1503072426,18765017,0.00003874,2527.45120000,0
1503072425,18765013,0.00003874,77701.77007400,0
1503072424,18765010,0.00003874,35010.16020600,0
1503072423,18765007,0.00003874,2732.99429600,0
1503072419,18765003,0.00003874,5536.49762600,0
1503072417,18764997,0.00003874,6405.42239100,0
1503072416,18764995,0.00003874,433.25677105,0
1503072415,18764994,0.00003874,77675.86186371,0
1503072415,18764993,0.00003873,101.13813629,0
1503072414,18764991,0.00003874,9384.36502100,0
1503072410,18764974,0.00003874,17434.18947400,0
1503072408,18764970,0.00003874,13347.66798700,0
1503072406,18764966,0.00003874,77777.00000000,0
1503072405,18764963,0.00003874,6904.23816300,0
1503072403,18764956,0.00003874,60129.00000000,0
1503072401,18764947,0.00003874,16249.64992900,0
1503072401,18764945,0.00003874,29640.75415300,0
1503072400,18764943,0.00003874,1000.00000000,0
1503072398,18764935,0.00003874,3808.68926200,0
1503072397,18764931,0.00003874,77777.00000000,0
1503072394,18764901,0.00003851,212160.26768533,0
1503072393,18764895,0.00003851,7559.52387100,0
1503072392,18764884,0.00003850,95.87447342,0
1503072377,18764787,0.00003851,10000.00000000,0
1503072376,18764783,0.00003851,10000.00000000,0
1503072374,18764774,0.00003829,125.26023966,1
1503072374,18764773,0.00003851,10000.00000000,0
1503072373,18764771,0.00003851,8999.26592654,0
1503072373,18764770,0.00003849,60.33407346,0
1503072373,18764769,0.00003831,940.40000000,0
1503072371,18764762,0.00003831,1059.60000000,0
1503072370,18764756,0.00003827,160899.55425141,0
1503072370,18764754,0.00003827,2000.00000000,0
1503072369,18764750,0.00003827,3137.23056600,0
1503072368,18764747,0.00003827,45630.00000000,0
1503072367,18764745,0.00003827,11785.00000000,0
1503072367,18764744,0.00003827,3246.58515900,0
1503072367,18764743,0.00003827,10000.00000000,0
1503072366,18764739,0.00003827,127035.00000000,0
1503072365,18764736,0.00003827,5000.00000000,0
1503072364,18764733,0.00003827,8361.91791868,0
1503072364,18764727,0.00003826,301.67036732,0
1503072362,18764722,0.00003827,63917.46284700,0
1503072362,18764719,0.00003827,63212.00000000,0
1503072361,18764718,0.00003827,71865.94800000,0
1503072360,18764716,0.00003827,77777.00000000,0
1503072360,18764711,0.00003827,10000.00000000,0
1503072360,18764710,0.00003827,10000.00000000,0
1503072359,18764708,0.00003827,10000.00000000,0
1503072357,18764704,0.00003827,72898.28054100,0
1503072356,18764703,0.00003827,983.26278900,0
1503072353,18764693,0.00003827,10000.00000000,0
1503072353,18764691,0.00003827,10000.00000000,0
1503072352,18764690,0.00003827,77750.84253200,0
1503072350,18764689,0.00003826,1597.04132000,0
1503072349,18764686,0.00003816,99.95881823,1
1503072349,18764685,0.00003825,499.79409113,1
1503072348,18764680,0.00003827,13151.54935800,0
1503072347,18764670,0.00003827,2451.23671000,0
1503072345,18764661,0.00003826,5131.80000000,1
1503072345,18764655,0.00003827,2350.64282900,0
1503072344,18764651,0.00003827,14321.06585400,0
1503072344,18764649,0.00003827,3424.73763600,0
1503072343,18764645,0.00003827,16072.34837500,0
1503072343,18764644,0.00003827,1317.93157200,0
1503072343,18764641,0.00003827,3424.73763600,0
1503072342,18764634,0.00003827,21449.92490400,0
1503072341,18764632,0.00003827,2073.81454400,0
1503072341,18764629,0.00003827,10000.00000000,0
1503072341,18764627,0.00003827,10000.00000000,0
1503072340,18764620,0.00003827,1461.92597791,0
1503072340,18764619,0.00003826,550.22920389,0
1503072340,18764617,0.00003821,575.38462518,0
1503072339,18764616,0.00003817,3213.38780849,0
1503072339,18764615,0.00003816,232.46236814,0
1503072339,18764611,0.00003813,1384.85823639,0
1503072338,18764609,0.00003813,1164.06000000,0
1503072337,18764608,0.00003813,1125.61382900,0
1503072337,18764606,0.00003810,1162.31184070,0
1503072335,18764598,0.00003812,5741.71351482,0
1503072334,18764597,0.00003812,505.60497997,0
1503072334,18764596,0.00003812,2704.42704928,0
1503072333,18764590,0.00003812,1471.24646000,0
1503072333,18764588,0.00003812,100.00000000,0
1503072330,18764586,0.00003811,9853.55111200,0
1503072330,18764581,0.00003811,5000.00000000,0
1503072329,18764580,0.00003811,540.61015918,0
1503072326,18764572,0.00003806,177.25151699,0
1503072326,18764567,0.00003805,67.50052592,0
1503072325,18764565,0.00003804,2703.05079592,0
1503072305,18764546,0.00003804,3326.65400976,0
1503072305,18764545,0.00003801,204.54704824,0
1503072187,18764491,0.00003802,3275.23533480,0
1503072186,18764490,0.00003801,1959.30212508,0
1503072185,18764487,0.00003798,619.83954012,0
1503072171,18764406,0.00003793,580.95069318,1
1503072164,18764340,0.00003779,2470.28610224,0
1503072163,18764335,0.00003785,597.20389776,1
1503072161,18764313,0.00003791,4854.82378064,1
1503072161,18764311,0.00003792,16145.17591936,1
1503072151,18764290,0.00003792,4451.57229600,1
1503072132,18764274,0.00003803,4993.47383644,0
1503072124,18764263,0.00003802,462.76645037,0
1503072098,18764214,0.00003801,696.17357334,1
1503072096,18764203,0.00003800,354.50500000,1
1503072092,18764197,0.00003804,1006.35426900,1
1503072092,18764196,0.00003804,716.22788769,1
1503072092,18764194,0.00003804,4849.44728600,0
1503072092,18764193,0.00003800,787.35279409,1
1503072082,18764180,0.00003800,39041.00000000,1
1503072082,18764179,0.00003800,147.76732000,1
1503072082,18764178,0.00003800,2107.69259000,1
1503072081,18764176,0.00003800,2107.74363700,1
1503072080,18764175,0.00003800,760.08800000,1
1503072080,18764173,0.00003800,1685.86866100,1
1503072077,18764172,0.00003800,1096.45010500,1
1503072075,18764170,0.00003791,5355.65663800,0
1503072065,18764161,0.00003791,1220.00000000,0
1503072062,18764156,0.00003791,3424.34336200,0
1503072057,18764153,0.00003789,6315.15172300,0
1503072057,18764152,0.00003775,9378.11155000,1
1503072056,18764151,0.00003789,3678.84827700,0
1503072056,18764150,0.00003788,6431.17455100,0
1503072052,18764139,0.00003788,1758.82544900,0
1503072050,18764137,0.00003785,4556.32627448,0
1503072048,18764132,0.00003787,1326.80242500,0
1503072045,18764120,0.00003775,82.66082668,0
1503072044,18764118,0.00003767,276.42020000,0
1503072040,18764111,0.00003761,4640.27749575,0
1503072039,18764107,0.00003761,265.88673225,0
1503072024,18764092,0.00003739,134.40838209,1
1503072024,18764091,0.00003739,0.00001800,1
1503072019,18764087,0.00003739,4552.13177300,0
1503072011,18764082,0.00003738,407.29818208,0
1503071984,18764047,0.00003732,3569.30952838,0
1503071979,18764046,0.00003732,875.61666100,0
1503071977,18764044,0.00003728,5281.10040000,0
1503071861,18763988,0.00003714,7714.00000000,1
1503071849,18763970,0.00003721,10000.00000000,1
1503071837,18763956,0.00003719,10000.00000000,1
1503071825,18763950,0.00003722,5271.56016255,0
1503071823,18763948,0.00003723,5308.43983745,1
1503071766,18763912,0.00003723,5668.18401200,0
1503071757,18763903,0.00003717,9419.82021515,1
1503071753,18763870,0.00003714,588.40823399,1
1503071752,18763869,0.00003717,203.37366601,1
1503071738,18763863,0.00003719,11000.00000000,1
1503071703,18763846,0.00003720,9729.17454567,1
1503071703,18763845,0.00003721,270.82545433,1
1503071684,18763822,0.00003729,95.01206757,0
1503071608,18763766,0.00003729,4262.64869938,0
1503071606,18763763,0.00003724,1639.25442359,0
1503071525,18763697,0.00003724,360.74557641,1
1503071430,18763638,0.00003724,10000.00000000,0
1503071212,18763551,0.00003726,1574.38244766,0
1503070855,18763322,0.00003723,164.37953263,0
1503070853,18763306,0.00003721,146.95390152,0
1503070735,18763175,0.00003707,139.70983300,0
1503070619,18763081,0.00003701,1271.13767180,0
1503070613,18763079,0.00003714,312.00000000,0
1503070511,18763018,0.00003721,1612.46976619,0
1503070474,18762965,0.00003713,405.39985610,1
1503070467,18762961,0.00003716,508.56656366,1
1503070429,18762939,0.00003713,1983.14000000,1
1503070354,18762844,0.00003714,677.06436800,1
1503070352,18762842,0.00003718,340.00000000,1
1503070263,18762785,0.00003732,6207.49331574,0
1503070263,18762784,0.00003732,4310.23444417,1
1503070262,18762783,0.00003731,13640.17067730,1
1503070262,18762782,0.00003731,1024.21412535,0
1503070260,18762779,0.00003717,5121.07062673,0
1503070243,18762764,0.00003718,268.07309862,0
1503070177,18762727,0.00003715,805.38358008,0
1503070176,18762724,0.00003715,359.90000000,0
1503070159,18762717,0.00003716,1000.00000000,0
1503069909,18762513,0.00003723,953.26169265,0
1503069870,18762501,0.00003727,5366.24631071,0
1503069837,18762484,0.00003724,5535.00000000,1
1503069788,18762307,0.00003753,668.76285638,0
1503069563,18761919,0.00003715,1179.32696000,1
1503069556,18761911,0.00003760,9388.20797872,1
1503069556,18761909,0.00003727,8.89063303,0
1503069556,18761908,0.00003723,657.92866772,0
1503069554,18761901,0.00003714,3289.64333861,0
1503069527,18761892,0.00003716,1849.31485468,0
1503069499,18761855,0.00003721,806.23488310,0
1503069498,18761854,0.00003718,170.00000000,0
1503069471,18761840,0.00003721,418.31389411,0
1503069426,18761818,0.00003710,20814.03340700,1
1503069276,18761689,0.00003705,4408.04599600,0
1503069142,18761577,0.00003701,439.77560510,0
1503069133,18761570,0.00003701,12894.69295000,0
1503069124,18761557,0.00003701,12315.83428200,0
1503068798,18761184,0.00003724,153.89742212,0
1503068749,18761161,0.00003737,5927.72936697,1
1503068739,18761153,0.00003724,100.45116006,1
1503068739,18761150,0.00003737,6548.01534930,1
1503068732,18761148,0.00003727,2.53854390,0
1503068730,18761144,0.00003736,1691.44145610,1
1503068730,18761143,0.00003736,1512.52000000,1
1503068725,18761136,0.00003754,335.82765050,0
1503068725,18761135,0.00003754,101.51927142,0
1503068648,18761064,0.00003719,3078.80903500,0
1503068588,18761003,0.00003706,206.66727800,0
1503068562,18760950,0.00003713,0.85048454,1
1503068562,18760949,0.00003714,567.31051546,1
1503068560,18760946,0.00003706,5.77117564,0
1503068554,18760940,0.00003712,640.38755651,1
1503068553,18760939,0.00003712,3204.69126785,1
1503068553,18760937,0.00003713,99.40577270,1
1503068503,18760910,0.00003767,1486.99707990,0
1503068501,18760909,0.00003766,105.81031426,0
1503068465,18760879,0.00003705,2512.99754700,0
1503068453,18760867,0.00003707,2512.99754700,0
1503068396,18760797,0.00003710,2862.13477088,1
1503068394,18760791,0.00003706,1182.26657637,0
1503068308,18760709,0.00003710,12100.26954178,0
1503068022,18760471,0.00003710,1321.03411500,1
1503068004,18760397,0.00003708,6838.16947277,1
1503068004,18760396,0.00003708,1469.83402043,1
1503068004,18760395,0.00003709,92.17987680,1
1503067958,18760311,0.00003702,4916.66000000,1
1503067957,18760308,0.00003703,6441.46000000,1
1503067796,18760187,0.00003723,60.43002954,0
1503067795,18760185,0.00003722,413.56487475,1
1503067794,18760184,0.00003722,2067.82437374,1
1503067794,18760183,0.00003722,413.56487475,0
1503067730,18760146,0.00003703,0.00000020,0
1503067730,18760145,0.00003703,2719.33645880,0
1503067728,18760143,0.00003708,245.89631825,1
1503067726,18760139,0.00003776,57897.91630338,0
1503067726,18760137,0.00003776,9430.13340000,1
1503067726,18760136,0.00003776,815.29500000,1
1503067726,18760135,0.00003776,873.59000000,1
1503067726,18760133,0.00003776,698.68500000,1
1503067725,18760132,0.00003775,5667.20968000,0
1503067725,18760131,0.00003773,130.20741678,0
1503067725,18760130,0.00003773,826.60826676,1
1503067724,18760129,0.00003773,5623.69727700,1
1503067724,18760128,0.00003773,1308.26597600,1
1503067724,18760127,0.00003773,933.59245300,1
1503067724,18760126,0.00003773,16096.69181700,1
1503067724,18760125,0.00003773,1276.55098400,1
1503067724,18760123,0.00003773,44035.02127200,1
1503067723,18760122,0.00003773,933.59245300,1
1503067723,18760121,0.00003773,5623.69727800,1
1503067723,18760120,0.00003773,1276.55098400,1
1503067723,18760118,0.00003773,756.62800000,1
1503067722,18760113,0.00003771,4500.00000000,0
1503067721,18760112,0.00003771,1900.29771331,1
1503067721,18760110,0.00003771,919.62561200,1
1503067719,18760108,0.00003768,826.20099392,0
1503067719,18760107,0.00003768,24987.35200000,1
1503067719,18760106,0.00003767,64257.53200000,1
1503067718,18760105,0.00003767,799.90979200,1
1503067718,18760104,0.00003735,195.84959025,1
1503067718,18760103,0.00003712,1136.46736872,0
1503067716,18760102,0.00003703,5682.33684358,0
1503067716,18760101,0.00003703,5410.75804600,0
1503067625,18760022,0.00003706,3060.35252578,1
1503067600,18759986,0.00003706,169.00000000,1
1503067570,18759947,0.00003714,130.00000000,0
1503067477,18759888,0.00003714,269.25148088,0
1503067421,18759850,0.00003716,268.29924650,0
1503067354,18759805,0.00003716,1076.42626480,0
1503067261,18759702,0.00003706,1770.64747422,1
1503067261,18759700,0.00003707,229.35252578,1
1503067239,18759651,0.00003706,5000.00000000,0
1503067191,18759565,0.00003701,4842.11593885,1
1503067191,18759564,0.00003705,157.88406115,1
1503067166,18759545,0.00003699,4737.70144300,0
1503067162,18759532,0.00003699,210.78709355,1
1503067162,18759531,0.00003711,51.51146336,1
1503067040,18759393,0.00003711,90.26358643,1
1503067040,18759392,0.00003712,373.33958380,1
1503067006,18759344,0.00003711,0.74604120,1
1503067006,18759343,0.00003712,497.65295880,1
1503066994,18759301,0.00003711,0.76170257,1
1503066994,18759300,0.00003712,507.97929743,1
1503066963,18759224,0.00003717,4042.55024300,0
1503066773,18758893,0.00003717,1522.75434000,0
1503066759,18758880,0.00003717,2695.49467000,0
1503066746,18758856,0.00003717,538.06833468,0
1503066699,18758759,0.00003711,109.26715319,0
1503066698,18758750,0.00003711,0.00000001,1
1503066691,18758727,0.00003711,134.89771999,0
1503066619,18758564,0.00003714,126.79322161,1
1503066502,18758350,0.00003716,3740.36598493,0
1503066404,18758241,0.00003716,147.16926803,0
1503066387,18758228,0.00003716,1500.06431646,0
1503066355,18758181,0.00003715,359.78290472,1
1503066350,18758156,0.00003716,2392.44913885,0
1503066349,18758151,0.00003715,3504.67623677,0
1503066333,18758143,0.00003715,277.87969900,0
1503066318,18758120,0.00003716,3764.74622000,0
1503066306,18758098,0.00003715,8798.86758800,0
1503066306,18758096,0.00003715,239.75773885,0
1503066304,18758089,0.00003715,817.46236600,1
1503066296,18758084,0.00003717,201.13241231,0
1503066263,18758017,0.00003718,8004.61782957,1
1503066263,18758016,0.00003718,57.07173643,1
1503066263,18758015,0.00003719,1938.31043400,1
1503066261,18758014,0.00003741,2484.74445335,1
1503066260,18758012,0.00003739,455.88959937,0
1503066248,18757999,0.00003719,3000.00000000,1
1503066078,18757591,0.00003740,10123.87061331,0
1503066076,18757586,0.00003740,1239.90733400,1
1503066072,18757578,0.00003740,1898.58736600,1
1503066053,18757537,0.00003742,4028.76509991,1
1503066052,18757535,0.00003741,941.54840009,0
1503066052,18757533,0.00003740,1046.16490000,0
1503066052,18757531,0.00003740,1046.16490000,0
1503066052,18757530,0.00003740,1046.16490000,0
1503066047,18757518,0.00003741,1046.16488899,1
1503066042,18757505,0.00003741,1311.03884900,1
1503066041,18757504,0.00003741,2533.98806200,1
1503066039,18757498,0.00003726,0.00000001,0
1503066037,18757488,0.00003726,2454.57355900,0
1503066035,18757484,0.00003727,1257.80696152,1
1503066035,18757482,0.00003728,6287.61947947,1
1503066022,18757382,0.00003728,9886.02691656,1
1503066022,18757381,0.00003728,113.97308344,1
1503065999,18757276,0.00003733,4802.90560212,0
1503065996,18757262,0.00003733,1354.31846407,1
1503065996,18757259,0.00003734,3842.77593381,1
1503065983,18757213,0.00003733,10000.00000000,1
1503065980,18757207,0.00003733,344.41626300,1
1503065968,18757175,0.00003732,300.00000000,1
1503065843,18757024,0.00003726,140.86983360,0
1503065842,18757020,0.00003725,2122.33363184,1
1503065842,18757018,0.00003725,3642.79885479,0
1503065803,18756949,0.00003715,735.95354882,1
1503065802,18756948,0.00003717,76.20745118,1
1503065772,18756929,0.00003720,2098.84910100,1
1503065684,18756776,0.00003709,5832.84764472,0
1503065680,18756770,0.00003710,13031.37838463,0
1503065680,18756769,0.00003710,7855.09539300,0
1503065499,18756593,0.00003683,348.68667207,0
1503065499,18756591,0.00003683,942.00000000,0
1503065492,18756583,0.00003681,68563.33258725,1
1503065492,18756581,0.00003698,5072.08463800,1
1503065492,18756579,0.00003698,25262.93600000,1
1503065491,18756578,0.00003699,203.97484822,0
1503065490,18756576,0.00003699,20897.67192653,1
1503065449,18756554,0.00003716,4500.00000000,1
1503065449,18756553,0.00003717,4492.49316873,1
1503065422,18756539,0.00003719,4640.67844700,1
1503065207,18756335,0.00003724,190.77792696,1
1503065206,18756334,0.00003724,936.44625650,0
1503065206,18756333,0.00003724,4682.23128249,0
1503065194,18756324,0.00003716,4500.00000000,0
1503065158,18756275,0.00003714,1884.76036618,0
1503065038,18756115,0.00003735,535.47523427,0
1503064861,18756022,0.00003725,230.06711409,0
1503064640,18755909,0.00003734,6545.33800000,1
1503064607,18755897,0.00003746,4344.88349802,1
1503064606,18755896,0.00003746,11939.15280737,0
1503064382,18755735,0.00003718,100.22194773,1
1503064093,18755567,0.00003725,268.45637584,0
1503063988,18755503,0.00003719,1611.89316000,1
1503063871,18755364,0.00003718,824.45714500,1
1503063866,18755363,0.00003719,280.64055151,1
1503063857,18755361,0.00003728,1609.44206009,0
1503063786,18755325,0.00003743,267.16537537,0
1503063746,18755258,0.00003768,2865.72319532,1
1503063745,18755257,0.00003732,123.72709167,0
1503063745,18755255,0.00003718,904.24302065,0
1503063744,18755252,0.00003711,640.85940400,0
1503063742,18755251,0.00003711,3880.35569927,1
1503063726,18755229,0.00003713,568.27300000,0
1503063723,18755228,0.00003714,467.91800000,0
1503063685,18755172,0.00003707,1012.63871965,1
1503063685,18755171,0.00003712,5960.12231339,1
1503063683,18755168,0.00003713,181.01866646,1
1503063644,18755140,0.00003720,2232.41000000,0
1503063634,18755132,0.00003719,1344.44743211,0
1503063563,18755079,0.00003729,1340.84204881,0
1503063499,18755023,0.00003729,2681.68409761,0
1503063483,18755018,0.00003729,66.00000000,0
1503063403,18754934,0.00003719,247.60957246,0
1503063362,18754886,0.00003721,171.17958879,0
1503062573,18753726,0.00003717,1183.00000000,1
1503062433,18753560,0.00003719,2948.69346598,0
1503062370,18753520,0.00003727,232.25267992,1
1503062328,18753492,0.00003734,267.80931976,0
1503062279,18753433,0.00003739,272.09492600,1
1503062271,18753426,0.00003739,1097.35431200,1
1503062268,18753424,0.00003739,3313.41000000,1
1503062267,18753423,0.00003739,3313.41000000,1
1503062266,18753421,0.00003739,3313.41000000,1
1503062263,18753420,0.00003739,1105.00000000,1
1503062250,18753417,0.00003740,4534.94875504,0
1503062250,18753416,0.00003740,1077.31824817,0
1503062250,18753415,0.00003740,1414.43000000,0
1503062246,18753413,0.00003739,1000.00000000,1
1503062245,18753412,0.00003739,2888.28124800,1
1503062238,18753409,0.00003739,1115.07300000,1
1503062235,18753407,0.00003739,6460.48037545,1
1503062231,18753403,0.00003739,10389.02364800,1
1503062224,18753399,0.00003739,3316.64934200,1
1503062222,18753397,0.00003739,168.51885531,1
1503062216,18753394,0.00003739,1000.00000000,1
1503062212,18753389,0.00003739,1076.67758000,1
1503062209,18753386,0.00003739,168.51885531,1
1503062209,18753385,0.00003739,984.95038600,1
1503062198,18753372,0.00003739,1095.78281400,1
1503062197,18753371,0.00003739,1000.00000000,1
1503062195,18753370,0.00003739,5020.00000000,1
1503062193,18753369,0.00003739,49500.00000000,1
1503062190,18753347,0.00003739,1105.00000000,1
1503062187,18753343,0.00003739,4971.79350828,1
1503062182,18753339,0.00003739,3333.33290000,1
1503062181,18753338,0.00003739,816.25272800,1
1503062172,18753331,0.00003739,10000.00000000,1
1503062172,18753330,0.00003739,3423.82422000,1
1503062169,18753326,0.00003739,1105.00000000,1
1503062160,18753319,0.00003739,324.18750000,1
1503062150,18753316,0.00003739,1094.14637200,1
1503062145,18753315,0.00003739,1105.00000000,1
1503062141,18753312,0.00003739,1000.00000000,1
1503062099,18753260,0.00003739,1147.97801000,1
1503062089,18753241,0.00003739,674.07270000,1
1503062077,18753232,0.00003739,1002.00000000,1
1503062074,18753229,0.00003739,275.60346600,1
1503062058,18753222,0.00003740,4189.64943180,0
1503062058,18753221,0.00003739,547.87500000,1
1503062057,18753219,0.00003740,1412.36737226,0
1503062055,18753215,0.00003741,1078.98671629,0
1503062054,18753214,0.00003740,962.17320100,1
1503062054,18753212,0.00003740,300.60246773,1
1503062048,18753208,0.00003739,1745.60260000,1
1503062047,18753206,0.00003740,1000.00000000,1
1503062045,18753201,0.00003740,11208.81453800,1
1503062043,18753198,0.00003739,15355.07357200,1
1503062033,18753187,0.00003739,2353.83714200,1
1503062032,18753184,0.00003740,500.88840000,0
1503062032,18753183,0.00003740,57.94287245,0
1503062032,18753182,0.00003739,18173.11944400,1
1503062031,18753181,0.00003739,3532.33489600,1
1503062014,18753159,0.00003740,855.83031224,1
1503062012,18753155,0.00003740,175.58446197,0
1503062012,18753154,0.00003740,5593.46863900,0
1503062007,18753146,0.00003739,568.26186100,1
1503062001,18753142,0.00003739,7994.57974000,1
1503061996,18753141,0.00003739,1906.35491100,1
1503061992,18753137,0.00003739,1010.73964200,1
1503061991,18753134,0.00003739,10000.00000000,1
1503061991,18753133,0.00003739,10000.00000000,1
1503061988,18753128,0.00003739,49923.14757700,1
1503061987,18753127,0.00003739,10000.00000000,1
1503061986,18753124,0.00003739,1179.90000000,1
1503061985,18753122,0.00003739,13237.92363000,1
1503061984,18753121,0.00003739,785.38632700,1
1503061984,18753120,0.00003739,10000.00000000,1
1503061984,18753118,0.00003739,4911.47177500,1
1503061983,18753117,0.00003739,10000.00000000,1
1503061983,18753116,0.00003739,10000.00000000,1
1503061982,18753115,0.00003739,9378.11155000,1
1503061982,18753114,0.00003739,10000.00000000,1
1503061982,18753113,0.00003739,1265.18000000,1
1503061980,18753111,0.00003739,5688.21000000,1
1503061980,18753110,0.00003739,6966.55836200,1
1503061979,18753107,0.00003739,5688.21000000,1
1503061979,18753106,0.00003739,1000.75241800,1
1503061978,18753104,0.00003739,5688.21000000,1
1503061977,18753102,0.00003739,7318.05900000,1
1503061976,18753100,0.00003739,20564.99727426,1
1503061976,18753099,0.00003736,185.42145056,0
1503061976,18753098,0.00003723,9276.70900000,0
1503061974,18753097,0.00003722,170.73937804,1
1503061898,18753005,0.00003721,1392.43156609,1
1503061898,18753004,0.00003722,7285.17043391,1
1503061876,18752983,0.00003722,485.10351300,1
1503061814,18752930,0.00003742,16.04783538,0
1503061812,18752929,0.00003741,518.56432219,0
1503061763,18752875,0.00003720,2540.52223763,0
1503061754,18752862,0.00003720,3018.44226253,0
1503061713,18752774,0.00003724,4417.23257931,0
1503061713,18752773,0.00003716,0.00000031,0
1503061707,18752768,0.00003716,4417.23257900,0
1503061689,18752736,0.00003717,5248.19712394,0
1503061678,18752723,0.00003708,63003.40001721,1
1503061678,18752720,0.00003709,5902.91855835,1
1503061678,18752718,0.00003710,2049.99506201,1
1503061678,18752716,0.00003711,228.32954043,1
1503061651,18752676,0.00003719,3245.04782658,0
1503061560,18752628,0.00003720,5897.76137695,1
1503061559,18752626,0.00003720,2.02356928,1
1503061559,18752625,0.00003721,1643.72643072,1
1503061556,18752624,0.00003721,4128.68407567,0
1503061488,18752580,0.00003719,5781.91072869,0
1503061341,18752524,0.00003709,2886.82648867,1
1503061233,18752428,0.00003708,2971.18425856,1
1503061233,18752427,0.00003709,5289.81574144,1
1503061221,18752425,0.00003708,1130.24000000,1
1503061215,18752423,0.00003708,14152.84643474,1
1503061215,18752422,0.00003709,5847.15356526,1
1503061202,18752398,0.00003708,786.54719828,1
1503061196,18752394,0.00003708,785.74240613,1
1503061194,18752392,0.00003708,4085.78374811,1
1503061191,18752390,0.00003707,4854.39653240,0
1503061140,18752342,0.00003694,5456.94616170,1
1503060940,18752239,0.00003688,6295.42488066,1
1503060796,18752146,0.00003695,2066.55219800,1
1503060794,18752145,0.00003695,1196.19080500,1
1503060792,18752144,0.00003696,1052.34120637,1
1503060789,18752141,0.00003696,4315.08420900,1
1503060786,18752139,0.00003695,1196.19080500,1
1503060778,18752132,0.00003694,999.85395000,1
1503060735,18752106,0.00003693,4614.00000000,1
1503060727,18752104,0.00003691,10000.00000000,1
1503060712,18752095,0.00003691,166.00000000,1
1503060499,18751889,0.00003688,1084.59869848,0
1503060397,18751833,0.00003684,385.08910297,1
1503060395,18751832,0.00003683,278.46733000,1
1503060340,18751811,0.00003678,207.17391700,1
1503060325,18751796,0.00003679,2458.93100000,0
1503060325,18751793,0.00003677,1339.90598282,0
1503060259,18751702,0.00003678,76.29497433,0
1503060259,18751701,0.00003678,98.30502567,0
1503060258,18751698,0.00003677,1339.90598282,1
1503060234,18751672,0.00003677,297.89401718,0
1503060234,18751670,0.00003677,110.00000000,0
1503060168,18751550,0.00003678,2213.03790000,0
1503060059,18751363,0.00003677,0.00000400,1
1503060051,18751336,0.00003677,343.14655000,1
1503060049,18751332,0.00003677,4156.85344600,0
1503059951,18751158,0.00003677,2422.26586600,1
1503059944,18751146,0.00003677,1161.18895400,1
1503059943,18751143,0.00003677,916.54518000,1
1503059907,18751125,0.00003677,4500.00000000,1
1503059876,18751098,0.00003679,10872.51970644,0
1503059788,18751056,0.00003679,3533.56890459,0
1503059734,18751029,0.00003674,5488.61083253,0
1503059734,18751028,0.00003672,20877.61230147,0
1503059728,18751026,0.00003657,817.80964416,0
1503059699,18751008,0.00003657,1005.34660206,1
1503059698,18751007,0.00003659,176.84375378,1
1503059684,18751003,0.00003658,3000.00000000,1
1503059649,18750986,0.00003657,1005.34660206,0
1503059636,18750976,0.00003657,3535.65339794,0
1503059623,18750972,0.00003657,235.91790048,1
1503059623,18750971,0.00003657,4364.23297785,1
1503059602,18750963,0.00003658,6144.97462264,1
1503059602,18750962,0.00003660,314.20516231,1
1503059343,18750743,0.00003653,5776.62055400,0
1503058978,18750566,0.00003651,1173.27422819,1
1503058978,18750565,0.00003652,304.38360939,1
1503058978,18750564,0.00003652,1522.34216242,1
1503058953,18750540,0.00003652,1912.32191252,1
1503058953,18750539,0.00003653,87.67808748,1
1503058938,18750530,0.00003650,1883.01848588,1
1503058938,18750529,0.00003652,116.98151412,1
1503058926,18750524,0.00003651,2000.00000000,1
1503058911,18750521,0.00003651,2000.00000000,1
1503058896,18750511,0.00003651,2843.98210844,1
1503058896,18750510,0.00003651,156.01789156,1
1503058841,18750494,0.00003658,1792.49160725,1
1503058841,18750493,0.00003659,207.50839275,1
1503058827,18750479,0.00003657,1723.22123966,1
1503058827,18750477,0.00003657,276.77876034,1
1503058769,18750445,0.00003658,3722.41000000,0
1503058734,18750435,0.00003651,2362.89366858,1
1503058734,18750434,0.00003652,3345.10633142,1
1503058678,18750429,0.00003652,583.54622241,1
1503058634,18750413,0.00003651,1048.92253000,1
1503058634,18750412,0.00003652,3951.07747000,1
1503058599,18750393,0.00003653,852.00000000,1
1503058575,18750369,0.00003647,10000.00000000,1
1503058445,18750304,0.00003662,6065.00443900,1
1503058445,18750303,0.00003663,3934.99556100,1
1503058427,18750284,0.00003662,2723.85322303,1
1503058427,18750283,0.00003663,685.46396498,1
1503058409,18750266,0.00003668,2000.00000000,1
1503058249,18750186,0.00003675,1904.76190476,0
1503058176,18750118,0.00003677,219.36536910,1
1503058129,18750091,0.00003681,2871.97392013,0
1503057941,18749986,0.00003685,208.16438780,1
1503057941,18749985,0.00003686,6790.51842419,1
1503057869,18749940,0.00003685,1689.17400000,1
1503057843,18749938,0.00003683,10000.00000000,1
1503057580,18749789,0.00003691,1896.50501219,0
1503057534,18749752,0.00003680,1780.06598499,1
1503057534,18749750,0.00003680,902.57943000,1
1503057406,18749691,0.00003691,13437.12923327,0
1503057406,18749690,0.00003690,7345.72900000,1
1503057406,18749689,0.00003690,2812.42188662,1
1503057405,18749688,0.00003684,562.48437732,0
1503057405,18749687,0.00003680,2812.42188662,0
1503057404,18749669,0.00003679,66.88597923,0
1503057321,18749647,0.00003686,5630.04019409,0
1503057320,18749645,0.00003682,202.68478556,0
1503056605,18749329,0.00003658,1.86000000,1
1503056605,18749328,0.00003674,1239.00000000,1
1503056548,18749302,0.00003674,1713.00000000,1
1503056506,18749241,0.00003675,2125.50908585,1
1503056499,18749228,0.00003677,282.13768699,1
1503056499,18749222,0.00003675,5138.33516300,1
1503056498,18749216,0.00003675,1067.03063400,1
1503056497,18749212,0.00003676,694.27689968,1
1503056497,18749210,0.00003676,2498.26282000,1
1503056493,18749188,0.00003675,1403.09795489,0
1503056493,18749186,0.00003674,5346.36467511,0
1503056493,18749185,0.00003673,18011.62900000,0
1503056468,18749074,0.00003675,8330.87488545,0
1503056455,18749010,0.00003675,780.35372000,0
1503056314,18748599,0.00003664,3162.64342300,1
1503056295,18748590,0.00003662,1176.70052600,1
1503056239,18748582,0.00003675,5692.78639455,0
1503056237,18748581,0.00003671,2452.46810894,0
1503056052,18748519,0.00003672,200.00000000,0
1503055999,18748480,0.00003672,3000.00000000,0
1503055935,18748444,0.00003671,515.42336729,1
1503055927,18748440,0.00003671,2988.88429127,1
1503055927,18748438,0.00003671,350.08631138,1
1503055924,18748435,0.00003671,3551.14965299,0
1503055788,18748248,0.00003661,428.21477941,1
1503055779,18748243,0.00003660,48.67000000,1
1503055779,18748242,0.00003665,102.33000000,1
1503055523,18748134,0.00003668,1430.45055900,0
1503055430,18748085,0.00003661,500.57710643,1
1503055380,18748050,0.00003638,2000.77254820,1
1503055379,18748048,0.00003658,384.07736600,1
1503055336,18748014,0.00003672,5347.07999455,1
1503054782,18747543,0.00003690,813.00813008,0
1503054764,18747504,0.00003681,1000.00000000,1
1503054752,18747499,0.00003681,2000.00000000,1
1503054743,18747491,0.00003680,2000.00000000,1
1503054716,18747484,0.00003695,811.90798376,0
1503054687,18747474,0.00003675,10000.00000000,1
1503054661,18747465,0.00003675,4399.87220478,1
1503054661,18747464,0.00003677,933.40011369,1
1503054661,18747463,0.00003678,4666.72768153,1
1503054648,18747462,0.00003679,10000.00000000,1
1503054614,18747434,0.00003698,172.42563547,0
1503054614,18747432,0.00003698,2240.44840677,0
1503054613,18747426,0.00003690,582.00000000,0
1503054069,18747011,0.00003685,833.95412300,1
1503054033,18746990,0.00003684,2833.31081600,1
1503053522,18746490,0.00003674,162.76537833,0
1503053470,18746438,0.00003652,3209.82592285,0
1503053470,18746436,0.00003657,1314.75152885,1
1503053469,18746434,0.00003658,213.51251970,1
1503053447,18746400,0.00003665,5875.70192959,1
1503053252,18746284,0.00003678,1548.93257205,0
1503053250,18746283,0.00003674,738.84171162,0
1503053250,18746282,0.00003674,3694.20855810,0
1503053046,18746029,0.00003664,1255.17906670,0
1503053045,18746028,0.00003664,274.19810000,0
1503053038,18746015,0.00003664,3840.77365999,0
1503053032,18746005,0.00003665,717.93500000,0
1503053022,18745994,0.00003664,4500.00000000,0
1503052635,18745654,0.00003694,665.10000000,1
1503052296,18745406,0.00003685,100.00000000,1
1503052239,18745340,0.00003681,100.00000000,1
1503052186,18745240,0.00003689,2096.62975800,0
1503051934,18744939,0.00003691,1081.00785694,0
1503051902,18744901,0.00003688,244.67400819,1
1503051831,18744863,0.00003692,6635.26674800,1
1503051820,18744862,0.00003691,7912.47374255,1
1503051679,18744800,0.00003695,2657.69092700,1
1503051533,18744641,0.00003688,3968.74947277,0
1503051529,18744637,0.00003688,793.74989455,0
1503051523,18744633,0.00003687,405.76120763,0
1503051519,18744631,0.00003686,365.18508686,1
1503051512,18744623,0.00003688,545.05236900,0
1503051501,18744594,0.00003690,1308.08046167,0
1503051501,18744592,0.00003690,6540.40230836,0
1503051501,18744591,0.00003689,60.56137428,0
1503051500,18744590,0.00003689,545.05236844,0
1503051407,18744529,0.00003693,1624.69536962,0
1503051279,18744422,0.00003723,663.78347196,1
1503051274,18744407,0.00003723,2495.01000000,1
1503051218,18744367,0.00003727,216.22947300,0
1503051206,18744356,0.00003728,210.00000000,0
1503051112,18744306,0.00003737,386.54950200,1
1503051108,18744298,0.00003736,6014.17306178,1
1503051107,18744297,0.00003737,183.91260773,1
1503051096,18744282,0.00003741,918.73567781,0
1503051084,18744275,0.00003740,2830.95377500,0
1503051082,18744274,0.00003740,1544.04622500,0
1503051017,18744244,0.00003732,6546.25509296,0
1503050930,18744182,0.00003740,106.00000000,1
1503050930,18744181,0.00003741,195.67092225,1
1503050925,18744178,0.00003742,0.00002432,1
1503050781,18744047,0.00003742,212.20217568,1
1503050781,18744046,0.00003742,212.20216650,1
1503050781,18744045,0.00003745,212.20223350,1
1503050294,18743750,0.00003772,5300.08138918,0
1503050292,18743749,0.00003771,964.17489902,0
1503050278,18743740,0.00003757,4557.00000000,1
1503050267,18743737,0.00003757,10000.00000000,1
1503050256,18743733,0.00003751,3940.13982400,1
1503050256,18743732,0.00003752,6059.86017600,1
1503050245,18743726,0.00003747,11000.00000000,1
1503050226,18743714,0.00003764,1555.12080315,0
1503050226,18743713,0.00003763,311.02416073,0
1503050226,18743711,0.00003755,0.00000012,0
1503050214,18743644,0.00003741,0.00003350,0
1503050213,18743643,0.00003741,212.20220000,0
1503050174,18743631,0.00003744,1787.79776650,1
1503050136,18743572,0.00003741,740.70000000,1
1503049961,18743440,0.00003755,1203.96826936,0
1503049960,18743439,0.00003754,413.34522477,0
1503049960,18743438,0.00003744,2066.72612387,0
1503049850,18743397,0.00003749,0.00000040,1
1503049849,18743395,0.00003749,1877.03136700,1
1503049839,18743391,0.00003748,1409.00000000,1
1503049830,18743384,0.00003748,8976.99206916,1
1503049830,18743383,0.00003749,1023.00793084,1
1503049829,18743382,0.00003749,117.98330000,0
1503049829,18743381,0.00003749,117.98330000,0
1503049829,18743380,0.00003749,117.98330000,0
1503049819,18743372,0.00003748,10000.00000000,1
1503049807,18743365,0.00003748,2854.13467463,0
1503049806,18743364,0.00003747,1000.00000000,1
1503049795,18743330,0.00003748,3391.05109857,0
1503049788,18743328,0.00003737,455.00000000,1
1503049600,18743198,0.00003733,4062.46296088,0
1503049369,18742892,0.00003734,624.62500000,0
1503049367,18742890,0.00003734,1864.15000000,0
1503049355,18742854,0.00003735,2569.84000000,0
1503049133,18742629,0.00003746,1000.00000000,0
1503049037,18742519,0.00003748,724.69637139,0
1503048849,18742433,0.00003742,692.32420200,0
1503048849,18742432,0.00003742,497.41000000,0
1503048847,18742430,0.00003742,1048.10960900,0
1503048846,18742429,0.00003742,484.62694100,0
1503048727,18742342,0.00003743,801.49612610,0
1503048719,18742336,0.00003744,267.09401709,0
1503048567,18742208,0.00003742,3093.93000000,0
1503048566,18742206,0.00003742,698.92300000,0
1503048559,18742203,0.00003743,4530.95443800,0
1503048464,18742127,0.00003752,261.82040000,1
1503048456,18742112,0.00003751,332.98172534,0
1503048452,18742100,0.00003750,471.86214828,1
1503048452,18742099,0.00003751,657.48957867,1
1503048446,18742091,0.00003751,8944.00000000,1
1503048404,18742054,0.00003758,1471.64931257,0
1503048404,18742053,0.00003757,403.19431713,0
1503048404,18742052,0.00003757,125.15637030,0
1503048396,18742043,0.00003757,123.74250153,0
1503048396,18742042,0.00003756,404.75224467,0
1503048394,18742041,0.00003756,213.96026300,0
1503048389,18742035,0.00003754,379.26172819,0
1503048338,18741981,0.00003757,112.60748349,0
1503048338,18741980,0.00003756,735.10396951,0
1503048327,18741966,0.00003760,583.57499202,1
1503048317,18741945,0.00003759,1000.00000000,1
1503048261,18741912,0.00003748,338.92429781,0
1503048260,18741911,0.00003748,119.28854274,1
1503048260,18741910,0.00003748,441.78290716,1
1503048142,18741832,0.00003754,697.39636957,1
1503048036,18741687,0.00003768,364.78529723,0
1503048036,18741686,0.00003766,252.32478908,0
1503048035,18741685,0.00003765,179.34510986,0
1503047984,18741642,0.00003764,691.48432518,0
1503047961,18741624,0.00003776,3874.16313559,0
1503047961,18741623,0.00003773,1379.75152212,0
1503047959,18741622,0.00003767,185.49160238,1
1503047959,18741621,0.00003767,275.95030442,0
1503047956,18741613,0.00003740,511.55644956,0
1503047955,18741607,0.00003747,148.86545131,1
1503047955,18741606,0.00003748,106.26654308,1
1503047877,18741571,0.00003745,1163.73332887,0
1503047876,18741570,0.00003745,198.53898773,1
1503047866,18741561,0.00003746,0.00000021,0
1503047863,18741551,0.00003746,2422.23753622,1
1503047862,18741550,0.00003745,650.57977578,0
1503047325,18741061,0.00003737,65.10370839,0
1503047309,18741035,0.00003737,535.18865400,0
1503047266,18741000,0.00003735,873.90000000,1
1503047264,18740999,0.00003736,65.10370839,0
1503047177,18740966,0.00003743,222.24370839,0
1503047157,18740926,0.00003757,665.60127761,0
1503047097,18740837,0.00003740,2732.11112700,1
1503047082,18740829,0.00003740,44947.53242600,1
1503047074,18740827,0.00003740,538.31624700,1
1503047073,18740826,0.00003740,7934.86209800,1
1503047064,18740823,0.00003740,3007.66025000,1
1503047029,18740813,0.00003745,100.00000000,0
1503046992,18740783,0.00003740,5635.88786800,1
1503046974,18740771,0.00003745,2222.43708385,1
1503046974,18740770,0.00003745,24.77086570,1
1503046971,18740768,0.00003745,2197.66621815,0
1503046967,18740759,0.00003745,2222.43708385,0
1503046941,18740741,0.00003740,750.00000000,1
1503046931,18740731,0.00003756,195.79339723,0
1503046900,18740715,0.00003740,46303.89443600,1
1503046894,18740705,0.00003740,8149.73554800,1
1503046733,18740581,0.00003747,3049.20000000,0
1503046648,18740538,0.00003745,4500.00000000,1
1503046602,18740504,0.00003751,4500.00000000,0
1503046574,18740484,0.00003752,239.80815347,0
1503046268,18740284,0.00003728,3090.34502150,0
1503046267,18740281,0.00003735,110.00000000,1
1503046134,18740117,0.00003761,7530.72013830,1
1503046133,18740116,0.00003760,994.85308949,1
1503046132,18740115,0.00003760,7534.72797300,1
1503046066,18740058,0.00003753,123.38712192,0
1503046062,18740057,0.00003753,468.03557808,1
1503046061,18740056,0.00003753,2427.57730000,1
1503046041,18740030,0.00003761,800.00000000,0
1503046034,18740019,0.00003755,94.62250040,0
1503046027,18740009,0.00003755,748.73500000,0
1503046013,18739987,0.00003755,4569.76352100,0
1503046003,18739964,0.00003755,481.63000000,0
1503045666,18739540,0.00003751,2500.00000000,0
1503045650,18739478,0.00003751,1783.50367901,0
1503045563,18739325,0.00003748,3062.04000000,0
1503045463,18739247,0.00003746,1000.00000000,0
1503045372,18739215,0.00003747,533.76034161,0
1503045323,18739193,0.00003752,1343.03118336,1
1503045323,18739192,0.00003750,56.00000000,0
1503045323,18739190,0.00003748,959.12475270,0
1503045321,18739189,0.00003744,4795.62376348,0
1503045270,18739140,0.00003736,5603.71140200,0
1503045224,18739126,0.00003730,3153.00000000,1
1503045212,18739100,0.00003727,2932.17688600,1
1503045212,18739099,0.00003729,6193.07100000,1
1503045211,18739098,0.00003730,1874.75211400,1
1503045188,18739094,0.00003730,5294.00000000,1
1503045155,18739064,0.00003731,759.77771855,1
1503045155,18739063,0.00003732,3946.82342576,1
1503045132,18739050,0.00003730,9889.11694599,1
1503045131,18739049,0.00003732,110.88305401,1
1503045115,18739044,0.00003730,6769.30857999,1
1503045115,18739043,0.00003732,2427.57700000,1
1503045114,18739041,0.00003735,803.11442001,1
1503045099,18739030,0.00003735,1624.46257999,1
1503045099,18739029,0.00003736,2427.57700000,1
1503045099,18739028,0.00003739,5947.96042001,1
1503045074,18739024,0.00003744,2171.89850200,1
1503044952,18738834,0.00003740,5262.05988800,0
1503044760,18738681,0.00003747,266.88017080,0
1503044663,18738639,0.00003745,1068.09078772,0
1503044601,18738579,0.00003749,5.19115529,0
1503044601,18738578,0.00003747,4579.18937471,0
1503044575,18738568,0.00003745,19.67729195,1
1503044572,18738565,0.00003745,5444.32270805,0
1503044454,18738476,0.00003747,1334.40085402,0
1503044417,18738443,0.00003749,99.91803105,1
1503044409,18738429,0.00003749,558.19078649,0
1503044409,18738428,0.00003748,2790.95393246,0
1503044395,18738389,0.00003738,60.00000000,0
1503044260,18738266,0.00003739,3716.77536997,0
1503044260,18738265,0.00003738,3485.14976371,0
1503044230,18738238,0.00003725,232.54670860,0
1503044190,18738197,0.00003725,587.63800000,0
1503044188,18738196,0.00003725,95.23089008,0
1503044104,18738054,0.00003727,3010.50000000,0
1503044055,18738041,0.00003730,963.07017200,0
1503044052,18738040,0.00003730,964.51500000,0
1503044049,18738038,0.00003730,963.07017170,0
1503044048,18738034,0.00003730,4815.35085850,0
1503044037,18738030,0.00003731,134.20494400,0
1503043996,18738021,0.00003734,5803.91997000,0
1503043984,18738017,0.00003736,505.25432849,0
1503043965,18737998,0.00003729,2473.67206500,1
1503043964,18737997,0.00003729,2937.04968300,1
1503043963,18737996,0.00003729,126.86869309,1
1503043945,18737989,0.00003731,5038.00000000,1
1503043936,18737982,0.00003730,4868.90650669,1
1503043935,18737981,0.00003730,169.09349331,1
1503043927,18737968,0.00003743,3211.07050066,0
1503043896,18737940,0.00003727,1502.00000000,1
1503043867,18737928,0.00003745,3672.01376668,1
1503043808,18737874,0.00003744,4195.76608210,0
1503043807,18737871,0.00003745,575.86222797,0
1503043742,18737847,0.00003739,100.00000000,1
1503043741,18737846,0.00003739,62.18155016,0
1503043670,18737798,0.00003728,10000.00000000,1
1503043654,18737781,0.00003726,102.48865000,0
1503043631,18737760,0.00003721,68.52823998,1
1503043608,18737696,0.00003715,2977.20000000,1
1503043486,18737540,0.00003700,58.00000000,0
1503043472,18737530,0.00003693,443.70000000,1
1503043454,18737511,0.00003684,999.99999991,1
1503043454,18737510,0.00003695,0.00000009,1
1503043453,18737509,0.00003695,987.56665975,0
1503043453,18737508,0.00003694,4937.83329874,0
1503043453,18737507,0.00003693,10807.67315142,0
1503043383,18737407,0.00003679,399.51447761,0
1503043351,18737392,0.00003677,1111.91447021,0
1503043350,18737391,0.00003677,5559.57235279,0
1503043338,18737385,0.00003669,1140.30000000,0
1503043313,18737378,0.00003678,9350.70000000,0
1503043256,18737331,0.00003679,0.48552239,0
1503043256,18737330,0.00003678,324.00647761,0
1503043242,18737296,0.00003668,3283.84943385,0
1503043239,18737286,0.00003663,1688.40000000,1
1503043194,18737234,0.00003671,2621.64750749,0
1503043193,18737232,0.00003669,281.23722332,0
1503043090,18737154,0.00003661,2809.17674200,1
1503043088,18737149,0.00003661,984.00000000,0
1503043024,18737115,0.00003658,2665.40957100,0
1503043001,18737075,0.00003659,550.51488565,0
1503042763,18736916,0.00003645,1107.31361700,1
1503042658,18736859,0.00003646,3032.09861000,0
1503042656,18736858,0.00003646,1107.31361700,0
1503042635,18736841,0.00003647,4937.71684790,0
1503042506,18736784,0.00003643,1107.61665800,0
1503042432,18736737,0.00003647,963.00000000,0
1503042320,18736539,0.00003638,3437.51633178,1
1503042319,18736538,0.00003639,1459.48366822,1
1503042299,18736509,0.00003638,7966.12326884,1
1503042298,18736508,0.00003639,1675.75560748,1
1503042298,18736507,0.00003639,358.12112368,1
1503042246,18736499,0.00003645,1104.00000000,0
1503042234,18736493,0.00003638,407.19676745,1
1503042234,18736492,0.00003639,1735.80323255,1
1503042209,18736485,0.00003638,5212.81460280,1
1503042208,18736484,0.00003639,1918.18539720,1
1503042184,18736456,0.00003638,5650.66579170,1
1503042183,18736455,0.00003639,5364.33420830,1
1503042139,18736434,0.00003641,376.46525680,0
1503042121,18736396,0.00003641,3108.65040000,0
1503042090,18736379,0.00003641,500.00000000,0
1503042041,18736367,0.00003640,360.88876322,1
1503042041,18736366,0.00003640,5078.95948878,0
1503042010,18736355,0.00003641,1000.00000000,1
1503041999,18736347,0.00003641,58.00000000,1
1503041992,18736341,0.00003646,1111.00000000,0
1503041944,18736310,0.00003646,161.47558968,0
1503041925,18736307,0.00003647,1096.64439000,0
1503041920,18736305,0.00003638,2000.00000000,1
1503041897,18736297,0.00003647,961.28324650,0
1503041864,18736281,0.00003636,155.99319731,1
1503041864,18736280,0.00003639,2844.00680269,1
1503041805,18736254,0.00003657,193.87476073,0
1503041438,18735996,0.00003643,2800.00000000,0
1503041426,18735994,0.00003645,280.06165600,0
1503041388,18735980,0.00003640,4884.81337452,0
1503041369,18735954,0.00003643,5115.18662548,1
1503041151,18735818,0.00003646,548.54635217,0
1503041128,18735791,0.00003643,58.00000000,1
1503041125,18735789,0.00003643,2490.02000000,1
1503041034,18735735,0.00003642,6746.01867105,0
1503040875,18735602,0.00003632,1841.57101503,1
1503040875,18735601,0.00003633,4212.23959597,1
1503040781,18735521,0.00003634,413.91881277,1
1503040775,18735516,0.00003634,1197.65067919,1
1503040545,18735340,0.00003628,4173.36357744,0
1503040458,18735296,0.00003627,6082.57027700,0
1503040450,18735288,0.00003619,4252.01671824,0
1503040449,18735284,0.00003619,4360.13911100,0
1503040356,18735243,0.00003627,200.00000000,0
1503040127,18735066,0.00003628,4225.73842100,1
1503040126,18735065,0.00003629,371.68500000,0
1503039953,18734944,0.00003611,2957.00377547,1
1503039953,18734943,0.00003611,104.34163544,1
1503039952,18734942,0.00003611,2929.65458909,1
1503039932,18734939,0.00003634,1556.29000000,1
1503039885,18734925,0.00003634,2915.29389102,0
1503039833,18734902,0.00003635,414.25752313,1
1503039833,18734899,0.00003635,6004.68743861,1
1503039827,18734893,0.00003636,6270.29378129,1
1503039805,18734885,0.00003636,1767.91303045,0
1503039803,18734884,0.00003636,827.58338341,1
1503039802,18734882,0.00003636,545.07731200,1
1503039794,18734879,0.00003636,4754.29907806,0
1503039576,18734765,0.00003635,840.25977463,1
1503039280,18734651,0.00003642,103.20633917,0
1503039099,18734592,0.00003636,987.63215800,1
1503038870,18734481,0.00003622,1000.00000000,1
1503038710,18734409,0.00003627,903.23000000,0
1503038707,18734402,0.00003627,357.50300000,0
1503038705,18734395,0.00003625,6903.78700000,0
1503038690,18734379,0.00003630,2180.39931000,0
1503038603,18734300,0.00003635,1100.41265475,0
1503038472,18734274,0.00003638,6762.88233297,1
1503038466,18734265,0.00003638,1682.96356084,1
1503038465,18734263,0.00003638,428.69276583,1
1503038365,18734198,0.00003653,1563.01861483,0
1503038301,18734039,0.00003643,58.00000000,1
1503038118,18733929,0.00003632,901.17877826,1
1503038118,18733928,0.00003633,591.64533707,1
1503038117,18733927,0.00003655,44.82292109,0
1503038117,18733926,0.00003655,543.38250000,0
1503038117,18733925,0.00003655,543.38250000,0
1503038117,18733924,0.00003655,236.40113500,0
1503037925,18733838,0.00003650,3013.69863014,0
1503037379,18733511,0.00003631,3046.30047100,0
1503037364,18733505,0.00003634,1687.99985700,0
1503037286,18733452,0.00003625,225.76133147,1
1503037285,18733450,0.00003626,274.23866853,1
1503037034,18733364,0.00003655,306.98136500,0
1503037034,18733363,0.00003655,543.38250000,0
1503036644,18733239,0.00003659,1766.79666370,1
1503036638,18733237,0.00003659,1018.08524314,1
1503036638,18733236,0.00003659,6952.37264586,1
1503036637,18733235,0.00003660,1766.79666358,1
1503036632,18733232,0.00003669,1776.50436200,1
1503036629,18733231,0.00003668,1151.49818400,1
1503036500,18733190,0.00003672,3540.30501089,0
1503036418,18733167,0.00003650,107.02555483,1
1503036417,18733166,0.00003650,535.12777414,1
1503036415,18733162,0.00003650,3956.92438805,0
1503036415,18733161,0.00003648,107.02555483,0
1503036415,18733160,0.00003648,535.12777414,0
1503036412,18733158,0.00003647,3484.89800800,0
1503036296,18733071,0.00003644,615.48375900,0
1503036288,18733067,0.00003636,1422.72170800,0
1503036271,18733056,0.00003635,2183.20466667,0
1503036271,18733054,0.00003635,116.53154833,0
1503036126,18732983,0.00003616,3752.00000000,1
1503036114,18732980,0.00003614,5000.00000000,1
1503036093,18732974,0.00003618,1395.00000000,1
1503036030,18732966,0.00003613,626.79112433,1
1503036030,18732965,0.00003621,2977.69647087,1
1503036007,18732954,0.00003626,914.21813000,0
1503036006,18732953,0.00003626,1486.59387000,0
1503036002,18732947,0.00003625,353.12590405,0
1503035954,18732943,0.00003611,4472.26563900,0
1503035944,18732942,0.00003614,5313.58293759,0
1503035934,18732939,0.00003612,4324.82689978,0
1503035892,18732937,0.00003618,186.37098800,0
1503035888,18732936,0.00003613,298.23385238,0
1503035871,18732933,0.00003612,4908.45762800,1
1503035804,18732929,0.00003613,479.30288700,0
1503035744,18732922,0.00003612,1673.20626210,1
1503035740,18732919,0.00003612,8028.43765351,0
1503035658,18732905,0.00003613,225.00000000,0
1503035597,18732887,0.00003614,149.04981906,1
1503035512,18732841,0.00003604,5407.17090219,1
1503035512,18732840,0.00003611,198.77664412,0
1503035510,18732839,0.00003611,54.05245369,1
1503035440,18732804,0.00003614,623.32000000,0
1503035384,18732776,0.00003617,1668.82000000,0
1503035300,18732699,0.00003606,195.94434883,1
1503035300,18732698,0.00003606,7104.36577717,1
1503035300,18732697,0.00003612,2699.68987400,1
1503035279,18732693,0.00003606,6735.00000000,1
1503035229,18732672,0.00003613,264.92888848,1
1503035022,18732633,0.00003618,1316.89559300,0
1503034990,18732627,0.00003617,5302.80732400,0
1503034975,18732617,0.00003620,3097.36666368,0
1503034965,18732614,0.00003620,3680.03960000,0
1503034750,18732530,0.00003619,2111.36302800,0
1503034513,18732477,0.00003637,941.53698102,1
1503034512,18732476,0.00003632,619.36070148,1
1503034512,18732475,0.00003632,741.86471106,0
1503034511,18732473,0.00003628,3709.32355529,0
1503033581,18732059,0.00003613,11271.16950904,0
1503033581,18732058,0.00003615,431.37900000,1
1503033580,18732057,0.00003629,438.55198858,1
1503033580,18732055,0.00003629,1675.48454917,1
1503033578,18732051,0.00003631,4183.41495321,1
1503033366,18731794,0.00003641,3408.43365500,0
1503033325,18731744,0.00003643,4049.62414489,0
1503033279,18731694,0.00003642,3940.08578413,0
1503033269,18731680,0.00003642,4354.04211343,0
1503033269,18731679,0.00003643,188.29281885,1
1503033070,18731602,0.00003644,678.39806800,0
1503033029,18731585,0.00003644,250.96896229,1
1503032909,18731563,0.00003650,3957.94816096,1
1503032586,18731444,0.00003658,1870.69780600,1
1503032556,18731416,0.00003655,66.00000000,1
1503032447,18731261,0.00003652,83.71494437,1
1503032140,18730958,0.00003655,56.00000000,0
1503031351,18730650,0.00003645,57.00000000,1
1503031271,18730558,0.00003642,535.00000000,1
1503030982,18730419,0.00003644,2744.23710209,1
1503030848,18730393,0.00003644,2844.32834300,1
1503030820,18730386,0.00003644,301.95679100,1
1503030744,18730374,0.00003641,3000.00000000,1
1503030669,18730358,0.00003648,2903.42680921,0
1503030415,18730230,0.00003644,449.40966768,1
1503030255,18730168,0.00003648,58.00000000,1
1503030199,18730146,0.00003648,1296.04167100,1
1503030192,18730145,0.00003651,5164.02546027,1
1503030172,18730140,0.00003653,584.25400000,0
1503029900,18730054,0.00003639,369.96600000,0
1503029899,18730052,0.00003639,369.96600000,0
1503029888,18730048,0.00003639,4100.40187000,0
1503029728,18729972,0.00003638,369.58100000,0
1503029620,18729946,0.00003638,1328.92000000,0
1503029592,18729938,0.00003637,686.99403600,0
1503029453,18729785,0.00003631,1834.46710500,0
1503029443,18729782,0.00003632,2914.03716960,0
1503029385,18729772,0.00003637,5428.71597700,0
1503029382,18729771,0.00003637,5684.63466700,0
1503029373,18729769,0.00003639,872.77438100,0
1503029372,18729767,0.00003639,2112.57000000,0
1503029300,18729751,0.00003648,1592.73300438,0
1503029234,18729671,0.00003642,274.57440967,0
1503028834,18729467,0.00003635,1178.16200000,0
1503028834,18729466,0.00003635,1178.16200000,0
1503028834,18729465,0.00003635,1178.16200000,0
1503028834,18729464,0.00003635,706.90100646,0
1503028812,18729450,0.00003635,471.26099354,0
1503028812,18729449,0.00003635,0.00002578,0
1503028730,18729353,0.00003634,977.42689006,0
1503028730,18729352,0.00003632,809.57310994,0
1503028712,18729322,0.00003632,4259.90332400,0
1503028671,18729280,0.00003633,1464.65384800,0
1503028657,18729261,0.00003628,86.85079000,0
1503028577,18729217,0.00003628,5562.41756212,1
1503028576,18729216,0.00003628,1112.48351242,0
1503028485,18729208,0.00003616,133.84952000,1
1503028448,18729198,0.00003620,133.84952000,0
1503028438,18729192,0.00003614,362.83235000,0
1503028434,18729175,0.00003638,1178.16197422,1
1503028433,18729173,0.00003671,18675.30093000,0
1503028430,18729168,0.00003620,699.56133763,0
1503028430,18729167,0.00003614,3497.80668815,0
1503028427,18729153,0.00003615,320.91079000,0
1503028398,18729097,0.00003617,350.00000000,0
1503028110,18728986,0.00003628,4044.12644314,1
1503028110,18728983,0.00003628,301.24019186,1
1503027971,18728888,0.00003628,10000.00000000,1
1503027411,18728781,0.00003635,2362.08257533,0
1503027411,18728780,0.00003635,4082.94146000,0
1503027411,18728779,0.00003634,1683.56843800,0
1503027299,18728731,0.00003622,4407.32811000,1
1503027285,18728723,0.00003623,5726.18300000,0
1503027122,18728687,0.00003670,210.31062670,1
1503027120,18728686,0.00003614,63.13225708,0
1503027119,18728685,0.00003615,198.00000000,0
1503027089,18728676,0.00003620,600.50182500,0
1503027082,18728674,0.00003620,191.30986996,0
1503027066,18728668,0.00003622,552.18111541,0
1503027004,18728637,0.00003610,6307.56026600,0
1503026904,18728596,0.00003612,272.02542000,0
1503026878,18728581,0.00003614,2416.06952800,0
1503026824,18728568,0.00003607,5221.37410200,1
1503026800,18728554,0.00003618,2959.04261266,1
1503026744,18728537,0.00003621,3267.21939900,1
1503026654,18728514,0.00003627,3604.52033900,1
1503026441,18728446,0.00003630,2571.95305397,0
1503026441,18728445,0.00003629,427.90210465,0
1503026440,18728444,0.00003628,136.69694238,0
1503026438,18728443,0.00003628,3.94074307,0
1503026437,18728442,0.00003628,2629.44925693,0
1503026221,18728307,0.00003622,3000.00000000,0
1503026147,18728293,0.00003625,787.76250165,0
1503026145,18728292,0.00003624,2725.62347203,0
1503026144,18728291,0.00003624,313.29401972,0
1503026144,18728290,0.00003620,3938.81250825,0
1503026038,18728263,0.00003623,3494.82647985,1
1503026029,18728252,0.00003611,6601.13309269,1
1503026029,18728251,0.00003612,1614.33900863,1
1503026029,18728250,0.00003613,6307.11234847,1
1503026029,18728249,0.00003618,429.20312620,1
1503026028,18728248,0.00003622,500.00000000,1
1503026028,18728247,0.00003623,4029.88602401,1
1503025955,18728190,0.00003625,4448.00490074,1
1503025946,18728186,0.00003627,2322.17258600,1
1503025945,18728185,0.00003627,2437.24559800,1
1503025543,18727983,0.00003635,117.95078393,1
1503025543,18727981,0.00003640,0.00000024,1
1503025541,18727975,0.00003640,4902.76276700,1
1503025476,18727937,0.00003653,0.00000021,1
1503025468,18727936,0.00003653,7190.95021200,1
1503024864,18727671,0.00003668,193.00000000,1
1503024458,18727554,0.00003676,500.00000000,0
1503024438,18727544,0.00003674,60.00000000,1
1503024280,18727477,0.00003675,94.31205292,0
1503024110,18727421,0.00003657,635.00000000,1
1503024081,18727391,0.00003654,302.06273063,1
1503024081,18727390,0.00003654,4697.93726937,1
1503024065,18727378,0.00003654,3000.00000000,1
1503024056,18727370,0.00003654,10000.00000000,1
1503023938,18727338,0.00003664,613.06577510,0
1503023936,18727337,0.00003651,480.34167002,0
1503023788,18727298,0.00003641,794.33590358,0
1503023788,18727297,0.00003641,285.79409976,0
1503023759,18727285,0.00003637,164.06249299,0
1503023759,18727284,0.00003629,688.44910164,0
1503023746,18727283,0.00003628,786.00000000,1
1503023727,18727275,0.00003629,2734.37500000,0
1503023726,18727274,0.00003629,600.31630300,0
1503023719,18727272,0.00003629,1102.07243400,0
1503023711,18727269,0.00003629,4754.36090000,0
1503023708,18727257,0.00003630,4120.42626136,1
1503023687,18727254,0.00003629,4507.00000000,1
1503023477,18727204,0.00003630,3574.19755098,0
1503023467,18727199,0.00003630,550.96418733,0
1503023453,18727189,0.00003630,4952.41370000,0
1503023441,18727182,0.00003630,5012.72272700,0
1503023430,18727173,0.00003630,4219.06030378,0
1503023430,18727172,0.00003629,732.90242988,0
1503023430,18727171,0.00003629,292.62776634,0
1503023412,18727162,0.00003630,2429.64280419,0
1503023412,18727161,0.00003629,72.25376947,0
1503023411,18727160,0.00003629,361.26884734,0
1503023405,18727157,0.00003629,429.23031366,0
1503023405,18727156,0.00003622,1406.00000000,0
1503023346,18727132,0.00003620,150.00000000,1
1503023327,18727123,0.00003630,4183.73895000,0
1503023323,18727122,0.00003629,593.38582487,0
1503023319,18727121,0.00003629,593.38582487,0
1503023294,18727113,0.00003630,3861.86363876,0
1503023294,18727112,0.00003629,705.01286124,0
1503023283,18727107,0.00003629,401.46090800,0
1503023282,18727106,0.00003629,756.27307798,0
1503023277,18727105,0.00003628,368.53909230,0
1503023272,18727104,0.00003628,756.20847600,0
1503023270,18727103,0.00003629,4727.22950000,0
1503023268,18727102,0.00003628,1124.74756830,0
1503023237,18727094,0.00003629,2753.51137449,0
1503023237,18727093,0.00003628,1336.33374451,0
1503022755,18726902,0.00003615,0.00000005,0
1503022748,18726901,0.00003615,3163.83842700,0
1503022717,18726894,0.00003619,4378.00011008,0
1503022717,18726893,0.00003618,773.74318992,0
1503022716,18726892,0.00003618,2985.27276300,0
1503022715,18726891,0.00003619,7774.28123800,0
1503022598,18726855,0.00003590,666.13653937,0
1503022597,18726854,0.00003590,3000.12265425,0
1503022597,18726853,0.00003590,21112.74080638,1
1503022597,18726852,0.00003596,103.00000000,1
1503022525,18726841,0.00003601,2076.79673839,1
1503022525,18726840,0.00003602,70.75398961,1
1503022497,18726833,0.00003605,3508.69229577,1
1503022497,18726832,0.00003609,282.30770423,1
1503022432,18726811,0.00003610,2483.75461200,1
1503022179,18726729,0.00003614,643.38195200,0
1503022172,18726728,0.00003614,1383.50857775,0
1503022136,18726722,0.00003615,317.33840087,0
1503022136,18726721,0.00003614,2753.72838113,0
1503021950,18726662,0.00003623,4225.67014972,0
1503021950,18726661,0.00003622,578.46445428,0
1503021949,18726660,0.00003622,266.66957572,0
1503021949,18726659,0.00003620,452.18333228,0
1503021768,18726573,0.00003604,1343.28401000,0
1503021667,18726499,0.00003613,1383.89150291,0
1503021657,18726497,0.00003597,795.97611636,0
1503021657,18726496,0.00003597,1600.00000000,0
1503021656,18726495,0.00003597,2308.69820694,0
1503021655,18726494,0.00003597,924.43147330,1
1503021655,18726493,0.00003598,11620.38700000,1
1503021655,18726492,0.00003600,2309.33969019,1
1503021655,18726491,0.00003601,441.16751321,1
1503021641,18726475,0.00003615,829.87551867,0
1503021402,18726342,0.00003595,1034.82240900,0
1503021395,18726333,0.00003595,5178.84044882,0
1503021395,18726332,0.00003594,8288.98470640,0
1503021375,18726311,0.00003586,5617.97752800,1
1503021287,18726200,0.00003601,2678.84254294,1
1503021287,18726199,0.00003601,4700.60319306,1
1503021129,18726065,0.00003611,3363.30806100,0
1503021125,18726050,0.00003609,2028.52843924,0
1503021110,18726026,0.00003612,799.76557700,0
1503020784,18725783,0.00003630,1505.44000000,0
1503020782,18725780,0.00003629,6.65564900,0
1503020782,18725779,0.00003627,4436.75435100,0
1503020772,18725766,0.00003616,2035.89908918,0
1503020748,18725734,0.00003617,8509.59851770,1
1503020628,18725631,0.00003618,3580.04148775,0
1503020616,18725612,0.00003618,13372.38300000,0
1503020612,18725601,0.00003619,9300.04000000,0
1503020608,18725592,0.00003617,3580.04148775,0
1503020599,18725579,0.00003620,19927.44225000,0
1503020570,18725549,0.00003621,4334.97749700,0
1503020563,18725544,0.00003620,4348.18672200,0
1503020558,18725536,0.00003621,3966.54869725,0
1503020548,18725528,0.00003621,4712.73112544,0
