date,tid,price,amount,type
1503082150,18776172,0.13625,1315.00000000,1
1503081997,18776037,0.13664,218.00000000,1
1503081995,18776035,0.13662,130.11467300,1
1503081993,18776030,0.13663,2516.81468600,1
1503081772,18775893,0.13654,218.00000000,1
1503081566,18775727,0.13714,12998.10399000,1
1503081545,18775708,0.13711,12193.08734900,1
1503081336,18775602,0.13779,1775.15236780,1
1503081334,18775598,0.13717,2500.00000000,0
1503081334,18775597,0.13717,988.89520477,0
1503081221,18775500,0.13779,3620.00145148,0
1503081030,18775419,0.13698,882.82700000,0
1503081004,18775392,0.13709,1148.00000000,0
1503081003,18775391,0.13706,2500.00000000,0
1503081002,18775390,0.13704,700.26600000,0
1503080994,18775383,0.13709,445.38800000,0
1503080993,18775382,0.13709,344.86600000,0
1503080971,18775378,0.13718,1429.13000000,0
1503080922,18775331,0.13701,69.35581344,0
1503080920,18775330,0.13663,1.08000000,0
1503080892,18775320,0.13685,720.00000000,1
1503080848,18775302,0.13683,5527.98000000,1
1503080697,18775224,0.13685,146.56353671,0
1503080695,18775222,0.13671,218.00000000,0
1503080505,18775125,0.13624,1283.00000000,1
1503080469,18775104,0.13618,4952.77696600,1
1503080469,18775103,0.13619,7699.12303400,1
1503080469,18775102,0.13655,218.00000000,1
1503080469,18775101,0.13655,218.00000000,1
1503080469,18775100,0.13655,218.00000000,1
1503080468,18775098,0.13655,218.00000000,1
1503080157,18774809,0.13624,1142.99297000,1
1503080145,18774792,0.13621,359.18234000,1
1503080132,18774766,0.13617,1774.08231000,1
1503080043,18774709,0.13630,2964.34632000,1
1503080034,18774699,0.13650,0.69626000,0
1503080033,18774697,0.13646,464.17774000,0
1503080030,18774695,0.13646,149.82527000,1
1503080026,18774691,0.13646,464.17774000,1
1503079999,18774662,0.13650,400.00000000,1
1503079951,18774541,0.13699,2949.41531000,1
1503079933,18774528,0.13710,903.62477000,1
1503079911,18774502,0.13780,0.00000032,1
1503079609,18774118,0.13780,200.00000000,0
1503079609,18774117,0.13780,200.00000000,0
1503079609,18774116,0.13780,200.00000000,0
1503079609,18774115,0.13780,154.39262968,0
1503079598,18774061,0.13780,45.60737032,0
1503079597,18774060,0.13780,200.00000000,0
1503079597,18774058,0.13780,200.00000000,0
1503079597,18774054,0.13780,200.00000000,0
1503079595,18774047,0.13779,77.79298125,0
1503079592,18774018,0.13779,122.20701875,0
1503079592,18774015,0.13779,200.00000000,0
1503079583,18773968,0.13778,5124.60913000,0
1503079582,18773967,0.13777,630.61743469,1
1503079324,18773635,0.13753,1595.73954773,0
1503079322,18773634,0.13733,218.00000000,0
1503079200,18773536,0.13710,1096.37523000,1
1503079152,18773461,0.13781,200.00000000,1
1503078970,18773386,0.13781,2256.32498969,0
1503078741,18773186,0.13704,735.03600000,1
1503078687,18773154,0.13749,384.53705724,0
1503078608,18773057,0.13700,411.21930600,1
1503078593,18773007,0.13784,7716.04759141,0
1503078536,18772800,0.13759,4661.12962000,0
1503078529,18772737,0.13756,2500.00000000,0
1503078528,18772733,0.13754,4661.12962000,0
1503078528,18772725,0.13754,3895.60491500,0
1503078442,18772584,0.13714,3121.89184000,1
1503078390,18772546,0.13798,500.00000000,0
1503078319,18772503,0.13702,5000.00000000,1
1503078319,18772501,0.13703,7399.48168000,1
1503078256,18772414,0.13707,1.48649222,1
1503078255,18772413,0.13745,991.24050778,1
1503078231,18772386,0.13703,1056.44000000,1
1503078181,18772302,0.13746,100.00000000,0
1503078060,18772224,0.13702,1373.72000000,1
1503078057,18772222,0.13759,100.00000000,0
1503078001,18772180,0.13748,249.62476505,1
1503077969,18772150,0.13785,5975.81008000,0
1503077898,18772040,0.13792,100.00000000,0
1503077861,18771974,0.13750,1000.00000000,1
1503077811,18771905,0.13839,100.00000000,0
1503077745,18771754,0.13768,2934.63396000,1
1503077745,18771752,0.13828,270.00000000,1
1503077745,18771750,0.13829,5122.70294800,1
1503077725,18771665,0.13871,100.00000000,0
1503077719,18771642,0.13829,3843.57353170,1
1503077719,18771640,0.13830,231.36381030,1
1503077701,18771561,0.13831,4133.92251000,1
1503077664,18771511,0.13831,1000.00000000,1
1503077647,18771485,0.13875,100.00000000,0
1503077616,18771445,0.13830,2101.05973400,1
1503077609,18771408,0.13830,1664.85744700,1
1503077609,18771406,0.13838,2919.78901000,1
1503077585,18771378,0.13830,3407.41433800,1
1503077578,18771365,0.13831,342.17324500,1
1503077571,18771312,0.13908,2905.09350000,1
1503077564,18771296,0.13829,6034.28348921,1
1503077564,18771294,0.13832,2287.18340879,1
1503077559,18771284,0.13929,100.00000000,0
1503077518,18771170,0.13953,100.00000000,0
1503077511,18771123,0.13835,1017.30160490,1
1503077511,18771121,0.13850,100.00000000,1
1503077509,18771114,0.13900,882.69839510,1
1503077490,18771025,0.13900,1150.53698000,1
1503077468,18770873,0.13950,500.00000000,1
1503077365,18770649,0.13978,2890.54517000,1
1503077363,18770644,0.14001,3552.07000000,0
1503077329,18770496,0.14028,150.00000000,1
1503077190,18770185,0.14000,2941.03184856,1
1503077189,18770181,0.14000,3098.97668000,1
1503077155,18770145,0.14000,2732.10204286,1
1503077155,18770144,0.14000,0.00000014,1
1503077155,18770143,0.14000,3850.07795700,1
1503077143,18770138,0.14038,1347.11941216,1
1503077141,18770135,0.14031,535.35300000,0
1503077133,18770123,0.14001,3243.15878800,1
1503077132,18770121,0.14011,2169.63191000,1
1503077127,18770115,0.14011,10830.36809000,1
1503077127,18770112,0.14012,2169.63191000,1
1503077055,18770035,0.14055,71.00675916,0
1503076948,18769937,0.14031,810.64700000,0
1503076675,18769731,0.14068,2022.00000000,1
1503076659,18769721,0.14001,506.37603600,1
1503076569,18769630,0.14112,138.14257369,0
1503076567,18769629,0.14109,38.59462834,0
1503076426,18769438,0.14086,5143.00000000,1
1503076376,18769361,0.14080,1022.04000000,1
1503076298,18769315,0.14150,920.83599194,0
1503076297,18769314,0.14149,2500.00000000,0
1503076254,18769294,0.14156,352.28878214,0
1503076120,18769179,0.14164,0.00003000,1
1503076120,18769178,0.14164,122.04540000,1
1503076112,18769167,0.14163,377.95457000,0
1503075997,18769079,0.14118,1000.00000000,1
1503075957,18769048,0.14113,1403.96000000,1
1503075943,18769036,0.14109,1062.42445100,1
1503075943,18769035,0.14110,701.57554900,1
1503075832,18768919,0.14190,718.53490704,1
1503075831,18768916,0.14190,1125.19571000,0
1503075799,18768900,0.14190,140.59196617,0
1503075753,18768833,0.14130,848.85390000,1
1503075749,18768830,0.14129,915.29273000,0
1503075731,18768815,0.14083,4266.47403000,0
1503075728,18768811,0.14037,6224.30314483,1
1503075715,18768803,0.14032,733.59248300,1
1503075715,18768802,0.14034,5628.39278700,1
1503075714,18768800,0.14035,7285.21766000,1
1503075708,18768797,0.14086,4931.07551000,0
1503075700,18768793,0.14087,7081.06765103,0
1503075690,18768783,0.14060,1346.00000000,0
1503075661,18768764,0.14030,3000.00000000,1
1503075614,18768730,0.14049,2875.93710000,1
1503075505,18768658,0.14120,2861.47594000,1
1503075505,18768655,0.14149,36.01862000,1
1503075481,18768604,0.14164,35.23016097,0
1503075480,18768601,0.14149,341.72300000,1
1503075430,18768543,0.14191,2847.15949000,1
1503075424,18768535,0.14149,1319.03374600,1
1503075423,18768533,0.14149,2706.44926800,1
1503075416,18768524,0.14149,1696.77536600,1
1503075396,18768498,0.14200,264.31892323,1
1503075393,18768495,0.14200,669.94800000,1
1503075336,18768472,0.14200,88.38791229,0
1503075292,18768436,0.14201,100.00000000,0
1503075278,18768425,0.14200,324.29500000,0
1503075278,18768423,0.14200,1.02923080,1
1503075269,18768416,0.14201,400.90600000,0
1503075261,18768411,0.14202,400.87800000,0
1503075249,18768402,0.14202,2500.00000000,1
1503075249,18768401,0.14202,1101.06975648,1
1503075221,18768375,0.14202,1851.46721985,1
1503075198,18768343,0.14202,2047.46302367,1
1503075198,18768338,0.14263,2832.78695000,1
1503075197,18768331,0.14264,10918.85350000,1
1503075197,18768330,0.14267,4857.30064600,1
1503075193,18768324,0.14267,1129.00000000,1
1503075191,18768322,0.14267,735.00000000,1
1503075190,18768321,0.14267,6277.78809400,1
1503075167,18768300,0.14342,1000.00000000,0
1503075120,18768271,0.14369,1388.40559538,0
1503075076,18768236,0.14335,2818.55880000,1
1503075065,18768222,0.14337,6479.15393115,1
1503075061,18768219,0.14337,1367.79320000,1
1503075039,18768191,0.14409,180.00000000,0
1503075008,18768110,0.14494,1000.00000000,1
1503074984,18768100,0.14536,570.00000000,0
1503074966,18768091,0.14542,685.94416173,0
1503074962,18768080,0.14543,6964.91229491,0
1503074961,18768078,0.14543,6034.19386509,0
1503074961,18768075,0.14584,7162.45476000,1
1503074960,18768074,0.14584,10000.00000000,1
1503074959,18768073,0.14584,889.59087000,0
1503074959,18768072,0.14584,4447.95437000,0
1503074959,18768071,0.14582,5000.00000000,0
1503074959,18768070,0.14566,2500.00000000,0
1503074948,18768067,0.14544,1371.83718371,0
1503074945,18768066,0.14543,2865.91062509,1
1503074945,18768065,0.14543,3535.06104091,1
1503074945,18768064,0.14543,172.06935226,1
1503074944,18768061,0.14543,5962.13160683,1
1503074944,18768060,0.14543,2868.44794817,1
1503074939,18768052,0.14543,6800.81405183,1
1503074939,18768051,0.14543,1388.27705104,1
1503074938,18768050,0.14543,3536.21983100,1
1503074937,18768049,0.14543,4744.76511796,1
1503074936,18768047,0.14543,574.46711804,1
1503074936,18768043,0.14543,172.06935200,1
1503074933,18768037,0.14543,172.06935196,1
1503074932,18768036,0.14543,8750.65617800,1
1503074932,18768035,0.14543,3493.52801500,1
1503074928,18768027,0.14587,1367.79324055,0
1503074926,18768026,0.14543,593.10000000,1
1503074926,18768025,0.14543,5582.63398500,1
1503074926,18768024,0.14543,8857.89450500,1
1503074923,18768021,0.14543,200.00000000,1
1503074921,18768015,0.14543,611.36749500,1
1503074921,18768013,0.14543,9669.26200000,1
1503074921,18768012,0.14543,9669.26200000,1
1503074921,18768011,0.14543,9669.26200000,1
1503074921,18768010,0.14543,9669.26200000,1
1503074921,18768009,0.14544,8189.09116900,1
1503074900,18767997,0.14544,1480.17083100,1
1503074900,18767996,0.14544,12.10916900,1
1503074870,18767961,0.14544,4976.48843200,1
1503074865,18767956,0.14544,2029.74126900,1
1503074829,18767919,0.14544,2650.92313000,1
1503074829,18767918,0.14544,9669.26200000,1
1503074829,18767917,0.14545,1186.04706200,1
1503074829,18767916,0.14550,2000.00000000,1
1503074808,18767900,0.14551,71.61582146,1
1503074803,18767896,0.14621,172.06939504,0
1503074803,18767895,0.14621,6650.37777000,0
1503074787,18767885,0.14546,10063.03687000,1
1503074787,18767884,0.14546,13000.00000000,1
1503074787,18767883,0.14547,4669.32127000,1
1503074773,18767874,0.14678,146.33792069,1
1503074772,18767873,0.14640,36.06912305,1
1503074772,18767872,0.14679,23.61237141,1
1503074772,18767871,0.14645,697.31524021,0
1503074772,18767870,0.14645,0.06991571,0
1503074771,18767868,0.14640,35.00000000,0
1503074771,18767867,0.14638,118.18600086,0
1503074770,18767864,0.14627,698.28693512,0
1503074770,18767863,0.14625,1848.27328534,0
1503074770,18767862,0.14625,1218.70059551,0
1503074769,18767861,0.14596,1000.00000000,0
1503074769,18767860,0.14594,111.71375067,0
1503074769,18767859,0.14593,944.27755000,0
1503074768,18767857,0.14590,35.00000000,0
1503074768,18767856,0.14588,4721.38774000,0
1503074767,18767855,0.14567,5262.44246178,0
1503074761,18767853,0.14567,100.00000000,0
1503074759,18767849,0.14567,4500.00000000,0
1503074742,18767832,0.14545,8483.21493800,1
1503074742,18767831,0.14547,10235.63306200,1
1503074741,18767828,0.14547,2763.47321800,1
1503074741,18767826,0.14548,5303.89123700,1
1503074705,18767797,0.14540,9669.26200000,0
1503074698,18767793,0.14540,330.73800000,0
1503074676,18767783,0.14539,806.40900000,0
1503074656,18767747,0.14538,330.76100000,0
1503074655,18767744,0.14504,2900.00000000,1
1503074608,18767707,0.14499,808.00000000,1
1503074576,18767681,0.14503,0.00000041,1
1503074576,18767679,0.14500,7578.02570259,0
1503074496,18767598,0.14500,3817.43543300,1
1503074496,18767596,0.14500,12999.10339000,1
1503074486,18767584,0.14565,890.35358737,0
1503074484,18767576,0.14608,137.55753822,1
1503074483,18767575,0.14608,10000.00000000,1
1503074483,18767574,0.14608,10000.00000000,1
1503074483,18767573,0.14609,2500.00000000,0
1503074482,18767572,0.14608,10000.00000000,1
1503074482,18767571,0.14608,3709.78525900,1
1503074481,18767570,0.14608,1383.13595800,1
1503074481,18767569,0.14608,3158.29152100,1
1503074480,18767567,0.14609,1080.81856800,1
1503074480,18767564,0.14609,10000.00000000,1
1503074480,18767560,0.14608,7255.55040200,1
1503074479,18767558,0.14608,1308.57315500,1
1503074477,18767554,0.14608,4392.34769000,0
1503074477,18767553,0.14608,2500.00000000,0
1503074477,18767552,0.14608,69.96349678,0
1503074477,18767551,0.14607,878.46954000,0
1503074476,18767550,0.14606,14367.63609000,0
1503074453,18767536,0.14625,1022.11172649,0
1503074453,18767535,0.14620,843.50078000,0
1503074453,18767534,0.14620,4217.50389000,0
1503074452,18767533,0.14619,5000.00000000,1
1503074452,18767532,0.14613,2500.00000000,1
1503074451,18767529,0.14562,64.08653386,0
1503074432,18767515,0.14623,1098.19079532,0
1503074432,18767514,0.14565,194.20161778,0
1503074432,18767513,0.14564,724.75653000,0
1503074431,18767511,0.14529,95.00000000,0
1503074392,18767467,0.14592,102.52192982,0
1503074367,18767450,0.14537,977.14900000,0
1503074363,18767447,0.14538,686.48820000,1
1503074363,18767446,0.14538,686.48820000,1
1503074363,18767445,0.14538,686.48820000,1
1503074360,18767440,0.14538,686.48820000,1
1503074359,18767439,0.14539,686.48820000,1
1503074359,18767438,0.14539,685.68819409,1
1503074314,18767414,0.14539,0.80000000,1
1503074314,18767413,0.14548,533.39000000,1
1503074301,18767400,0.14625,4089.08570000,1
1503074299,18767393,0.14626,1848.27328537,1
1503074299,18767392,0.14626,2016.45487000,1
1503074296,18767386,0.14626,1805.54000000,1
1503074296,18767385,0.14626,3209.18186300,1
1503074296,18767383,0.14626,1149.98641800,1
1503074294,18767378,0.14626,100.00000000,1
1503074283,18767356,0.14626,100.00000000,1
1503074282,18767355,0.14626,1806.50000000,1
1503074266,18767342,0.14626,100.00000000,1
1503074264,18767340,0.14626,100.00000000,1
1503074260,18767335,0.14626,100.00000000,1
1503074258,18767333,0.14626,100.00000000,1
1503074256,18767329,0.14626,100.00000000,1
1503074255,18767327,0.14626,840.24700000,1
1503074253,18767322,0.14626,100.00000000,1
1503074252,18767321,0.14626,840.23900000,1
1503074242,18767311,0.14632,3.34926000,1
1503074242,18767310,0.14633,2232.70074000,1
1503074207,18767284,0.14628,3735.85000000,1
1503074198,18767281,0.14638,264.79027189,0
1503074198,18767280,0.14627,698.28700000,1
1503074194,18767276,0.14625,100.00000000,1
1503074193,18767275,0.14626,1210.51000000,1
1503074182,18767259,0.14625,1698.76721000,1
1503074181,18767258,0.14607,0.00001000,0
1503074181,18767257,0.14607,2818.55879000,0
1503074180,18767256,0.14606,205.58782000,0
1503074180,18767255,0.14606,1027.93909000,0
1503074180,18767254,0.14590,37.00000000,0
1503074165,18767216,0.14558,34.41000000,0
1503074161,18767213,0.14550,100.00000000,0
1503074155,18767210,0.14548,1.61000000,1
1503074154,18767209,0.14549,535.00000000,1
1503074154,18767208,0.14549,535.00000000,1
1503074151,18767186,0.14544,500.00000000,0
1503074151,18767185,0.14540,35.00000000,0
1503074147,18767170,0.14533,0.00000591,0
1503074147,18767168,0.14533,0.00002000,0
1503074147,18767166,0.14532,686.48818000,0
1503074136,18767109,0.14533,2303.57630000,0
1503074136,18767108,0.14528,221.44780000,0
1503074135,18767107,0.14528,1107.23900000,0
1503074130,18767095,0.14514,2434.99788600,0
1503074129,18767093,0.14455,2454.26713200,0
1503074128,18767092,0.14455,3545.63697300,1
1503074123,18767087,0.14456,138.85000000,1
1503074098,18767058,0.14512,9791.21567344,0
1503074040,18766997,0.14436,100.00000000,1
1503074023,18766980,0.14465,957.62213500,1
1503074020,18766972,0.14465,2715.43184000,1
1503074011,18766952,0.14461,1075.48064900,0
1503074010,18766951,0.14461,2125.20195100,1
1503074010,18766950,0.14461,1075.48064900,1
1503074004,18766943,0.14461,1039.12654400,1
1503074003,18766942,0.14461,3728.87345600,1
1503073998,18766936,0.14461,100.00000000,1
1503073993,18766935,0.14420,100.00000000,1
1503073988,18766932,0.14533,529.21062409,0
1503073988,18766931,0.14500,8000.00000000,0
1503073987,18766930,0.14500,100.00000000,0
1503073987,18766929,0.14500,3933.00000000,0
1503073987,18766927,0.14500,1430.00000000,0
1503073987,18766926,0.14490,35.00000000,0
1503073986,18766925,0.14490,37.00000000,0
1503073986,18766923,0.14480,300.00000000,0
1503073986,18766922,0.14475,51.34143000,1
1503073986,18766921,0.14475,1437.62000000,1
1503073985,18766919,0.14460,2847.15949000,0
1503073985,18766918,0.14459,256.70715000,1
1503073983,18766914,0.14450,1699.36542558,0
1503073955,18766879,0.14450,525.46747404,0
1503073955,18766877,0.14449,367.19377000,0
1503073955,18766875,0.14441,308.35901224,0
1503073953,18766870,0.14440,35.00000000,0
1503073951,18766865,0.14416,100.00000000,1
1503073948,18766863,0.14416,310.65200000,1
1503073917,18766794,0.14414,158.46493100,1
1503073915,18766788,0.14414,158.39147000,1
1503073911,18766779,0.14413,99.99996503,1
1503073910,18766778,0.14413,0.00003497,1
1503073907,18766769,0.14408,8902.96036503,0
1503073905,18766764,0.14407,795.24736000,0
1503073902,18766752,0.14408,954.90692600,0
1503073902,18766749,0.14408,748.84917900,0
1503073897,18766742,0.14400,0.00000014,0
1503073893,18766738,0.14400,3850.07795700,0
1503073893,18766737,0.14400,1411.00000000,0
1503073889,18766731,0.14390,34.99999100,0
1503073885,18766721,0.14390,0.00000900,0
1503073885,18766719,0.14388,519.52509100,0
1503073875,18766700,0.14388,2341.95084900,0
1503073873,18766695,0.14384,100.00000000,1
1503073870,18766691,0.14384,100.00000000,1
1503073868,18766688,0.14384,4519.75466266,1
1503073868,18766687,0.14385,4059.15253400,1
1503073839,18766657,0.14359,1212.47807000,1
1503073838,18766655,0.14350,0.00001936,0
1503073838,18766654,0.14350,2722.03800000,0
1503073826,18766639,0.14350,10000.00000000,0
1503073826,18766638,0.14350,8559.43199000,0
1503073826,18766637,0.14349,1440.56801000,0
1503073822,18766610,0.14350,3571.73030700,0
1503073822,18766608,0.14350,10000.00000000,0
1503073820,18766607,0.14350,875.12766864,0
1503073818,18766604,0.14349,1557.87288000,0
1503073811,18766596,0.14310,100.00000000,1
1503073805,18766590,0.14349,637.60540804,0
1503073789,18766562,0.14307,2071.00000000,1
1503073773,18766532,0.14350,14271.67201500,0
1503073772,18766530,0.14340,500.00000000,0
1503073772,18766529,0.14340,35.00000000,0
1503073770,18766521,0.14331,2000.00000000,0
1503073770,18766519,0.14331,1399.00000000,0
1503073758,18766510,0.14315,2875.93710000,0
1503073758,18766507,0.14314,180.56608000,0
1503073747,18766496,0.14300,523.00000000,0
1503073747,18766493,0.14299,494.66160300,0
1503073731,18766468,0.14299,2005.33839700,0
1503073731,18766467,0.14299,43.00000000,0
1503073730,18766465,0.14290,35.00000000,0
1503073730,18766463,0.14272,100.00000000,1
1503073695,18766442,0.14270,2000.00000000,0
1503073677,18766422,0.14269,100.00000000,1
1503073658,18766416,0.14267,71.40179000,0
1503073633,18766394,0.14200,2000.00000000,0
1503073527,18766332,0.14127,35.74515000,0
1503073517,18766323,0.14182,4391.16503463,0
1503073516,18766322,0.14128,362.28197037,0
1503073511,18766316,0.14128,1897.52458400,0
1503073511,18766315,0.14127,362.28197000,0
1503073510,18766313,0.14126,72.45639000,0
1503073455,18766256,0.14128,240.19344563,0
1503073455,18766255,0.14127,947.35416000,0
1503073453,18766254,0.14125,189.47083000,0
1503073425,18766225,0.14126,88.99687000,1
1503073424,18766224,0.14126,122.88193204,0
1503073353,18766163,0.14080,9532.63050895,1
1503073351,18766162,0.14053,372.36949105,0
1503073351,18766161,0.14027,95.00000000,0
1503073196,18766051,0.14079,1736.43085446,0
1503073194,18766050,0.14072,576.94642000,0
1503073155,18766017,0.14076,141.73060529,0
1503073093,18765937,0.13978,291.84452965,1
1503073093,18765935,0.14070,2861.08255035,1
1503073072,18765915,0.14070,91.10275300,1
1503073072,18765913,0.14071,3252.47297600,1
1503073058,18765889,0.14071,1747.52702400,1
1503073006,18765791,0.14071,2488.33148800,1
1503072991,18765767,0.14071,100.00000000,1
1503072990,18765764,0.14071,100.00000000,1
1503072965,18765740,0.14071,6536.09497609,1
1503072964,18765739,0.14072,463.90502391,1
1503072900,18765654,0.14010,10153.00000000,1
1503072900,18765653,0.14011,5000.00000000,1
1503072884,18765642,0.14005,13567.56980000,0
1503072883,18765637,0.14005,3017.43020000,1
1503072859,18765623,0.13989,100.00000000,1
1503072855,18765619,0.14096,343.00533800,0
1503072855,18765618,0.14094,1002.17083000,0
1503072855,18765617,0.14094,2391.24417000,0
1503072851,18765612,0.14094,2619.61000000,0
1503072845,18765606,0.14095,362.68477800,0
1503072840,18765602,0.14095,2737.82765500,0
1503072836,18765600,0.14096,240.35224650,1
1503072833,18765598,0.14096,100.00000000,1
1503072832,18765597,0.14096,2159.64775350,1
1503072820,18765583,0.14095,2134.92000000,1
1503072818,18765581,0.14095,1362.85581015,1
1503072817,18765579,0.14096,2395.37087000,1
1503072815,18765576,0.14107,2500.00000000,1
1503072815,18765575,0.14108,616.77331985,1
1503072805,18765568,0.14200,1390.91549296,0
1503072797,18765539,0.14200,989.18131899,1
1503072796,18765536,0.14201,13003.66171000,0
1503072765,18765505,0.14204,100.00000000,1
1503072736,18765492,0.14211,2646.25504200,1
1503072735,18765491,0.14212,3398.85615000,1
1503072731,18765489,0.14211,1139.00000000,1
1503072722,18765482,0.14209,100.00000000,1
1503072716,18765481,0.14207,14338.95589800,1
1503072709,18765476,0.14207,100.00000000,1
1503072699,18765468,0.14214,70.21246658,0
1503072676,18765453,0.14215,700.00000000,1
1503072650,18765419,0.14216,2500.00000000,1
1503072640,18765401,0.14215,100.00000000,1
1503072631,18765376,0.14217,100.00000000,1
1503072628,18765373,0.14217,100.00000000,1
1503072625,18765367,0.14215,100.00000000,1
1503072622,18765363,0.14216,100.00000000,1
1503072620,18765360,0.14215,100.00000000,1
1503072617,18765357,0.14216,100.00000000,1
1503072614,18765355,0.14215,100.00000000,1
1503072612,18765350,0.14214,100.00000000,1
1503072609,18765345,0.14215,100.00000000,1
1503072607,18765341,0.14213,100.00000000,1
1503072605,18765337,0.14214,100.00000000,1
1503072595,18765327,0.14217,100.00000000,1
1503072576,18765299,0.14242,563.63065000,0
1503072572,18765296,0.14244,2003.25404982,1
1503072572,18765295,0.14243,2890.54517000,0
1503072571,18765293,0.14214,288.13209018,0
1503072569,18765289,0.14206,100.00000000,1
1503072565,18765287,0.14206,449.27200000,1
1503072538,18765260,0.14200,100.00000000,1
1503072515,18765231,0.14201,100.00000000,1
1503072499,18765217,0.14200,66.55573610,0
1503072497,18765214,0.14200,953.68835690,0
1503072497,18765212,0.14189,67.70822000,0
1503072483,18765189,0.14200,1719.88590700,0
1503072483,18765187,0.14190,400.00000000,0
1503072482,18765186,0.14189,99.08519000,0
1503072482,18765185,0.14172,2411.88036563,0
1503072481,18765184,0.14144,100.00000000,1
1503072472,18765171,0.14142,598.69100000,1
1503072469,18765163,0.14141,42.63029000,0
1503072462,18765142,0.14172,493.21313437,0
1503072462,18765141,0.14165,366.65686563,0
1503072461,18765139,0.14142,859.87000000,0
1503072460,18765136,0.14142,3140.13000000,0
1503072458,18765132,0.14110,366.32320005,0
1503072458,18765131,0.14100,1095.09154600,0
1503072454,18765124,0.14100,1813.64292500,0
1503072454,18765122,0.14099,62.38579000,0
1503072450,18765117,0.14100,11.05453900,0
1503072449,18765115,0.14070,2004.60415235,0
1503072449,18765112,0.14070,1032.70575600,0
1503072448,18765111,0.14069,74.00181000,0
1503072433,18765043,0.14070,148.02749665,0
1503072432,18765041,0.14069,85.12460000,0
1503072428,18765030,0.14004,100.00000000,0
1503072426,18765018,0.14070,3271.75036600,0
1503072425,18765015,0.14070,2768.72140300,0
1503072423,18765008,0.14070,2919.78901000,0
1503072412,18764984,0.14070,1274.40181600,0
1503072412,18764983,0.14068,3127.97578000,0
1503072410,18764972,0.14068,8029.27027500,0
1503072410,18764971,0.14068,1196.53889900,0
1503072402,18764955,0.14000,421.53580000,1
1503072402,18764953,0.14069,50.33410000,0
1503072402,18764949,0.14061,250.00000000,0
1503072397,18764930,0.14034,725.00000000,0
1503072396,18764927,0.14029,504.41058167,0
1503072395,18764917,0.14000,12188.31774547,0
1503072394,18764903,0.13999,71.75660222,1
1503072393,18764899,0.13999,71.75660222,1
1503072393,18764896,0.13999,71.75660222,1
1503072393,18764891,0.13999,71.75660222,1
1503072392,18764888,0.13999,71.75660222,1
1503072392,18764883,0.13999,71.75660222,1
1503072391,18764879,0.13999,71.75598630,1
1503072391,18764875,0.13999,71.75598630,1
1503072390,18764869,0.13999,8002.07353974,1
1503072389,18764866,0.14000,5048.80886726,1
1503072389,18764863,0.14000,29719.08714644,1
1503072388,18764860,0.14029,2106.00000000,0
1503072387,18764856,0.14000,71.75598630,1
1503072387,18764852,0.14000,71.75598630,1
1503072387,18764851,0.14000,95.87447000,1
1503072384,18764834,0.14029,324.22337833,0
1503072384,18764832,0.14000,7300.00000000,0
1503072384,18764830,0.14000,200.00000000,0
1503072384,18764829,0.14000,187.02662167,0
1503072384,18764827,0.14000,1000.00000000,0
1503072383,18764825,0.14000,38.75000000,0
1503072383,18764822,0.14000,700.00000000,0
1503072383,18764821,0.14000,250.00000000,0
1503072382,18764818,0.13999,2000.00000000,0
1503072381,18764814,0.13999,188.26577848,0
1503072381,18764813,0.13999,6995.45712000,0
1503072381,18764812,0.13999,2956.87600800,0
1503072380,18764810,0.13999,917.50281700,0
1503072380,18764808,0.13999,6469.45000000,0
1503072380,18764806,0.13999,6469.45000000,0
1503072379,18764804,0.13999,6469.45000000,0
1503072379,18764802,0.13999,6469.45000000,0
1503072379,18764800,0.13999,6469.45000000,0
1503072378,18764798,0.13999,1160.00000000,0
1503072378,18764796,0.13999,5115.37000000,0
1503072378,18764795,0.13999,7100.75934300,0
1503072378,18764793,0.13999,4968.00000000,0
1503072377,18764791,0.13999,14886.08095000,0
1503072377,18764789,0.13999,2249.60000000,0
1503072377,18764784,0.13965,7494.75367242,1
1503072375,18764776,0.13965,148.82409500,1
1503072373,18764768,0.13999,10000.00000000,0
1503072370,18764753,0.13963,3328.18724423,1
1503072365,18764734,0.13962,3328.18724423,1
1503072364,18764730,0.13999,9939.66593000,0
1503072364,18764729,0.13996,60.33407000,0
1503072360,18764715,0.13961,301.67037000,1
1503072356,18764702,0.13999,2400.04118000,0
1503072355,18764700,0.13997,99.95882000,0
1503072355,18764698,0.13959,936.39280879,0
1503072354,18764697,0.13915,799.44039172,1
1503072354,18764696,0.13959,2013.02250121,0
1503072354,18764695,0.13948,2287.18340879,0
1503072354,18764694,0.13947,200.00000000,0
1503072353,18764692,0.13946,499.79409000,0
1503072348,18764683,0.13914,547.95100000,1
1503072347,18764676,0.13913,799.44039172,1
1503072342,18764635,0.13900,4321.06585379,0
1503072341,18764630,0.13900,678.93414621,0
1503072341,18764628,0.13900,6521.51741379,0
1503072341,18764625,0.13900,1400.00000000,0
1503072341,18764622,0.13899,1399.54844000,0
1503072339,18764612,0.13890,943.08579600,0
1503072334,18764595,0.13830,232.46237000,1
1503072334,18764593,0.13830,1162.31184000,1
1503072333,18764591,0.13890,485.85300000,0
1503072330,18764584,0.13890,1571.06120400,0
1503072330,18764582,0.13890,1304.38876000,0
1503072328,18764579,0.13890,8695.61124000,0
1503072327,18764578,0.13888,1304.38876000,0
1503072327,18764576,0.13888,1659.95756000,0
1503072327,18764575,0.13883,706.00000000,0
1503072326,18764573,0.13838,1000.00000000,0
1503072326,18764571,0.13829,614.00301000,0
1503072326,18764569,0.13818,2979.42927000,0
1503072326,18764568,0.13817,540.61016000,0
1503072323,18764562,0.13795,2703.05076480,0
1503072322,18764560,0.13795,2320.83740000,0
1503072321,18764559,0.13794,2703.05080000,0
1503072317,18764558,0.13795,10000.00000000,0
1503072311,18764557,0.13795,2996.99020175,0
1503072311,18764555,0.13793,7003.00979825,0
1503072310,18764554,0.13793,6788.45450000,0
1503072310,18764553,0.13792,3211.54550000,0
1503072309,18764552,0.13791,5000.00000000,0
1503072309,18764550,0.13791,10000.00000000,0
1503072281,18764529,0.13765,729.21163906,1
1503072276,18764523,0.13764,4571.95107000,1
1503072249,18764513,0.13760,100.00000000,1
1503072209,18764507,0.13759,100.00000000,1
1503072203,18764504,0.13759,449.11500000,1
1503072189,18764493,0.13757,580.54431216,0
1503072178,18764469,0.13756,5848.70918216,1
1503072176,18764456,0.13757,12422.29081784,1
1503072176,18764452,0.13757,580.54431216,0
1503072174,18764443,0.13756,100.00000000,1
1503072133,18764277,0.13757,100.00000000,1
1503072107,18764253,0.13752,162.82118567,1
1503072107,18764252,0.13753,668.84981433,1
1503072096,18764208,0.13748,466.74184000,1
1503072096,18764207,0.13750,0.00003000,1
1503072092,18764200,0.13749,2994.44455000,0
1503072092,18764198,0.13748,716.22792000,0
1503072089,18764188,0.13714,100.00000000,1
1503072073,18764169,0.13712,100.00000000,1
1503072053,18764144,0.13704,0.00003000,0
1503072053,18764142,0.13704,999.99997000,0
1503072053,18764140,0.13700,4442.81583000,0
1503072048,18764130,0.13700,7600.04190300,0
1503072047,18764129,0.13700,23854.74226700,0
1503072047,18764128,0.13699,5000.00000000,0
1503072046,18764127,0.13698,5214.15462000,0
1503072046,18764126,0.13680,3009.61194000,0
1503072046,18764125,0.13679,1192.98416000,0
1503072045,18764123,0.13678,238.59683000,0
1503072045,18764122,0.13678,44.35477203,0
1503072039,18764108,0.13608,306.54839000,0
1503072027,18764095,0.13575,1892.27402000,0
1503072027,18764094,0.13574,378.45480000,0
1503072021,18764090,0.13512,100.00000000,1
1503072017,18764086,0.13576,2910.02067380,0
1503072016,18764085,0.13575,271.99992620,0
1503072016,18764084,0.13539,95.00000000,0
1503072001,18764066,0.13501,277.99990000,1
1503071997,18764061,0.13674,14484.96834342,0
1503071997,18764060,0.13576,299.41724215,0
1503071997,18764059,0.13570,580.99440000,0
1503071996,18764058,0.13548,2904.97198000,0
1503071977,18764045,0.13550,175.29960000,0
1503071973,18764043,0.13550,4718.89958000,0
1503071973,18764042,0.13549,5281.10042000,0
1503071952,18764037,0.13497,100.00000000,1
1503071895,18764011,0.13497,100.00000000,1
1503071850,18763971,0.13497,100.00000000,1
1503071791,18763939,0.13499,100.00000000,1
1503071763,18763910,0.13550,0.00009271,1
1503071761,18763908,0.13550,4897.62509226,1
1503071756,18763874,0.13550,2917.99594096,1
1503071741,18763865,0.13550,1162.53000000,1
1503071728,18763856,0.13550,100.00000000,1
1503071669,18763796,0.13550,100.00000000,1
1503071660,18763784,0.13550,5119.22136100,1
1503071605,18763762,0.13550,100.00000000,1
1503071601,18763752,0.13550,1637.45124000,1
1503071594,18763746,0.13550,3685.63000000,1
1503071593,18763745,0.13551,628.80200000,1
1503071590,18763741,0.13551,3684.01000000,1
1503071589,18763739,0.13551,3684.01000000,1
1503071564,18763707,0.13552,100.00000000,1
1503071523,18763694,0.13559,100.00000000,1
1503071509,18763688,0.13558,3.64089000,1
1503071509,18763687,0.13559,2424.79911000,1
1503071388,18763596,0.13552,100.00000000,1
1503071355,18763594,0.13553,990.06700000,1
1503071353,18763592,0.13552,3803.24000000,1
1503071319,18763575,0.13547,100.00000000,1
1503071270,18763566,0.13540,100.00000000,1
1503071229,18763561,0.13536,100.00000000,1
1503071188,18763540,0.13530,100.00000000,1
1503071147,18763532,0.13525,100.00000000,1
1503071107,18763505,0.13519,100.00000000,1
1503070800,18763226,0.13432,204.16704000,1
1503070785,18763219,0.13612,439.68557155,0
1503070715,18763156,0.13508,1602.45780278,0
1503070498,18762996,0.13470,0.04020998,0
1503070477,18762967,0.13461,100.00000000,1
1503070298,18762809,0.13468,2462.65221265,0
1503070282,18762803,0.13464,1000.00000000,0
1503070213,18762738,0.13468,3703.22245322,0
1503070170,18762721,0.13458,437.28637242,0
1503069909,18762514,0.13470,953.22148002,1
1503069878,18762504,0.13470,102.00000000,1
1503069843,18762489,0.13480,100.00000000,1
1503069812,18762323,0.13557,4046.76550859,0
1503069747,18762213,0.13463,100.00000000,1
1503069709,18762065,0.13472,100.00000000,0
1503069693,18762055,0.13476,1009.54498700,1
1503069616,18761947,0.13481,100.00000000,1
1503069613,18761946,0.13517,73.83295110,0
1503069545,18761896,0.13565,1176.74161000,1
1503069543,18761895,0.13565,2500.00000000,0
1503069247,18761660,0.13470,560.22439000,1
1503069141,18761576,0.13470,439.77561000,1
1503069042,18761445,0.13538,100.00000000,0
1503068978,18761326,0.13553,100.00000000,0
1503068976,18761323,0.13552,100.00000000,0
1503068717,18761129,0.13517,859.18500000,1
1503068610,18761015,0.13514,100.00000000,1
1503068595,18761009,0.13513,1118.84000000,1
1503068569,18760962,0.13511,100.00000000,1
1503068539,18760929,0.13508,1562.11000000,1
1503068528,18760923,0.13507,100.00000000,1
1503068488,18760897,0.13502,100.00000000,1
1503068465,18760878,0.13499,396.48800000,1
1503068453,18760868,0.13528,77.78436983,0
1503068453,18760866,0.13519,278.00000000,0
1503068410,18760810,0.13495,100.00000000,1
1503068364,18760764,0.13492,3.14103000,1
1503068364,18760763,0.13493,2096.72897000,1
1503068311,18760712,0.13556,100.00000000,0
1503068239,18760667,0.13670,100.00000000,0
1503068204,18760640,0.13548,100.00000000,0
1503068168,18760616,0.13558,100.00000000,0
1503068060,18760568,0.13573,73.52832830,0
1503068045,18760557,0.13519,2068.11000000,1
1503068027,18760491,0.13516,1110.22000000,1
1503067997,18760376,0.13512,3900.38000000,1
1503067995,18760358,0.13512,1110.22000000,1
1503067983,18760350,0.13618,100.00000000,0
1503067922,18760270,0.13496,100.00000000,1
1503067887,18760246,0.13587,100.00000000,0
1503067876,18760239,0.13491,100.00000000,1
1503067820,18760197,0.13611,100.00000000,0
1503067818,18760196,0.13612,100.00000000,0
1503067816,18760193,0.13612,100.00000000,0
1503067779,18760174,0.13616,100.00000000,0
1503067766,18760165,0.13473,335.07800000,1
1503067760,18760160,0.13471,815.29500000,1
1503067749,18760156,0.13627,251.33925295,0
1503067739,18760149,0.13463,82.66082668,1
1503067727,18760141,0.13641,82.66082668,0
1503067675,18760068,0.13460,100.00000000,1
1503067658,18760049,0.13460,1884.12890000,1
1503067657,18760045,0.13460,250.00000000,1
1503067654,18760043,0.13460,1156.18963600,1
1503067597,18759983,0.13488,1084.26000000,0
1503067596,18759979,0.13425,10000.00000000,0
1503067595,18759972,0.13425,10000.00000000,0
1503067489,18759894,0.13423,2921.20000000,1
1503067425,18759854,0.13490,9210.18854507,0
1503067425,18759853,0.13489,6726.41077000,1
1503067424,18759852,0.13487,1345.28215000,1
1503067423,18759851,0.13487,1204.95156615,0
1503067382,18759814,0.13406,1445.08000000,1
1503067320,18759773,0.13453,100.00000000,0
1503067296,18759750,0.13465,20.00000000,0
1503067296,18759748,0.13436,80.00000000,0
1503067280,18759737,0.13420,5099.90410529,1
1503067280,18759736,0.13422,13003.87452000,1
1503067280,18759735,0.13425,526.32727437,1
1503067276,18759733,0.13431,100.00000000,0
1503067274,18759721,0.13425,1991.76000000,1
1503067252,18759680,0.13425,491.52466563,1
1503067252,18759679,0.13425,4508.47533437,1
1503067248,18759670,0.13426,100.00000000,0
1503067239,18759652,0.13425,5000.00000000,1
1503067234,18759644,0.13425,5638.73000000,1
1503067222,18759606,0.13426,399.00000000,1
1503067179,18759558,0.13426,73.80074000,1
1503067173,18759554,0.13463,100.00000000,0
1503067092,18759460,0.13426,324.72063000,1
1503067037,18759390,0.13466,7423.25973345,1
1503067015,18759350,0.13466,2576.74026655,1
1503067015,18759349,0.13475,316.07584145,1
1503067002,18759337,0.13475,190.00000000,1
1503066995,18759308,0.13475,1780.09000000,1
1503066988,18759271,0.13475,3370.78630000,1
1503066987,18759270,0.13475,1345.40592900,1
1503066977,18759256,0.13475,6537.76697485,1
1503066977,18759255,0.13493,40.55908415,1
1503066963,18759222,0.13499,369.50885250,0
1503066925,18759145,0.13493,365.03175726,1
1503066857,18759025,0.13493,2588.85370859,1
1503066857,18759024,0.13495,3286.30573641,1
1503066855,18759019,0.13500,131.55555556,0
1503066768,18758890,0.13500,33.20687615,0
1503066768,18758888,0.13499,43.52899216,0
1503066760,18758883,0.13500,1000.00000000,1
1503066760,18758882,0.13500,500.00000000,1
1503066760,18758881,0.13500,22.41298844,1
1503066747,18758861,0.13500,538.06833000,1
1503066747,18758858,0.13500,634.67200000,1
1503066715,18758809,0.13500,4383.23000000,1
1503066713,18758804,0.13500,4383.23000000,1
1503066706,18758783,0.13503,100.00000000,0
1503066696,18758741,0.13500,4500.00000000,1
1503066696,18758738,0.13500,134.74933000,1
1503066689,18758717,0.13500,568.29600000,1
1503066670,18758663,0.13503,709.98800000,1
1503066640,18758592,0.13501,5368.36446000,1
1503066583,18758474,0.13501,100.00000000,1
1503066570,18758449,0.13746,880.59462825,0
1503066568,18758445,0.13546,77.50767782,0
1503066568,18758443,0.13546,133.35503000,0
1503066467,18758305,0.13547,133.34516867,0
1503066465,18758304,0.13546,234.87175095,0
1503066433,18758293,0.13550,1472.32472325,0
1503066431,18758292,0.13550,467.31055904,0
1503066429,18758289,0.13528,637.93183954,0
1503066428,18758287,0.13528,73.80073910,0
1503066428,18758285,0.13511,0.00000090,0
1503066391,18758230,0.13500,1335.00000000,1
1503066387,18758227,0.13500,3500.00000000,1
1503066387,18758226,0.13500,1000.00000000,1
1503066369,18758207,0.13511,219.36536910,1
1503066364,18758195,0.13532,20.00000000,0
1503066364,18758193,0.13527,80.00000000,0
1503066362,18758187,0.13527,100.00000000,0
1503066223,18757956,0.13560,1520.00000000,1
1503066100,18757626,0.13600,1970.04115683,1
1503066098,18757625,0.13600,4800.93472900,1
1503066094,18757621,0.13600,819.72889200,1
1503066094,18757620,0.13600,1150.45932400,1
1503066078,18757590,0.13600,10123.87061000,1
1503066065,18757562,0.13600,3138.49470000,1
1503066011,18757327,0.13616,399.00000000,1
1503066000,18757278,0.13616,6703.18034900,1
1503065969,18757176,0.13610,2944.23553710,1
1503065935,18757145,0.13659,876.34526685,0
1503065883,18757085,0.13662,100.00000000,0
1503065844,18757028,0.13592,2758.56800937,1
1503065695,18756781,0.13570,5553.88692000,1
1503065509,18756607,0.13600,126.83228944,1
1503065499,18756594,0.13600,19.33472033,1
1503065499,18756592,0.13600,1122.15588457,1
1503065367,18756527,0.13669,1412.68556587,0
1503065359,18756513,0.13795,13540.12504530,0
1503065359,18756512,0.13782,3880.35569927,0
1503065359,18756511,0.13701,277.42121501,0
1503065358,18756510,0.13684,784.25906930,0
1503065358,18756509,0.13684,2500.00000000,1
1503065358,18756508,0.13670,915.55923000,0
1503065358,18756507,0.13670,4577.79617000,0
1503065356,18756506,0.13668,9851.55076000,0
1503065301,18756448,0.13668,9487.48902546,1
1503065299,18756442,0.13604,1839.30000000,1
1503065298,18756438,0.13600,5950.75000000,1
1503065263,18756405,0.13602,0.95811671,1
1503065263,18756403,0.13602,638.69188329,1
1503065219,18756355,0.13601,80.00000000,0
1503065218,18756353,0.13601,1100.06617160,0
1503065168,18756286,0.13600,2098.74448000,1
1503065159,18756279,0.13601,1270.66906000,1
1503065114,18756258,0.13620,100.00000000,1
1503064801,18755972,0.13632,335.99999000,1
1503064787,18755962,0.13746,53.95768296,0
1503064709,18755937,0.13702,1543.35133557,0
1503064457,18755830,0.13680,579.67836257,0
1503064389,18755751,0.13630,0.15373000,1
1503064388,18755750,0.13631,1047.62141000,1
1503064375,18755704,0.13627,4986.70185000,1
1503064362,18755696,0.13688,6012.12741087,0
1503064296,18755661,0.13612,0.98853000,1
1503064295,18755660,0.13613,3363.23357000,1
1503063922,18755452,0.13651,430.00000000,0
1503063796,18755329,0.13607,267.38561600,1
1503063783,18755312,0.13607,184.77584400,1
1503063742,18755250,0.13602,1351.33026000,1
1503063738,18755245,0.13782,4647.98133714,0
1503063738,18755244,0.13782,875.87536000,0
1503063736,18755241,0.13614,1735.06735869,0
1503063727,18755235,0.13601,837.41700000,1
1503063723,18755227,0.13601,467.91800000,1
1503063715,18755207,0.13601,5291.24413000,1
1503063689,18755174,0.13601,5132.62854000,0
1503063622,18755125,0.13600,5215.31541000,1
1503063609,18755112,0.13600,281.00000000,1
1503063600,18755109,0.13610,0.00000194,1
1503063589,18755099,0.13645,1238.62776768,0
1503063589,18755098,0.13615,494.65050170,0
1503063588,18755097,0.13614,95.50885333,0
1503063472,18755016,0.13615,1831.58281307,0
1503063408,18754956,0.13615,130.51736523,0
1503063407,18754954,0.13614,142.55052737,0
1503063407,18754953,0.13614,455.03210740,0
1503063404,18754941,0.13614,2000.00000000,0
1503063377,18754900,0.13615,2455.03210740,1
1503063372,18754894,0.13614,4168.88262084,1
1503063309,18754809,0.13770,48.72912128,0
1503063306,18754807,0.13610,1106.43084000,1
1503063292,18754800,0.13610,931.00000000,1
1503063274,18754785,0.13610,1962.56915806,1
1503063274,18754784,0.13613,277.42121501,1
1503063274,18754783,0.13621,0.00000162,1
1503063138,18754611,0.13740,14519.72343523,0
1503063099,18754582,0.13622,1165.13761820,1
1503063094,18754579,0.13622,1863.91058582,1
1503063054,18754535,0.13621,698.62102000,1
1503063045,18754495,0.13621,900.62660629,1
1503063044,18754493,0.13621,3638.81327209,1
1503063044,18754492,0.13621,265.91861251,1
1503063042,18754482,0.13621,4972.14228749,1
1503063042,18754481,0.13621,1503.82983251,1
1503063041,18754478,0.13621,162.63704300,1
1503063041,18754477,0.13622,1436.61043000,1
1503063041,18754476,0.13621,3571.59402449,1
1503063040,18754472,0.13621,0.00010151,1
1503063033,18754452,0.13621,2833.92841936,1
1503063033,18754450,0.13621,277.42114156,1
1503063033,18754449,0.13621,1760.00969876,1
1503063031,18754441,0.13621,366.70153881,1
1503063031,18754437,0.13621,0.00002496,1
1503062976,18754301,0.13622,1750.00000000,1
1503062957,18754278,0.13679,3176.07733000,0
1503062757,18754037,0.13655,5963.29100300,1
1503062756,18754035,0.13656,1996.47608000,1
1503062499,18753641,0.13652,231.00000000,1
1503062449,18753599,0.13693,374.00000000,0
1503062448,18753598,0.13659,336.00000000,0
1503062367,18753515,0.13700,826.73220070,1
1503062354,18753510,0.13700,250.64761000,1
1503062220,18753396,0.13760,776.16279069,0
1503062207,18753381,0.13710,1077.86323000,0
1503062150,18753317,0.13774,362.05895164,0
1503062061,18753224,0.13700,1414.51089084,0
1503062056,18753218,0.13700,1412.45194735,0
1503062044,18753199,0.13699,1079.25812890,0
1503061972,18753095,0.13675,200.00000000,1
1503061914,18753030,0.13679,1937.03329034,1
1503061774,18752887,0.13713,0.82168000,1
1503061774,18752886,0.13714,1877.26255000,1
1503061678,18752721,0.13685,6068.21126100,1
1503061678,18752719,0.13686,7778.31075000,1
1503061678,18752717,0.13694,8629.25570500,1
1503061606,18752649,0.13738,1452.17644489,0
1503061555,18752623,0.13746,1451.33129637,0
1503061387,18752539,0.13696,149.40451243,1
1503061334,18752516,0.13696,1494.04512435,1
1503061273,18752466,0.13767,5016.30656260,0
1503061272,18752464,0.13696,2558.61289000,1
1503061266,18752457,0.13696,3926.26019000,0
1503061215,18752421,0.13793,421.63872979,1
1503061214,18752420,0.13786,61.62425650,0
1503061214,18752419,0.13721,283.94530382,0
1503061214,18752418,0.13700,534.05104000,0
1503061214,18752417,0.13700,2670.25520000,0
1503061212,18752416,0.13666,336.00000000,0
1503061122,18752337,0.13620,5238.06087504,0
1503060939,18752238,0.13620,292.95154185,0
1503060758,18752118,0.13610,705.64702643,1
1503060626,18751982,0.13619,474.30000000,1
1503060547,18751921,0.13603,2388.17142000,1
1503060392,18751828,0.13600,2988.99375000,1
1503060390,18751826,0.13600,0.00000049,0
1503060327,18751798,0.13600,1454.67413100,0
1503060325,18751795,0.13600,7658.13827700,0
1503060325,18751794,0.13598,4515.67253000,0
1503060308,18751770,0.13596,1800.00000000,0
1503060296,18751722,0.13596,100.00000000,0
1503060208,18751635,0.13600,2251.76998000,1
1503060177,18751560,0.13600,748.23002000,1
1503060165,18751547,0.13620,1464.75770925,1
1503060164,18751546,0.13620,3609.07084870,1
1503060164,18751544,0.13620,6390.92915130,1
1503060164,18751541,0.13620,135.68201033,1
1503060160,18751537,0.13620,1089.24558000,1
1503060158,18751528,0.13620,6531.17993904,1
1503060157,18751525,0.13620,2243.89247063,1
1503060156,18751523,0.13620,2223.57838106,1
1503060153,18751518,0.13620,6531.17993904,1
1503060153,18751517,0.13620,1245.24167990,1
1503060153,18751514,0.13620,3221.58357708,1
1503060152,18751513,0.13620,449.06914901,1
1503060150,18751507,0.13620,4466.08127754,1
1503060149,18751503,0.13620,1863.26599637,1
1503060149,18751502,0.13620,10000.00000000,1
1503060149,18751501,0.13620,3198.50588363,1
1503060148,18751495,0.13620,4914.53252570,1
1503060147,18751488,0.13620,1886.96159067,1
1503060147,18751480,0.13620,4648.79009833,1
1503060146,18751463,0.13620,4465.46337600,1
1503060141,18751460,0.13620,885.74652567,1
1503060141,18751458,0.13620,5555.34292433,1
1503060137,18751451,0.13620,4444.65707567,1
1503060136,18751449,0.13620,20.68837221,1
1503060136,18751446,0.13620,6436.58381658,1
1503060135,18751445,0.13620,638.32800000,1
1503060134,18751444,0.13620,638.32800000,1
1503060133,18751443,0.13620,638.32800000,1
1503060130,18751440,0.13620,1627.74381121,1
1503060130,18751438,0.13620,4808.84000537,1
1503060126,18751431,0.13620,4465.22790015,1
1503060124,18751429,0.13620,725.93209448,1
1503060124,18751428,0.13620,5715.15226676,1
1503060116,18751420,0.13620,4284.84773324,1
1503060116,18751419,0.13620,2156.25439599,1
1503060032,18751310,0.13621,2214.24695851,1
1503060019,18751308,0.13621,6751.15790000,1
1503060010,18751299,0.13664,730.02049180,0
1503060006,18751289,0.13621,8434.73006000,1
1503060003,18751283,0.13665,473.39581309,0
1503060002,18751281,0.13624,260.00000000,0
1503059992,18751275,0.13622,176.00000000,1
1503059755,18751039,0.13621,5444.94151000,1
1503059742,18751032,0.13621,817.80964000,1
1503059728,18751027,0.13621,817.80964000,1
1503059715,18751021,0.13621,4746.43940000,1
1503059702,18751010,0.13621,1866.13135000,1
1503059623,18750970,0.13621,4414.62794000,1
1503059590,18750956,0.13726,1453.44601486,0
1503059558,18750943,0.13621,389.72267000,1
1503059531,18750930,0.13649,2557.91633087,0
1503059358,18750757,0.13621,2347.84340000,1
1503059261,18750700,0.13752,2179.68295521,0
1503059200,18750673,0.13620,1397.89807000,1
1503059153,18750653,0.13622,1251.57000000,1
1503059128,18750643,0.13687,1457.58749178,0
1503059038,18750589,0.13764,1063.93490264,0
1503058909,18750520,0.13786,438.37574350,0
1503058909,18750519,0.13724,327.10580005,0
1503058909,18750518,0.13724,2500.00000000,1
1503058908,18750517,0.13669,1006.37077000,0
1503058908,18750515,0.13669,5031.85386000,0
1503058908,18750514,0.13645,493.38801973,0
1503058906,18750513,0.13633,260.00000000,0
1503058776,18750448,0.13620,585.93300000,1
1503058522,18750349,0.13670,1264.31250914,0
1503058520,18750346,0.13669,195.10193883,0
1503058491,18750326,0.13676,72.97455396,0
1503058315,18750229,0.13673,719.70148401,0
1503058314,18750228,0.13673,739.37845451,0
1503058217,18750172,0.13707,145.52483770,0
1503058183,18750136,0.13621,6252.51526000,1
1503058175,18750117,0.13501,5859.91453401,0
1503058175,18750116,0.13501,10000.00000000,0
1503058174,18750115,0.13511,283.94530382,1
1503058174,18750114,0.13511,8199.10726600,0
1503058174,18750113,0.13511,10000.00000000,0
1503058174,18750112,0.13511,10000.00000000,0
1503058173,18750110,0.13594,1783.32541239,1
1503058173,18750109,0.13603,862.44170378,1
1503058172,18750108,0.13604,6208.32236000,0
1503058172,18750107,0.13611,8199.11688000,1
1503058171,18750106,0.13612,13042.96732000,0
1503058170,18750105,0.13612,5560.85922000,1
1503058145,18750103,0.13660,4091.01023949,1
1503058137,18750097,0.13660,5021.80216900,1
1503058089,18750076,0.13665,284.66886206,0
1503058014,18750019,0.13662,160.20000000,1
1503058008,18750014,0.13661,3570.65389600,1
1503057908,18749959,0.13724,363.45088895,1
1503057882,18749948,0.13725,1453.55191256,0
1503057761,18749907,0.13603,5685.99292570,0
1503057721,18749871,0.13599,1317.49444000,1
1503057698,18749868,0.13596,1973.31700000,0
1503057629,18749818,0.13597,260.00000000,0
1503057601,18749795,0.13598,327.99992000,1
1503057577,18749788,0.13597,1567.46242000,1
1503057560,18749780,0.13602,733.34803705,0
1503057551,18749774,0.13595,1783.32541000,1
1503057527,18749743,0.13603,1018.00000074,0
1503057526,18749740,0.13595,0.00000026,0
1503057526,18749738,0.13595,943.44023100,0
1503057526,18749737,0.13595,2006.49481420,0
1503057525,18749736,0.13595,1905.01311080,0
1503057525,18749734,0.13594,94.71444600,0
1503057525,18749733,0.13594,1685.35157400,0
1503057476,18749708,0.13594,73.34117993,0
1503057413,18749693,0.13581,259.47298400,0
1503057198,18749589,0.13595,539.75738815,0
1503057165,18749571,0.13594,58.59242930,0
1503056839,18749423,0.13588,366.82603898,0
1503056815,18749411,0.13595,505.16447296,0
1503056815,18749410,0.13562,1264.72499000,0
1503056814,18749409,0.13553,6323.62493000,0
1503056772,18749391,0.13555,1103.79933603,0
1503056598,18749322,0.13578,73.42760347,0
1503056560,18749304,0.13561,2979.42927000,1
1503056547,18749301,0.13565,250.00000000,1
1503056534,18749285,0.13580,692.14662000,1
1503056518,18749270,0.13595,0.00007355,1
1503056517,18749268,0.13595,327.99992645,1
1503056517,18749266,0.13595,328.00000000,1
1503056517,18749265,0.13595,328.00000000,1
1503056516,18749262,0.13595,328.00000000,1
1503056515,18749259,0.13595,328.00000000,1
1503056515,18749258,0.13595,328.00000000,1
1503056515,18749256,0.13595,328.00000000,1
1503056515,18749254,0.13595,328.00000000,1
1503056514,18749252,0.13595,328.00000000,1
1503056499,18749229,0.13600,428.24345589,1
1503056499,18749221,0.13603,10000.00000000,1
1503056498,18749218,0.13603,10000.00000000,1
1503056498,18749217,0.13603,14.42904264,1
1503056497,18749211,0.13603,428.24345589,1
1503056497,18749208,0.13603,9557.32750147,1
1503056497,18749207,0.13603,3745.91387871,1
1503056495,18749199,0.13603,6254.08612129,1
1503056495,18749197,0.13603,2076.78876871,1
1503056494,18749195,0.13603,2225.84892800,1
1503056494,18749192,0.13604,883.85409000,1
1503056492,18749178,0.13704,878.50578633,0
1503056491,18749173,0.13604,1027.38478573,0
1503056491,18749172,0.13604,880.73672794,0
1503056488,18749165,0.13603,4464.29449387,1
1503056488,18749163,0.13603,504.19156000,1
1503056488,18749158,0.13604,146.64804469,0
1503056485,18749145,0.13603,728.87624942,1
1503056485,18749144,0.13603,2129.17146065,1
1503056481,18749127,0.13604,0.71920737,1
1503056481,18749122,0.13604,1027.38477263,1
1503056468,18749076,0.13604,8971.89602000,1
1503056455,18749012,0.13605,780.35372000,1
1503056440,18748928,0.13678,0.00007311,1
1503056334,18748604,0.13678,1999.99992689,1
1503056322,18748601,0.13650,3468.27925000,1
1503056180,18748559,0.13632,142.00000000,1
1503056151,18748533,0.13627,1201.00000000,1
1503056105,18748526,0.13690,1457.26807888,0
1503055940,18748450,0.13749,2909.75605498,0
1503055940,18748449,0.13685,1094.43310194,0
1503055940,18748448,0.13684,486.80711000,1
1503055938,18748447,0.13684,597.77686000,0
1503055935,18748446,0.13643,515.42341663,0
1503055842,18748377,0.13643,2824.51979337,0
1503055841,18748376,0.13642,4750.53302000,0
1503055782,18748245,0.13600,7870.82853935,0
1503055781,18748244,0.13600,3186.69193400,0
1503055753,18748234,0.13599,36.69387455,0
1503055730,18748226,0.13599,130.00000000,0
1503055688,18748211,0.13596,5585.84490000,1
1503055667,18748195,0.13598,1254.30807000,0
1503055667,18748194,0.13598,780.08621600,0
1503055636,18748168,0.13598,3620.00000000,0
1503055632,18748166,0.13599,1477.62022000,0
1503055619,18748161,0.13591,328.00000000,0
1503055613,18748159,0.13600,7945.78318400,0
1503055612,18748157,0.13602,12991.39769000,1
1503055385,18748053,0.13643,3339.94321000,1
1503055371,18748046,0.13643,6660.05679000,1
1503055233,18747957,0.13644,100.00000000,1
1503055220,18747951,0.13644,291.97194554,1
1503055205,18747940,0.13649,274.19264839,1
1503055205,18747938,0.13667,17.80727835,1
1503055136,18747888,0.13676,3646.89967827,0
1503054927,18747701,0.13685,9895.56689806,0
1503054925,18747699,0.13684,5411.80703000,0
1503054909,18747664,0.13667,44.16681984,1
1503054778,18747527,0.13685,441.66819842,1
1503054742,18747489,0.13680,4416.68198421,1
1503054694,18747480,0.13676,4500.00000000,1
1503054646,18747461,0.13670,4500.00000000,1
1503054544,18747379,0.13720,2199.03730200,1
1503054505,18747307,0.13788,289.38207136,0
1503054504,18747306,0.13715,526.63911000,1
1503054504,18747305,0.13716,777.46089000,1
1503054445,18747274,0.13709,1463.40000000,1
1503054400,18747247,0.13796,350.03269918,0
1503054398,18747241,0.13771,373.60750000,0
1503054356,18747214,0.13776,108.43722818,0
1503054348,18747211,0.13800,1607.36116811,1
1503054348,18747210,0.13790,37.00000000,0
1503054347,18747209,0.13778,2327.41571000,0
1503054347,18747208,0.13776,2800.77451400,1
1503054345,18747207,0.13759,465.48314000,0
1503054335,18747204,0.13784,271.38256790,1
1503054335,18747203,0.13761,415.30093000,0
1503054333,18747202,0.13760,37.59495538,0
1503054279,18747114,0.13708,4500.00000000,1
1503054266,18747103,0.13708,100.00000000,1
1503054249,18747096,0.13706,2619.30537000,1
1503054212,18747071,0.13702,100.00000000,1
1503054211,18747070,0.13702,4500.00000000,1
1503054187,18747059,0.13765,38.79109996,0
1503054185,18747057,0.13700,1250.48533653,0
1503054185,18747056,0.13700,239.44462764,0
1503054174,18747049,0.13700,1546.23996000,0
1503054173,18747048,0.13699,4271.40000000,1
1503054159,18747045,0.13700,364.08759124,0
1503054116,18747034,0.13680,1466.10000000,1
1503054110,18747030,0.13679,1279.80000000,1
1503054105,18747029,0.13680,292.00000000,1
1503054042,18746991,0.13671,1547.10000000,1
1503054031,18746989,0.13699,873.78640777,0
1503053764,18746784,0.13701,3380.71569344,1
1503053764,18746783,0.13794,4528.34727301,1
1503053763,18746782,0.13700,113.92410722,1
1503053763,18746781,0.13700,899.91631000,1
1503053762,18746779,0.13700,251.48642336,0
1503053754,18746773,0.13700,48.51357664,0
1503053754,18746772,0.13680,187.50606126,0
1503053753,18746771,0.13670,83.74906504,0
1503053753,18746770,0.13669,579.88056000,0
1503053753,18746769,0.13644,3510.22359000,0
1503053751,18746768,0.13643,2899.40281000,0
1503053700,18746733,0.13641,1170.00219925,0
1503053557,18746558,0.13680,262.49393874,0
1503053361,18746340,0.13680,383.55584795,0
1503053361,18746339,0.13679,2992.30893000,0
1503053359,18746337,0.13677,598.46179000,0
1503053234,18746263,0.13662,1483.21665934,1
1503053233,18746259,0.13662,437.00000000,0
1503053169,18746196,0.13664,1825.01463700,0
1503053052,18746047,0.13665,2390.34028540,0
1503052956,18745939,0.13680,5000.00000000,1
1503052861,18745845,0.13768,11986.07200100,1
1503052855,18745833,0.13768,717.30000000,1
1503052824,18745817,0.13763,582.00000000,1
1503052811,18745809,0.13761,582.00000000,1
1503052778,18745790,0.13795,614.59224356,0
1503052719,18745703,0.13796,668.98231371,1
1503052718,18745702,0.13790,37.00000000,0
1503052718,18745701,0.13786,923.97817000,0
1503052718,18745700,0.13772,1075.50000000,1
1503052716,18745698,0.13772,913.86446000,0
1503052652,18745667,0.13719,66.60000000,1
1503052547,18745578,0.13770,100.00000000,1
1503052420,18745503,0.13751,1187.33287000,1
1503052364,18745469,0.13841,1126.66418435,1
1503052364,18745468,0.13841,6313.40040400,1
1503052364,18745466,0.13841,1310.27755200,1
1503052364,18745465,0.13841,2184.43730800,1
1503052363,18745462,0.13841,1396.03649945,1
1503052363,18745460,0.13841,81.76543210,1
1503052362,18745458,0.13840,251.25929010,0
1503052355,18745453,0.13875,2534.10190990,1
1503052354,18745451,0.13850,244.67400819,0
1503052354,18745450,0.13840,37.00000000,0
1503052353,18745449,0.13790,37.00000000,0
1503052353,18745448,0.13789,232.83563000,0
1503052353,18745447,0.13784,60.10824796,0
1503052351,18745433,0.13761,272.60190000,0
1503052351,18745432,0.13761,182.61127432,0
1503052319,18745413,0.13761,89.99062568,0
1503052317,18745412,0.13755,272.60190000,0
1503052284,18745396,0.13706,1833.58291000,1
1503052192,18745245,0.13726,1453.44601486,0
1503052076,18745134,0.13662,73.00000000,1
1503051560,18744715,0.13779,272.36446766,0
1503051558,18744708,0.13767,89.71380292,0
1503051536,18744648,0.13882,8905.17950100,1
1503051536,18744647,0.13850,150.00000000,0
1503051536,18744646,0.13840,37.00000000,0
1503051535,18744645,0.13790,37.00000000,0
1503051535,18744644,0.13710,551.95820057,0
1503051533,18744643,0.13692,793.74989000,0
1503051533,18744642,0.13692,3968.74947000,0
1503051523,18744635,0.13693,7372.40786200,0
1503051284,18744439,0.13562,3320.61942595,1
1503051284,18744437,0.13563,10255.56470300,1
1503051284,18744436,0.13563,5079.10682900,1
1503051283,18744435,0.13581,1816.02054315,1
1503051283,18744434,0.13712,5014.93813600,1
1503051283,18744433,0.13713,9796.72625900,1
1503051281,18744430,0.13827,9717.02410390,1
1503051277,18744421,0.13827,282.97589610,1
1503051277,18744419,0.13827,37.16802522,1
1503051274,18744412,0.13827,9962.83197478,1
1503051274,18744410,0.13827,10000.00000000,1
1503051273,18744406,0.13827,10000.00000000,1
1503051273,18744404,0.13827,5212.35768122,1
1503051271,18744403,0.13827,313.45419700,1
1503051222,18744371,0.13827,986.00500000,1
1503051221,18744370,0.13827,3488.18312178,1
1503051221,18744369,0.13827,2333.83687822,1
1503051220,18744368,0.13827,6301.26000000,1
1503051213,18744360,0.13827,540.78700000,1
1503051159,18744322,0.13827,527.35671300,1
1503051153,18744321,0.13827,296.75940878,1
1503051153,18744320,0.13827,5713.00059122,1
1503051106,18744289,0.13827,4286.99940878,1
1503051106,18744288,0.13827,6821.92641722,1
1503051106,18744287,0.13828,13000.00000000,1
1503051105,18744286,0.13829,9794.81324000,1
1503051024,18744247,0.13827,2210.06180700,1
1503050988,18744224,0.13827,139.33291000,1
1503050943,18744197,0.13864,2158.46797461,0
1503050931,18744184,0.13866,3596.92773691,0
1503050916,18744175,0.13827,828.67886578,1
1503050916,18744173,0.13827,10000.00000000,1
1503050916,18744172,0.13827,10000.00000000,1
1503050916,18744171,0.13827,2940.98913222,1
1503050916,18744170,0.13838,500.00000000,1
1503050915,18744169,0.13838,18.12165700,1
1503050913,18744168,0.13838,481.87834300,1
1503050913,18744167,0.13838,500.00000000,1
1503050901,18744161,0.13838,500.00000000,1
1503050900,18744160,0.13838,500.00000000,1
1503050900,18744159,0.13838,500.00000000,1
1503050900,18744158,0.13839,13000.00000000,1
1503050885,18744146,0.13839,3172.81642700,1
1503050884,18744145,0.13838,500.00000000,1
1503050884,18744144,0.13838,500.00000000,1
1503050807,18744083,0.13875,89.87387387,0
1503050798,18744055,0.13839,4994.67000000,1
1503050781,18744043,0.13839,4996.50244828,1
1503050778,18744038,0.13839,4999.99992775,1
1503050644,18743927,0.13839,7505.00000000,1
1503050415,18743821,0.13841,37.00000000,1
1503050413,18743819,0.13885,462.38300324,0
1503050413,18743818,0.13884,1000.00000000,1
1503050412,18743815,0.13884,513.31116000,0
1503050390,18743806,0.13885,14154.90788620,0
1503050390,18743805,0.13884,213.20253981,0
1503050390,18743804,0.13880,718.65994236,1
1503050386,18743803,0.13884,179.63123019,0
1503050234,18743723,0.13838,500.00000000,0
1503050225,18743710,0.13818,1742.88280887,0
1503050225,18743708,0.13817,311.02416000,0
1503050225,18743707,0.13813,5005.10389891,0
1503050225,18743706,0.13813,1581.76480986,0
1503050225,18743703,0.13807,1555.12080000,0
1503050175,18743633,0.13801,1445.54742409,0
1503050034,18743466,0.13798,1093.37049000,0
1503049866,18743405,0.13808,3136.88560986,0
1503049865,18743404,0.13806,4085.31889709,0
1503049864,18743403,0.13797,700.00000000,0
1503049862,18743402,0.13796,2917.44497000,0
1503049705,18743267,0.13786,178.03301160,0
1503049704,18743266,0.13786,38.92622240,0
1503049586,18743173,0.13767,2791.12983162,0
1503049584,18743170,0.13755,117.95824971,0
1503049530,18743132,0.13739,2178.03333575,0
1503049417,18742936,0.13752,2901.39616056,0
1503049384,18742906,0.13754,1000.00000000,0
1503049353,18742847,0.13758,3222.94092212,1
1503049262,18742747,0.13760,1000.00000000,1
1503049219,18742725,0.13771,473.27900000,0
1503049193,18742705,0.13779,617.40600000,0
1503049002,18742493,0.13806,1087.86470092,0
1503049000,18742491,0.13792,357.44924155,0
1503048981,18742480,0.13792,361.58642691,0
1503048853,18742438,0.13800,636.14572000,1
1503048851,18742436,0.13800,1566.85428000,1
1503048851,18742435,0.13800,3735.56479000,1
1503048838,18742425,0.13800,1473.12391000,1
1503048838,18742424,0.13800,5208.68870000,1
1503048832,18742423,0.13801,13000.94203000,1
1503048832,18742422,0.13801,5208.68870000,1
1503048832,18742421,0.13801,3319.07251500,1
1503048779,18742377,0.13802,1192.13040700,1
1503048779,18742376,0.13802,7127.30016600,1
1503048632,18742299,0.13803,699.97100000,1
1503048581,18742215,0.13801,300.00000000,1
1503048568,18742210,0.13801,1589.61618500,1
1503048568,18742209,0.13801,1504.31381500,1
1503048468,18742141,0.13801,2998.38253700,1
1503048466,18742134,0.13801,705.99234800,1
1503048466,18742132,0.13801,2210.30607300,1
1503048465,18742130,0.13801,2998.38262700,1
1503048463,18742126,0.13801,5244.85070000,1
1503048463,18742125,0.13801,5244.85070000,1
1503048463,18742124,0.13801,4877.81839105,1
1503048463,18742123,0.13812,10616.36892300,1
1503048463,18742122,0.13813,3070.80530000,1
1503048463,18742121,0.13813,10000.00000000,1
1503048455,18742110,0.13810,2379.86596700,0
1503048454,18742107,0.13811,5914.68099200,1
1503048453,18742104,0.13808,1551.43380000,1
1503048453,18742103,0.13810,1175.22527800,1
1503048452,18742101,0.13810,3193.90507200,1
1503048452,18742098,0.13818,830.14908091,0
1503048402,18742051,0.13801,367.03230895,1
1503048402,18742050,0.13801,36.16201105,1
1503048402,18742049,0.13799,5208.68868895,0
1503048401,18742048,0.13799,36.16204073,0
1503048396,18742044,0.13799,36.16204073,0
1503048390,18742038,0.13799,3381.52301400,0
1503048390,18742037,0.13798,618.71251000,0
1503048229,18741902,0.13799,180.66526559,0
1503048129,18741817,0.13799,1016.17396700,0
1503048128,18741816,0.13798,741.16900000,0
1503048059,18741738,0.13798,438.33200000,0
1503048025,18741681,0.13798,121.50355123,0
1503048023,18741680,0.13797,962.99876785,0
1503048006,18741655,0.13762,1154.69268000,1
1503047966,18741626,0.13799,2.06848000,0
1503047965,18741625,0.13798,1379.75152000,0
1503047940,18741591,0.13765,1353.00000000,1
1503047882,18741573,0.13799,138.55650300,0
1503047880,18741572,0.13798,1307.22270000,0
1503047873,18741569,0.13759,280.65765141,1
1503047867,18741564,0.13758,281.47884867,1
1503047867,18741563,0.13758,281.48124728,1
1503047866,18741560,0.13758,105.74348880,1
1503047864,18741559,0.13751,2486.82141313,0
1503047864,18741558,0.13749,3621.53408000,0
1503047864,18741557,0.13749,10000.00000000,0
1503047864,18741556,0.13749,5380.03856000,0
1503047863,18741555,0.13739,1713.27639000,0
1503047863,18741554,0.13736,2422.23754000,0
1503047863,18741552,0.13735,484.44751000,0
1503047829,18741512,0.13697,100.00000000,0
1503047789,18741490,0.13700,100.00000000,0
1503047751,18741445,0.13618,5457.82509055,1
1503047751,18741444,0.13618,4607.21074200,1
1503047751,18741443,0.13619,934.96416745,1
1503047730,18741434,0.13704,100.00000000,0
1503047659,18741288,0.13602,298.50705154,1
1503047650,18741286,0.13719,100.00000000,0
1503047415,18741118,0.13718,100.00000000,0
1503047323,18741056,0.13725,65.10370839,0
1503047307,18741033,0.13724,100.00000000,0
1503047252,18740998,0.13738,100.00000000,0
1503047224,18740979,0.13708,0.00005836,1
1503047186,18740972,0.13709,100.00000000,0
1503047176,18740964,0.13708,174.59994164,1
1503047146,18740906,0.13710,100.00000000,0
1503047085,18740830,0.13716,100.00000000,0
1503047025,18740810,0.13720,100.00000000,0
1503047016,18740794,0.13720,72.88099000,0
1503047008,18740788,0.13721,2.30391282,0
1503047008,18740787,0.13719,1536.71608718,0
1503047005,18740786,0.13698,412.52100000,1
1503046988,18740780,0.13722,9.50731119,0
1503046988,18740779,0.13721,1777.66882881,0
1503046987,18740778,0.13721,4560.07386000,0
1503046973,18740769,0.13722,262.79999999,0
1503046971,18740766,0.13722,262.79999999,0
1503046968,18740760,0.13722,4608.59000000,0
1503046967,18740758,0.13722,262.79999999,0
1503046963,18740754,0.13722,100.00000000,0
1503046945,18740744,0.13725,8.19764000,0
1503046945,18740743,0.13723,5467.35236000,0
1503046929,18740730,0.13698,3650.82923100,1
1503046925,18740729,0.13698,100.50245000,1
1503046893,18740704,0.13698,5011.29173919,1
1503046892,18740703,0.13698,684.84252381,1
1503046872,18740689,0.13698,2604.25529673,1
1503046872,18740688,0.13700,17935.69470327,1
1503046863,18740680,0.13700,1596.18366800,1
1503046840,18740669,0.13736,100.00000000,0
1503046833,18740663,0.13701,3999.62408800,1
1503046820,18740656,0.13736,4500.00000000,0
1503046818,18740653,0.13700,2311.33294259,1
1503046817,18740652,0.13702,4881.20754341,1
1503046817,18740651,0.13702,5118.79245659,1
1503046817,18740650,0.13702,5118.79245741,1
1503046814,18740648,0.13702,4068.99497300,1
1503046810,18740640,0.13702,812.21256959,1
1503046810,18740639,0.13703,0.00000041,1
1503046798,18740609,0.13703,2999.22015800,1
1503046797,18740608,0.13738,2178.26466735,0
1503046793,18740607,0.13703,1594.56000000,1
1503046785,18740603,0.13703,5406.21984159,1
1503046785,18740602,0.13703,3677.39023341,1
1503046782,18740600,0.13703,3333.33310000,1
1503046779,18740598,0.13703,1260.44705800,1
1503046740,18740587,0.13731,26.80671638,0
1503046738,18740583,0.13730,73.19328362,0
1503046597,18740503,0.13731,1537.52217087,0
1503046596,18740502,0.13730,221.79782913,0
1503046536,18740469,0.13703,1728.82960859,1
1503046536,18740468,0.13703,3229.19255941,1
1503046491,18740443,0.13706,4500.00010000,1
1503046491,18740442,0.13706,4500.00010000,1
1503046491,18740441,0.13706,220.41532600,1
1503046490,18740440,0.13706,3423.46926100,1
1503046485,18740428,0.13747,1954.41969141,1
1503046483,18740427,0.13739,163.05030859,0
1503046342,18740355,0.13706,83.71551300,1
1503046316,18740302,0.13706,772.40000000,1
1503046314,18740301,0.13736,27.60000000,1
1503046240,18740257,0.13708,18369.00000000,0
1503046235,18740254,0.13708,4500.00000000,0
1503046144,18740146,0.13708,7009.54464228,1
1503046143,18740143,0.13730,0.00015372,1
1503046092,18740079,0.13751,2488.48951959,1
1503046091,18740078,0.13751,4765.52837000,0
1503046033,18740017,0.13752,466.17189725,0
1503046032,18740016,0.13731,1855.15577890,1
1503046031,18740015,0.13731,310.80511586,0
1503046031,18740014,0.13731,999.30048965,0
1503045976,18739919,0.13730,919.81922797,1
1503045974,18739913,0.13730,2592.75663265,0
1503045971,18739911,0.13730,407.24336735,0
1503045971,18739910,0.13730,992.91562755,0
1503045970,18739908,0.13720,52.90211688,0
1503045968,18739906,0.13707,599.47700000,1
1503045951,18739892,0.13730,7.08429963,0
1503045951,18739891,0.13721,2362.32914000,0
1503045951,18739890,0.13721,2360.67656037,0
1503045948,18739878,0.13721,0.00007832,1
1503045945,18739871,0.13721,2362.32905765,1
1503045942,18739870,0.13721,2137.67093980,1
1503045942,18739868,0.13721,1451.29629159,1
1503045936,18739865,0.13721,3048.70380841,1
1503045935,18739864,0.13729,0.00007615,1
1503045922,18739857,0.13729,588.97712871,1
1503045921,18739850,0.13730,0.21760811,1
1503045920,18739841,0.13730,310.80519764,1
1503045911,18739786,0.13730,588.97712871,1
1503045909,18739772,0.13729,411.02279514,1
1503045909,18739768,0.13731,588.97713203,1
1503045908,18739763,0.13731,411.02286797,1
1503045872,18739734,0.13737,83.71551285,0
1503045772,18739684,0.13747,36.29882884,0
1503045742,18739658,0.13729,6324.93960000,1
1503045736,18739650,0.13729,73.00000000,1
1503045732,18739647,0.13729,2818.31510600,1
1503045725,18739636,0.13729,783.74529400,1
1503045725,18739634,0.13729,10000.00000000,1
1503045725,18739633,0.13729,10000.00000000,1
1503045724,18739632,0.13729,10000.00000000,1
1503045724,18739631,0.13729,4938.04470600,1
1503045713,18739618,0.13750,1820.59627217,0
1503045699,18739608,0.13729,2885.87707000,1
1503045699,18739607,0.13730,897.05643000,1
1503045699,18739606,0.13735,2000.00000000,1
1503045698,18739602,0.13744,410.16460000,1
1503045666,18739539,0.13751,1.74877586,1
1503045657,18739498,0.13751,2498.25122414,1
1503045624,18739423,0.13752,1278.47985748,1
1503045621,18739414,0.13752,3724.14245201,1
1503045609,18739395,0.13752,583.59148595,1
1503045345,18739199,0.13797,530.58259041,0
1503045343,18739198,0.13781,149.23093634,0
1503045341,18739196,0.13754,5000.00000000,1
1503045337,18739195,0.13781,36.20927364,0
1503045327,18739194,0.13781,36.20927364,0
1503045311,18739183,0.13781,36.20927364,0
1503045282,18739167,0.13781,36.20927364,0
1503045254,18739136,0.13781,36.20927364,0
1503045117,18739045,0.13796,361.48158886,0
1503045113,18739038,0.13736,410.16460393,1
1503045111,18739037,0.13738,336.13196946,1
1503045011,18738873,0.13789,700.00000000,0
1503044887,18738757,0.13736,186.64642275,1
1503044886,18738755,0.13740,100.00000000,1
1503044847,18738742,0.13736,2166.32760630,1
1503044553,18738538,0.13815,5322.27709011,0
1503044551,18738534,0.13786,93.26436002,0
1503044502,18738515,0.13787,381.19172721,0
1503044501,18738514,0.13787,282.61927279,0
1503044238,18738245,0.13736,764.28589523,1
1503044217,18738208,0.13733,3000.00000000,1
1503044200,18738199,0.13732,100.00000000,1
1503044179,18738180,0.13742,4500.00043663,1
1503044108,18738066,0.13741,1999.99992723,1
1503044089,18738048,0.13737,100.00000000,1
1503044079,18738046,0.13736,101.41050797,1
1503044048,18738035,0.13730,100.00000000,1
1503043974,18738012,0.13747,1952.61991708,1
1503043969,18738004,0.13744,1334.99992725,1
1503043968,18738002,0.13745,100.00000000,1
1503043938,18737987,0.13740,1960.93995634,1
1503043925,18737966,0.13739,2226.39995633,1
1503043924,18737965,0.13797,100.00000000,0
1503043920,18737960,0.13737,2226.46989882,1
1503043912,18737954,0.13736,100.00000000,1
1503043911,18737951,0.13735,4393.67000000,1
1503043910,18737950,0.13735,517.99992720,1
1503043898,18737945,0.13818,406.39738022,0
1503043897,18737944,0.13800,100.00000000,0
1503043897,18737943,0.13780,2000.00000000,0
1503043896,18737942,0.13779,290.71968000,0
1503043896,18737941,0.13772,1453.59841000,0
1503043894,18737939,0.13749,2994.44455000,0
1503043862,18737897,0.13730,1227.75404225,1
1503043848,18737886,0.13729,100.00000000,1
1503043800,18737870,0.13722,200.00000000,1
1503043767,18737855,0.13722,100.00000000,1
1503043730,18737844,0.13722,328.20500000,1
1503043729,18737843,0.13722,1385.42000000,1
1503043726,18737842,0.13722,100.00000000,1
1503043712,18737836,0.13705,0.00002423,0
1503043712,18737833,0.13705,4499.99997577,0
1503043711,18737832,0.13705,0.00012423,0
1503043708,18737828,0.13705,4499.99987577,0
1503043687,18737815,0.13705,100.00000000,1
1503043627,18737752,0.13704,100.00000000,1
1503043624,18737748,0.13703,3891.14294993,1
1503043623,18737745,0.13703,1329.25157000,1
1503043622,18737744,0.13700,191.40000000,0
1503043622,18737742,0.13700,1359.01292066,0
1503043621,18737739,0.13700,10000.00000000,0
1503043621,18737737,0.13700,2240.98707934,0
1503043621,18737735,0.13699,7759.01292066,0
1503043620,18737731,0.13699,10000.00000000,0
1503043620,18737729,0.13698,6710.90217946,1
1503043619,18737727,0.13698,8943.45281714,1
1503043619,18737724,0.13699,7759.01299000,1
1503043619,18737720,0.13699,5186.44461378,1
1503043617,18737712,0.13699,4813.55538622,1
1503043612,18737703,0.13698,1056.54718286,1
1503043611,18737702,0.13698,1594.57691787,1
1503043611,18737700,0.13699,4816.92488600,1
1503043609,18737698,0.13700,10000.00000000,0
1503043607,18737695,0.13698,343.64017532,1
1503043607,18737693,0.13699,100.00000000,0
1503043606,18737691,0.13698,3257.27434081,1
1503043605,18737690,0.13690,554.00666762,1
1503043605,18737689,0.13690,9000.00005251,1
1503043605,18737688,0.13691,3257.27449200,1
1503043604,18737685,0.13697,154.14507000,0
1503043602,18737680,0.13690,999.99994749,1
1503043602,18737679,0.13690,2820.24913944,1
1503043599,18737678,0.13683,1000.00000000,0
1503043599,18737677,0.13682,183.14266000,0
1503043599,18737675,0.13680,3009.61194000,0
1503043598,18737674,0.13679,650.00000000,0
1503043598,18737673,0.13673,167.04348856,0
1503043582,18737663,0.13667,1447.46469599,1
1503043573,18737648,0.13667,218.22584400,1
1503043573,18737647,0.13668,3233.61620600,1
1503043566,18737644,0.13668,100.00000000,1
1503043565,18737643,0.13667,499.99992684,1
1503043551,18737627,0.13673,218.89855920,0
1503043536,18737617,0.13667,350.35400000,1
1503043533,18737615,0.13667,3004.33164212,1
1503043532,18737614,0.13667,2257.86009058,1
1503043532,18737613,0.13668,2.03582273,1
1503043524,18737584,0.13668,2908.26606862,1
1503043518,18737573,0.13668,533.69415865,1
1503043516,18737568,0.13667,533.68771494,1
1503043512,18737566,0.13667,799.44039172,1
1503043511,18737561,0.13667,969.94761104,1
1503043508,18737559,0.13667,799.44039172,1
1503043507,18737557,0.13660,160.00000000,0
1503043506,18737553,0.13644,817.04682000,1
1503043506,18737552,0.13644,2423.13098202,0
1503043505,18737551,0.13643,100.00000000,1
1503043504,18737550,0.13641,1966.49648860,0
1503043503,18737548,0.13641,970.74870000,0
1503043501,18737547,0.13640,970.74870000,0
1503043479,18737535,0.13621,0.00004259,0
1503043479,18737534,0.13621,45.71150000,0
1503043472,18737529,0.13592,1495.80000000,1
1503043468,18737527,0.13591,443.70000000,1
1503043461,18737524,0.13610,3024.93377000,0
1503043460,18737523,0.13598,643.56427000,0
1503043456,18737519,0.13589,600.28290098,1
1503043456,18737516,0.13603,2617.53846902,1
1503043451,18737501,0.13603,986.52319342,1
1503043450,18737498,0.13603,6395.93833756,1
1503043450,18737497,0.13603,2936.30870244,1
1503043449,18737495,0.13600,1138.29133756,0
1503043449,18737494,0.13599,987.56666000,0
1503043449,18737491,0.13590,4937.83330000,0
1503043448,18737489,0.13588,10000.00000000,0
1503043447,18737488,0.13541,18.50198000,1
1503043447,18737487,0.13541,81.49800000,1
1503043445,18737486,0.13542,0.00002000,1
1503043437,18737484,0.13592,1315.46128950,0
1503043435,18737483,0.13552,888.74337023,0
1503043415,18737477,0.13539,81.49798000,0
1503043406,18737473,0.13533,931.91526424,0
1503043405,18737469,0.13533,100.00000000,1
1503043402,18737465,0.13533,6562.57990528,1
1503043402,18737463,0.13538,156.00000000,1
1503043402,18737461,0.13538,156.00000000,1
1503043402,18737460,0.13539,107.50727000,1
1503043397,18737453,0.13539,48.49273000,1
1503043397,18737452,0.13540,1018.88727000,1
1503043395,18737448,0.13540,6982.08717528,1
1503043390,18737438,0.13532,1568.63336044,1
1503043389,18737431,0.13551,586.92405000,0
1503043389,18737430,0.13542,3040.18362000,0
1503043389,18737428,0.13538,156.00000000,0
1503043388,18737424,0.13532,1488.69605318,1
1503043386,18737416,0.13531,2934.62017200,1
1503043386,18737413,0.13531,0.00009800,1
1503043385,18737411,0.13531,4503.25349200,1
1503043382,18737405,0.13529,0.00001000,0
1503043381,18737403,0.13529,4503.25360000,0
1503043339,18737388,0.13500,100.00000000,1
1503043338,18737386,0.13500,4500.00000000,1
1503043310,18737376,0.13496,328.15300000,1
1503043298,18737370,0.13496,721.80000000,1
1503043298,18737368,0.13496,100.00000000,1
1503043294,18737364,0.13498,769.56700000,1
1503043292,18737360,0.13498,771.37600000,1
1503043290,18737358,0.13498,352.29700000,1
1503043283,18737351,0.13529,3686.52524207,0
1503043258,18737335,0.13496,2613.43000000,1
1503043257,18737334,0.13496,100.00000000,1
1503043244,18737307,0.13495,3283.84943000,0
1503043241,18737294,0.13474,3055.58802000,0
1503043218,18737267,0.13465,135.00000000,0
1503043205,18737240,0.13464,100.00000000,1
1503043197,18737236,0.13461,922.50036700,1
1503043197,18737235,0.13462,3577.49963300,1
1503043140,18737187,0.13441,1878.21278501,0
1503043135,18737181,0.13422,100.00000000,1
1503043135,18737180,0.13441,1098.89526700,0
1503043132,18737178,0.13446,3610.19429400,1
1503043110,18737166,0.13444,3269.52336240,1
1503043105,18737165,0.13473,74.21701000,0
1503043076,18737143,0.13438,3341.14702560,1
1503043072,18737141,0.13436,369.53409000,1
1503043071,18737140,0.13437,9630.46591000,1
1503043040,18737125,0.13432,74.00000000,1
1503043020,18737111,0.13425,8963.83009700,0
1503043019,18737109,0.13429,3736.16990300,1
1503042976,18737058,0.13422,100.00000000,1
1503042937,18737040,0.13415,608.86400000,1
1503042936,18737037,0.13415,608.86400000,1
1503042936,18737036,0.13415,608.86400000,1
1503042935,18737034,0.13415,100.00000000,1
1503042935,18737033,0.13415,608.86400000,1
1503042891,18737002,0.13409,4517.23676000,1
1503042888,18736999,0.13406,5367.01397000,0
1503042638,18736846,0.13406,104.20707146,0
1503042547,18736803,0.13406,74.58790000,0
1503042538,18736797,0.13382,74.00000000,1
1503042335,18736549,0.13406,74.58790000,0
1503042322,18736545,0.13381,78.00000000,1
1503042142,18736437,0.13383,100.00000000,0
1503042006,18736354,0.13378,125.00000000,0
1503041937,18736309,0.13405,74.58790000,0
1503041912,18736301,0.13375,72.00000000,1
1503041881,18736287,0.13370,100.00000000,1
1503041804,18736252,0.13354,1000.00000000,0
1503041803,18736250,0.13351,379.41700000,1
1503041802,18736249,0.13352,885.49347000,1
1503041802,18736248,0.13352,4427.46734000,1
1503041799,18736246,0.13351,0.00003000,0
1503041798,18736245,0.13351,5260.35720000,0
1503041767,18736211,0.13352,62.68723786,0
1503041584,18736129,0.13352,74.88954000,0
1503041456,18736079,0.13342,23.93440000,1
1503041455,18736076,0.13343,50.06560000,1
1503041436,18735995,0.13353,700.00000000,0
1503041308,18735931,0.13329,50.06557000,0
1503041220,18735847,0.13329,74.93443000,0
1503041199,18735841,0.13304,74.59000000,1
1503040674,18735445,0.13268,74.62130000,0
1503040651,18735432,0.13176,35.35593257,0
1503040651,18735431,0.13210,40.00000000,1
1503040650,18735430,0.13223,16.21707543,1
1503040594,18735394,0.13278,2070.82502083,1
1503040591,18735392,0.13278,1498.95065917,0
1503040591,18735391,0.13277,5640.94360000,0
1503040591,18735390,0.13276,789.28072000,0
1503040589,18735389,0.13276,338.90800000,0
1503040525,18735335,0.13248,125.13960742,0
1503040525,18735334,0.13248,499.65024482,0
1503040509,18735325,0.13242,6026.21725000,0
1503040509,18735324,0.13230,344.50000000,0
1503040508,18735323,0.13229,1205.24345000,0
1503040449,18735283,0.13237,1637.51756642,0
1503040448,18735282,0.13234,379.21093158,0
1503040433,18735277,0.13234,487.86600000,0
1503040199,18735112,0.13246,37.67174996,0
1503040181,18735107,0.13223,3039.37094457,1
1503040180,18735102,0.13248,500.00000000,1
1503040097,18735059,0.13275,752.16572505,0
1503040057,18735045,0.13278,0.00007531,1
1503040056,18735044,0.13278,124.99992469,1
1503040056,18735043,0.13278,125.00000000,1
1503040056,18735041,0.13278,125.00000000,1
1503040056,18735039,0.13278,125.00000000,1
1503040056,18735038,0.13278,125.00000000,1
1503040055,18735037,0.13278,125.00000000,1
1503040055,18735035,0.13278,125.00000000,1
1503040055,18735034,0.13278,125.00000000,1
1503040055,18735033,0.13278,125.00000000,1
1503040055,18735032,0.13278,125.00000000,1
1503040055,18735031,0.13278,125.00000000,1
1503040054,18735029,0.13278,125.00000000,1
1503039788,18734874,0.13540,10354.15280649,0
1503039788,18734872,0.13538,19223.04121000,1
1503039787,18734871,0.13410,349.15049770,1
1503039787,18734869,0.13339,1173.90101000,0
1503039786,18734868,0.13309,0.81371700,0
1503039784,18734865,0.13283,5869.50504000,0
1503039702,18734808,0.13279,156.00000000,1
1503039665,18734784,0.13273,125.00000000,0
1503038990,18734555,0.13330,542.39528300,1
1503038957,18734533,0.13330,6844.94721000,1
1503038834,18734473,0.13330,950.36365500,1
1503038820,18734460,0.13330,17227.91093900,1
1503038820,18734459,0.13330,7684.62415600,1
1503038802,18734446,0.13330,950.36365400,1
1503038800,18734444,0.13330,1299.39510300,1
1503038778,18734442,0.13350,747.19101124,0
1503038743,18734434,0.13341,199.00000000,1
1503038714,18734425,0.13345,4059.66905000,1
1503038695,18734386,0.13345,6.43431000,1
1503038695,18734385,0.13346,2171.56656000,1
1503038686,18734375,0.13345,2123.75209300,1
1503038476,18734275,0.13345,689.88854500,1
1503038466,18734268,0.13345,6879.74400000,1
1503038466,18734266,0.13346,704.17252779,1
1503038465,18734264,0.13349,11336.95610000,1
1503038445,18734262,0.13358,48.08129959,0
1503038432,18734260,0.13349,2236.38000000,1
1503038414,18734257,0.13348,40.00000000,1
1503038350,18734107,0.13346,0.86400000,1
1503038350,18734106,0.13367,72.00000000,1
1503038350,18734105,0.13367,72.00000000,1
1503038349,18734104,0.13367,72.00000000,1
1503038349,18734102,0.13367,72.00000000,1
1503038348,18734100,0.13367,72.00000000,1
1503038348,18734097,0.13367,72.00000000,1
1503038347,18734094,0.13367,72.00000000,1
1503038347,18734092,0.13367,72.00000000,1
1503038198,18733955,0.13368,72.00000000,1
1503038198,18733954,0.13368,72.00000000,1
1503038197,18733952,0.13368,72.00000000,1
1503038092,18733916,0.13381,383.49900000,0
1503038035,18733890,0.13368,72.00000000,1
1503038035,18733889,0.13368,72.00000000,1
1503038034,18733888,0.13369,72.00000000,1
1503038026,18733886,0.13364,72.00000000,0
1503036816,18733295,0.13398,4961.54458905,0
1503036816,18733294,0.13395,38.45541095,0
1503036761,18733265,0.13419,1483.90040000,1
1503036700,18733260,0.13419,100.00000000,1
1503036668,18733255,0.13476,3056.07140000,1
1503036666,18733254,0.13476,4973.89380000,1
1503036665,18733253,0.13476,4973.89380000,1
1503036658,18733248,0.13480,100.00000000,1
1503036657,18733247,0.13480,980.72970500,1
1503036655,18733246,0.13480,10000.00000000,1
1503036637,18733234,0.13478,2345.20641000,1
1503036617,18733228,0.13478,100.00000000,1
1503036576,18733218,0.13489,100.00000000,1
1503036523,18733194,0.13482,100.00000000,1
1503036466,18733187,0.13473,331.77922000,0
1503036465,18733186,0.13474,0.00004000,0
1503036464,18733185,0.13474,3055.58798000,0
1503036464,18733184,0.13473,331.77922000,0
1503036443,18733181,0.13412,0.00003486,0
1503036442,18733180,0.13412,1583.90040000,0
1503036409,18733157,0.13412,364.15151319,0
1503036279,18733063,0.13338,3439.87202464,0
1503036279,18733062,0.13338,3439.87202464,0
1503036279,18733061,0.13337,1422.72171000,0
1503036279,18733060,0.13336,284.54434000,0
1503036077,18732972,0.13330,9.78267066,0
1503036077,18732971,0.13323,580.89756000,0
1503036077,18732970,0.13323,2904.48782000,0
1503036075,18732969,0.13289,72.00000000,0
1503036004,18732948,0.13310,752.83138000,0
1503036000,18732944,0.13311,3764.15691000,0
1503035741,18732921,0.13330,496.15694028,1
1503035740,18732918,0.13330,8028.43765000,1
1503035684,18732910,0.13330,9538.73781000,1
1503035590,18732882,0.13330,1430.46624157,1
1503035589,18732879,0.13330,39.84263000,1
1503035589,18732877,0.13338,6310.48364000,1
1503035588,18732874,0.13338,12999.02527000,1
1503035507,18732837,0.13330,5901.18107000,1
1503035505,18732835,0.13330,5901.18107000,1
1503035406,18732785,0.13330,225.00000000,1
1503035284,18732695,0.13332,640.15802540,1
1503034982,18732620,0.13403,167.94941431,1
1503034981,18732619,0.13391,204.38903149,0
1503034890,18732598,0.13359,4147.40000000,1
1503034314,18732370,0.13399,744.45854168,0
1503034087,18732277,0.13395,300.00000000,0
1503033807,18732184,0.13346,3500.00000000,1
1503033761,18732160,0.13386,447.10891977,0
1503032904,18731557,0.13339,100.00000000,1
1503032864,18731548,0.13406,100.00000000,1
1503032862,18731546,0.13405,2180.92883429,0
1503032852,18731542,0.13403,94.62265385,0
1503032783,18731515,0.13389,100.00000000,1
1503032758,18731500,0.13385,983.83200000,1
1503032743,18731475,0.13381,100.00000000,1
1503032689,18731471,0.13371,100.00000000,1
1503032625,18731455,0.13358,100.00000000,1
1503032504,18731343,0.13390,1237.37658498,0
1503032504,18731341,0.13389,152.73531471,0
1503032463,18731279,0.13344,100.00000000,1
1503032377,18731175,0.13334,734.33100000,1
1503032364,18731151,0.13331,100.00000000,1
1503032334,18731097,0.13391,1875.00000000,0
1503032304,18731071,0.13370,100.00000000,1
1503032262,18731040,0.13358,100.00000000,1
1503032221,18731009,0.13349,100.00000000,1
1503032181,18730977,0.13343,100.00000000,1
1503032140,18730959,0.13334,100.00000000,1
1503032139,18730957,0.13405,166.41025565,0
1503032139,18730956,0.13403,285.20870000,0
1503032137,18730955,0.13387,292.86758176,0
1503032058,18730922,0.13405,723.81022006,0
1503032057,18730921,0.13404,352.10951000,0
1503032057,18730920,0.13389,887.47752048,0
1503032055,18730919,0.13388,1760.54755000,0
1503032042,18730915,0.13353,100.00000000,1
1503031961,18730884,0.13344,100.00000000,1
1503031898,18730880,0.13333,100.00000000,1
1503031776,18730862,0.13333,100.00000000,1
1503031735,18730820,0.13330,502.18700000,0
1503031687,18730793,0.13320,502.18700000,0
1503031673,18730780,0.13317,502.18700000,0
1503031647,18730773,0.13314,261.12258000,0
1503031645,18730772,0.13314,1649.26720000,0
1503031642,18730769,0.13314,1649.26720000,0
1503031640,18730768,0.13270,1621.87334000,1
1503031363,18730657,0.13314,749.21135647,0
1503031267,18730553,0.13250,3041.19589000,0
1503031221,18730523,0.13234,57.00000000,0
1503030814,18730385,0.13245,57.00000000,1
1503029774,18729989,0.13296,100.00000000,0
1503029772,18729988,0.13228,100.00000000,0
1503029769,18729987,0.13228,100.00000000,0
1503029768,18729985,0.13228,100.00000000,0
1503029765,18729982,0.13228,100.00000000,0
1503029466,18729794,0.13228,100.00000000,0
1503029464,18729791,0.13228,100.00000000,0
1503029462,18729790,0.13228,100.00000000,0
1503029460,18729789,0.13228,100.00000000,0
1503029456,18729788,0.13228,42.03151238,0
1503029456,18729787,0.13226,57.96848762,0
1503029453,18729786,0.13227,100.00000000,0
1503029451,18729784,0.13227,57.97000000,0
1503029446,18729783,0.13229,100.00000000,0
1503029307,18729753,0.13250,57.00000000,0
1503029305,18729752,0.13222,57.00000000,0
1503029289,18729739,0.13252,5363.97826964,0
1503029288,18729737,0.13252,2756.24615936,1
1503029287,18729731,0.13253,1746.37216200,1
1503029286,18729729,0.13253,2756.24615900,1
1503029013,18729617,0.13253,4979.88000000,1
1503028695,18729308,0.13255,4259.90332400,1
1503028694,18729304,0.13252,426.59500000,1
1503028694,18729302,0.13254,426.59500000,1
1503028692,18729295,0.13254,426.59500000,1
1503028657,18729264,0.13260,1090.71952800,1
1503028657,18729263,0.13260,373.93432000,1
1503028447,18729196,0.13307,431.37900000,1
1503028438,18729191,0.13396,1523.68542309,0
1503028438,18729190,0.13333,502.18700000,1
1503028428,18729158,0.13259,699.56134000,0
1503028427,18729149,0.13252,2424.31103000,1
1503028427,18729147,0.13252,1073.49566000,1
1503028424,18729131,0.13252,4516.64721339,0
1503028424,18729130,0.13252,850.83108661,0
1503028424,18729128,0.13252,222.66457339,0
1503028117,18729032,0.13253,498.32300000,1
1503028115,18729024,0.13252,498.32300000,1
1503028113,18729013,0.13252,498.32300000,1
1503028089,18728916,0.13349,332.18653082,0
1503028087,18728915,0.13301,42.00000000,0
1503028071,18728910,0.13246,442.75500000,1
1503027861,18728874,0.13204,100.00000000,1
1503027797,18728861,0.13248,100.00000000,1
1503027757,18728853,0.13269,100.00000000,1
1503027699,18728839,0.13263,100.00000000,1
1503027579,18728821,0.13242,669.12735000,1
1503027579,18728820,0.13243,4087.63265000,1
1503027568,18728818,0.13242,1648.43000000,1
1503027567,18728817,0.13242,499.07500000,1
1503027566,18728816,0.13242,6405.47000000,1
1503027564,18728814,0.13241,3.75000000,1
1503027564,18728813,0.13242,2500.00000000,1
1503027328,18728741,0.13193,896.92136000,1
1503027328,18728740,0.13194,4484.60682000,1
1503027325,18728739,0.13192,896.92136000,0
1503027325,18728738,0.13192,4484.60682000,0
1503026826,18728569,0.13168,42.00000000,0
1503026256,18728313,0.13394,2292.02180080,1
1503026256,18728312,0.13284,209.90699321,0
1503026254,18728311,0.13258,543.08763000,0
1503025833,18728140,0.13298,63.49407901,1
1503025833,18728139,0.13298,3037.89989000,1
1503025833,18728138,0.13292,607.57998000,0
1503025832,18728137,0.13255,42.00000000,0
1503025662,18728062,0.13249,387.62800000,1
1503025053,18727757,0.13387,346.10000000,0
1503024997,18727740,0.13404,1790.00462757,1
1503024997,18727739,0.13404,339.19300000,1
1503024996,18727737,0.13361,198.10929758,0
1503024996,18727736,0.13338,3086.63410000,0
1503024996,18727735,0.13337,1711.72382000,0
1503024995,18727734,0.13336,342.34476000,0
1503024640,18727596,0.13284,221.69700000,1
1503024639,18727595,0.13284,232.18200000,1
1503024628,18727582,0.13282,100.00000000,1
1503024528,18727569,0.13270,203.19300000,1
1503024508,18727566,0.13266,100.00000000,1
1503024010,18727355,0.13288,55.00000000,0
1503023891,18727329,0.13271,3102.27582000,0
1503023891,18727328,0.13270,323.63627000,0
1503023890,18727327,0.13254,3.30067000,0
1503023876,18727318,0.13254,1114.42186300,0
1503023859,18727316,0.13254,4125.35635000,0
1503023859,18727315,0.13253,473.61405000,0
1503023853,18727313,0.13254,641.26566900,0
1503023852,18727312,0.13253,473.61405000,0
1503023838,18727310,0.13254,4305.26844000,0
1503023838,18727309,0.13253,562.70976000,0
1503023804,18727303,0.13254,33.10196800,0
1503023804,18727302,0.13253,668.56605000,0
1503023794,18727300,0.13252,953.20308000,0
1503023697,18727256,0.13254,432.31800000,0
1503023686,18727253,0.13254,4667.02772000,0
1503023686,18727252,0.13253,199.49898000,0
1503023650,18727249,0.13254,4080.18228000,0
1503023650,18727248,0.13253,246.29504000,0
1503023649,18727247,0.13252,49.25901000,0
1503023036,18726995,0.13201,197.09400000,1
1503022923,18726954,0.13203,55.00000000,0
1503022526,18726842,0.13127,330.61100000,1
1503022226,18726744,0.13180,492.97500000,0
1503022224,18726742,0.13182,405.57250035,0
1503022224,18726741,0.13182,149.22049965,0
1503021951,18726664,0.13119,777.85371100,0
1503021951,18726663,0.13077,0.32500000,0
1503021782,18726586,0.13100,218.39000000,1
1503021780,18726581,0.13100,1781.61000000,1
1503021646,18726479,0.13123,1827.80119172,1
1503021646,18726477,0.13098,474.54878313,0
1503021644,18726476,0.13075,55.00000000,0
1503020599,18725580,0.13034,1525.45053200,1
1503020534,18725522,0.13026,381.00000000,0
1503020534,18725521,0.13026,857.08858074,0
1503020532,18725519,0.13027,8420.45985000,1
1503020532,18725518,0.13027,2500.00000000,1
1503020287,18725315,0.13026,381.00000000,1
1503020287,18725314,0.13026,381.00000000,1
1503020286,18725311,0.13027,2699.43588300,1
1503020286,18725306,0.13048,190.52300000,1
1503019733,18724944,0.13140,59.28834180,0
1503019733,18724943,0.13139,940.71165820,0
1503019635,18724895,0.13048,190.47700000,1
1503019472,18724784,0.13048,381.00000000,1
1503019472,18724783,0.13048,381.00000000,1
1503019472,18724782,0.13048,381.00000000,1
1503019471,18724781,0.13048,381.00000000,1
1503019471,18724780,0.13054,2635.41036000,1
1503019471,18724777,0.13054,2704.94993400,1
1503019471,18724775,0.13055,6288.30895000,1
1503019470,18724774,0.13055,300.00000000,1
1503019434,18724732,0.13051,366.94000000,1
1503019430,18724711,0.13050,529.14000000,1
1503019410,18724692,0.13041,381.00000000,0
1503019380,18724610,0.13262,2473.14130598,0
1503019378,18724606,0.13051,314.85711034,0
1503018889,18723859,0.13050,5605.84221000,0
1503018888,18723858,0.13050,561.82600000,0
1503018745,18723729,0.13075,113.55600000,0
1503018723,18723699,0.13087,1143.34836097,0
1503018617,18723602,0.13024,2166.52761100,1
1503018599,18723590,0.13024,846.39415600,1
1503018598,18723589,0.13024,89.35405300,1
1503018598,18723588,0.13039,510.92176700,1
1503018598,18723587,0.13042,2502.00000000,1
1503018445,18723505,0.13100,100.00000000,0
1503018324,18723426,0.13126,100.00000000,0
1503018317,18723411,0.13070,2820.33507400,1
1503018311,18723403,0.13105,695.45800000,0
1503018284,18723397,0.13105,19.00000000,0
1503018282,18723396,0.13088,81.00000000,0
1503018200,18723350,0.13088,100.00000000,0
1503018147,18723331,0.13082,100.00000000,0
1503018048,18723298,0.13117,100.00000000,0
1503018035,18723280,0.13108,275.52189700,1
1503018035,18723279,0.13108,2613.16990600,1
1503017982,18723236,0.13102,167.92824053,1
1503017721,18722827,0.13113,14.16639000,0
1503017721,18722826,0.13093,9446.82361000,0
1503017676,18722763,0.13070,901.00000000,1
1503017665,18722752,0.13098,100.00000000,0
1503017604,18722686,0.13070,8692.82332900,1
1503017590,18722680,0.13114,100.00000000,0
1503017589,18722679,0.13070,3169.00345000,1
1503017576,18722672,0.13070,12287.97466400,1
1503017549,18722650,0.13124,100.00000000,0
1503017521,18722633,0.13070,3811.09139100,1
1503017509,18722631,0.13131,100.00000000,0
1503017483,18722614,0.13070,2447.86438500,1
1503017479,18722606,0.13070,2532.84977400,1
1503017477,18722604,0.13070,3337.05793300,1
1503017477,18722602,0.13070,310.00000000,1
1503017477,18722599,0.13090,3086.63410000,1
1503017469,18722596,0.13137,100.00000000,0
1503017463,18722590,0.13100,200.00000000,1
1503017462,18722589,0.13100,1000.00000000,1
1503017450,18722572,0.13100,40.00000000,1
1503017450,18722570,0.13110,500.00000000,1
1503017450,18722568,0.13113,191.16796164,1
1503017428,18722551,0.13149,100.00000000,0
1503017389,18722506,0.13154,57.48857552,1
1503017388,18722505,0.13140,42.51142000,1
1503017387,18722503,0.13140,0.00000448,0
1503017378,18722494,0.13140,42.51141552,1
1503017347,18722445,0.13156,100.00000000,0
1503017298,18722422,0.13156,294.28410171,1
1503017290,18722408,0.13156,405.71599880,1
1503017283,18722396,0.13156,2371.14920949,1
1503017283,18722394,0.13163,700.00000000,1
1503017226,18722288,0.13196,100.00000000,0
1503017214,18722278,0.13205,387.33400000,0
1503017150,18722217,0.13190,2000.00000000,1
1503017149,18722215,0.13200,200.00000000,1
1503017118,18722186,0.13231,88.98359461,0
1503017049,18722144,0.13205,7837.81944200,1
1503017048,18722142,0.13211,190.19210612,1
1503017048,18722140,0.13212,6990.59589000,1
1503016989,18722105,0.13211,4.58198000,1
1503016989,18722104,0.13223,3055.58802000,1
1503016936,18722058,0.13225,2055.16604677,1
1503016936,18722057,0.13230,204.66781823,1
1503016936,18722055,0.13250,149.42900000,1
1503016842,18721996,0.13276,0.18800000,0
1503016842,18721995,0.13263,125.00000000,0
1503016832,18721986,0.13250,783.71600000,1
1503016831,18721985,0.13250,1830.97000000,1
1503016827,18721984,0.13250,150.60100000,1
1503016824,18721983,0.13250,785.28400000,1
1503016605,18721919,0.13280,1328.28785500,1
1503016594,18721917,0.13280,2933.29879300,1
1503016586,18721913,0.13280,3700.00000000,1
1503016582,18721909,0.13280,10245.15299000,1
1503016581,18721907,0.13280,10907.98922300,1
1503016570,18721899,0.13280,2771.67168700,1
1503016567,18721897,0.13280,3771.69419000,1
1503016543,18721865,0.13280,1369.85624100,1
1503016528,18721849,0.13280,8241.57110000,1
1503016528,18721848,0.13280,5092.61512200,1
1503016528,18721847,0.13280,1326.54645100,1
1503016494,18721816,0.13281,1382.54000000,1
1503016454,18721807,0.13281,232.19561300,1
1503016424,18721798,0.13280,18882.60338000,1
1503016385,18721781,0.13281,5081.45398000,1
1503016385,18721780,0.13281,4258.71915000,1
1503016344,18721754,0.13281,721.14358900,1
1503016191,18721573,0.13280,6335.52474400,1
1503016174,18721563,0.13280,9263.22125600,1
1503016164,18721554,0.13280,5001.00000000,1
1503016163,18721553,0.13328,100.00000000,0
1503016161,18721552,0.13328,100.00000000,0
1503016160,18721546,0.13329,100.00000000,0
1503016159,18721541,0.13280,4722.97675700,1
1503016159,18721539,0.13281,831.73820000,1
1503016157,18721534,0.13329,100.00000000,0
1503016155,18721533,0.13329,100.00000000,0
1503016153,18721531,0.13330,100.00000000,0
1503016150,18721530,0.13330,100.00000000,0
1503016099,18721520,0.13339,100.00000000,0
1503016096,18721519,0.13340,100.00000000,0
1503016094,18721518,0.13340,100.00000000,0
1503016092,18721514,0.13340,100.00000000,0
1503016090,18721513,0.13340,100.00000000,0
1503016088,18721510,0.13341,100.00000000,0
1503016085,18721506,0.13341,100.00000000,0
1503016084,18721504,0.13341,100.00000000,0
1503016052,18721484,0.13290,3040.18362000,1
1503015984,18721464,0.13330,15000.00000000,1
1503015977,18721459,0.13350,750.00000000,1
1503015977,18721458,0.13357,142.69083700,1
1503015956,18721448,0.13357,2267.31893300,1
1503015953,18721447,0.13372,100.00000000,0
1503015932,18721435,0.13357,614.92400000,1
1503015932,18721434,0.13381,0.00001000,1
1503015932,18721433,0.13381,0.00000976,1
1503015932,18721432,0.13381,614.00299024,1
1503015677,18721365,0.13411,125.00000000,1
1503015658,18721343,0.13484,3000.00000000,1
1503015657,18721342,0.13485,11572.31608000,1
1503015623,18721319,0.13486,629.93603500,1
1503015603,18721314,0.13485,330.35980720,1
1503015589,18721311,0.13488,826.26296000,1
1503015568,18721305,0.13485,1135.33793600,1
1503015564,18721304,0.13484,2884.93438600,1
1503015547,18721281,0.13484,3000.00000000,1
1503015545,18721280,0.13484,622.49986300,1
1503015521,18721272,0.13485,1790.32869900,1
1503015510,18721266,0.13485,2281.76386100,1
1503015509,18721265,0.13484,492.56575100,1
1503015508,18721264,0.13484,4342.19308300,1
1503015484,18721254,0.13484,819.57997000,1
1503015480,18721252,0.13484,1879.40243000,1
1503015475,18721250,0.13484,349.11621600,1
1503015462,18721244,0.13484,2609.70830100,1
1503015462,18721243,0.13484,3161.10871100,1
1503015460,18721242,0.13484,1880.43144900,1
1503015448,18721238,0.13484,761.43100000,1
1503015446,18721236,0.13484,955.78100000,1
