date,tid,price,amount,type
1507161635,22778275,3601.68,0.01000000,0
1507161625,22778240,3601.68,0.15576412,0
1507161483,22778221,3590.83,0.00222567,1
1507161470,22778220,3601.38,0.00387312,0
1507161468,22778219,3601.36,0.00999966,0
1507161431,22778218,3590.83,0.01500000,1
1507161412,22778217,3600.88,0.00000034,0
1507161412,22778216,3600.86,0.00999966,0
1507161303,22778198,3598.38,0.00000034,0
1507161303,22778197,3597.60,0.00999966,0
1507161302,22778196,3597.42,0.01837969,0
1507161052,22778137,3597.53,0.01532525,0
1507160987,22778100,3597.22,0.13400000,0
1507160745,22778061,3598.47,0.01005866,0
1507160550,22778022,3599.18,0.01876518,1
1507160512,22778003,3590.83,0.52218754,1
1507160512,22778002,3590.86,0.19313854,1
1507160507,22777999,3599.90,0.27709103,0
1507160403,22777957,3602.20,0.15319483,0
1507160403,22777956,3602.20,0.01020207,0
1507160372,22777939,3603.10,0.02613014,0
1507160352,22777937,3603.90,0.02720623,0
1507160331,22777876,3598.09,0.02929361,0
1507160327,22777872,3590.83,0.16471377,1
1507160302,22777864,3598.16,0.06080078,0
1507160163,22777835,3600.13,0.06372530,1
1507160143,22777828,3590.90,0.10987138,1
1507160137,22777827,3590.90,0.18940000,1
1507160122,22777823,3600.84,0.03100000,0
1507160075,22777818,3590.83,1.52113804,1
1507160013,22777812,3601.63,0.02593284,0
1507159891,22777746,3603.59,0.00828521,0
1507159829,22777737,3590.90,0.15049241,1
1507159828,22777736,3592.31,0.00223188,1
1507159828,22777735,3594.41,0.00223189,1
1507159828,22777734,3596.50,0.00222190,1
1507159828,22777733,3598.60,0.00222191,1
1507159731,22777718,3605.97,0.01167962,0
1507159713,22777713,3606.33,0.09161522,0
1507159655,22777703,3590.90,0.18088706,1
1507159655,22777702,3590.92,0.20691352,1
1507159655,22777701,3591.02,0.40000000,1
1507159654,22777700,3594.60,0.00159942,1
1507159615,22777658,3594.60,0.41793549,1
1507159615,22777657,3594.63,0.93503260,1
1507159615,22777656,3598.21,0.39433462,1
1507159609,22777654,3598.21,0.00566538,1
1507159609,22777653,3598.22,0.00319886,1
1507159589,22777648,3598.22,0.00222110,1
1507159552,22777627,3590.83,3.46076624,1
1507159552,22777626,3592.00,0.02675366,1
1507159552,22777625,3593.11,0.51000000,1
1507159552,22777624,3597.41,0.71847108,1
1507159552,22777623,3597.71,0.00639771,1
1507159544,22777620,3609.90,0.01000000,0
1507159211,22777503,3607.45,0.01585724,0
1507159194,22777499,3607.53,0.00503469,0
1507159194,22777498,3607.52,0.01018879,0
1507159173,22777490,3607.61,0.00296803,0
1507159133,22777478,3595.21,0.01517732,1
1507159132,22777477,3598.00,0.01000000,1
1507159132,22777476,3598.43,0.01000000,1
1507159118,22777470,3602.31,0.00893005,0
1507158957,22777393,3612.04,0.01000000,0
1507158951,22777340,3612.02,0.03243253,0
1507158951,22777339,3611.33,0.00224178,0
1507158951,22777338,3610.00,0.03458938,0
1507158930,22777336,3610.00,0.00010186,0
1507158930,22777335,3607.00,0.02599641,0
1507158811,22777310,3607.00,0.03717706,0
1507158372,22777152,3608.00,0.00865226,0
1507158252,22777057,3608.00,0.02907525,0
1507158233,22777047,3608.00,0.01112416,0
1507158231,22777046,3607.89,0.01630002,0
1507158038,22777008,3607.88,0.00277170,0
1507158027,22777000,3590.85,0.05446417,1
1507158027,22776999,3591.19,0.02701910,1
1507158027,22776998,3594.34,0.05639966,1
1507157953,22776963,3596.84,0.06496740,0
1507157951,22776961,3599.14,0.06241722,1
1507157904,22776944,3608.55,0.00906155,0
1507157883,22776942,3608.68,0.11425000,0
1507157817,22776928,3599.14,0.00222053,1
1507157626,22776887,3609.00,0.01294225,0
1507157543,22776810,3609.56,0.02138444,0
1507157481,22776788,3609.97,0.28124399,0
1507157481,22776787,3609.23,0.00224177,0
1507157481,22776786,3609.22,0.14000000,0
1507157481,22776785,3608.99,0.00277780,0
1507157481,22776784,3608.04,0.00277850,0
1507157481,22776783,3605.20,0.02665656,0
1507157481,22776782,3605.14,0.54430138,0
1507157354,22776745,3605.11,0.01000000,1
1507157350,22776740,3605.17,0.27248530,0
1507157291,22776731,3605.17,0.00473298,0
1507157291,22776730,3600.00,0.15018984,0
1507157257,22776710,3600.00,0.05626111,0
1507157245,22776706,3600.00,0.00831030,0
1507157185,22776679,3600.00,0.06489376,0
1507157173,22776668,3600.00,0.00138333,0
1507157165,22776666,3600.00,0.01564945,0
1507157143,22776657,3600.00,0.02614901,0
1507157103,22776639,3600.00,0.01302179,0
1507157049,22776623,3600.00,0.02748312,0
1507157024,22776615,3600.00,0.02876558,0
1507156983,22776592,3600.00,0.06372778,0
1507156972,22776582,3600.00,0.00301322,0
1507156945,22776575,3600.00,0.02674731,0
1507156888,22776546,3600.00,0.02800000,0
1507156846,22776527,3600.00,0.74502237,0
1507156826,22776517,3600.00,0.00810220,0
1507156824,22776515,3600.00,0.02614901,0
1507156812,22776500,3600.00,0.01001678,0
1507156803,22776496,3600.00,0.02549167,0
1507156763,22776474,3600.00,0.28470277,0
1507156641,22776436,3599.99,0.01302182,0
1507156623,22776431,3599.99,0.02582321,0
1507156546,22776397,3599.99,0.02699412,0
1507156464,22776370,3599.55,0.02701908,0
1507156425,22776363,3599.36,0.02717582,0
1507156396,22776361,3599.67,0.06787472,0
1507156378,22776360,3600.00,0.02748312,0
1507156368,22776359,3590.20,0.00150910,1
1507156365,22776358,3590.11,0.00301820,1
1507156362,22776357,3589.91,0.00603641,1
1507156358,22776356,3589.90,0.01207280,1
1507156353,22776354,3589.80,0.02414561,1
1507156349,22776353,3589.41,0.04829121,1
1507156345,22776352,3589.41,0.09658244,1
1507156342,22776351,3589.61,0.19316488,1
1507156339,22776350,3589.51,0.35698776,1
1507156339,22776349,3590.02,0.02934200,1
1507156323,22776341,3600.00,0.02549166,0
1507156244,22776305,3600.00,0.14683166,0
1507156244,22776304,3599.90,0.01485524,0
1507156234,22776294,3599.90,0.05020258,0
1507156223,22776281,3591.07,0.82837276,1
1507156203,22776267,3599.90,0.00777018,0
1507156164,22776213,3599.37,0.63575862,0
1507156163,22776212,3599.37,0.12430600,0
1507156087,22776186,3582.34,0.03488414,0
1507156046,22776170,3599.64,0.02681759,0
1507155965,22776148,3599.82,0.06015024,0
1507155924,22776144,3599.90,0.02934197,0
1507155902,22776125,3599.13,0.05000000,1
1507155891,22776123,3584.15,2.70231137,1
1507155891,22776122,3584.71,0.34973900,1
1507155891,22776121,3584.81,0.53000000,1
1507155891,22776120,3585.99,0.20984381,1
1507155891,22776119,3586.00,0.02665656,1
1507155891,22776118,3587.00,0.00556100,1
1507155891,22776117,3588.66,0.10000000,1
1507155873,22776114,3589.50,0.00222698,0
1507155871,22776113,3599.14,0.24700000,1
1507155864,22776112,3589.10,0.06422075,1
1507155823,22776104,3600.00,0.18711316,0
1507155823,22776103,3599.33,0.03000000,0
1507155803,22776092,3599.15,0.01302191,0
1507155758,22776081,3588.66,0.26475400,0
1507155739,22776062,3599.26,1.22664103,0
1507155701,22776027,3588.10,0.00218942,1
1507155701,22776023,3588.10,0.00223429,1
1507155684,22775985,3599.17,0.02615926,0
1507155644,22775952,3599.22,0.00777516,0
1507155567,22775892,3589.20,0.15229003,1
1507155521,22775870,3591.70,0.07666997,1
1507155516,22775869,3599.30,0.05344424,0
1507155502,22775864,3591.70,0.00887463,1
1507155298,22775774,3599.04,0.05011500,0
1507155275,22775765,3599.07,0.04341856,0
1507155241,22775753,3599.25,0.02771411,0
1507155223,22775741,3599.29,0.06762444,0
1507155221,22775740,3597.37,0.01552644,0
1507155184,22775726,3597.42,0.02061069,0
1507155075,22775688,3597.66,0.07078372,1
1507155074,22775687,3597.66,0.12000000,0
1507155047,22775683,3597.72,0.13511599,0
1507155047,22775682,3597.72,0.13000000,0
1507154744,22775466,3597.30,0.07866096,0
1507154701,22775420,3598.00,0.04107019,0
1507154544,22775222,3599.69,0.07286305,0
1507154524,22775201,3599.81,0.05762246,0
1507154505,22775195,3588.39,0.14359292,1
1507154496,22775192,3599.95,0.01929942,0
1507154462,22775178,3602.29,0.00277594,0
1507154425,22775171,3593.70,0.00348715,1
1507154425,22775170,3594.50,0.01400000,1
1507154394,22775159,3594.50,0.08600000,1
1507154288,22775125,3601.74,0.00888576,0
1507154270,22775123,3601.77,0.00888203,0
1507154263,22775121,3601.79,0.12536100,0
1507154262,22775120,3601.79,0.00887384,0
1507154223,22775114,3600.99,0.06371008,0
1507154218,22775110,3601.00,0.03676407,1
1507154218,22775109,3601.00,0.02770000,1
1507154215,22775107,3602.39,0.00884305,0
1507154214,22775105,3602.20,0.04928340,0
1507154201,22775104,3602.24,0.01323426,1
1507154195,22775102,3602.24,0.00886596,0
1507154151,22775084,3601.65,0.00894382,0
1507154143,22775082,3602.28,0.00886917,0
1507154111,22775074,3601.73,0.02621603,1
1507154110,22775073,3601.73,0.11225746,0
1507153967,22775003,3594.15,0.00222402,1
1507153951,22774990,3603.33,0.49552220,0
1507153948,22774988,3603.34,0.02747253,0
1507153945,22774987,3603.35,0.00776903,0
1507153940,22774986,3593.90,0.10000000,0
1507153907,22774953,3603.69,0.03909834,0
1507153872,22774932,3604.30,0.02757543,0
1507153850,22774923,3608.67,0.30597276,1
1507153850,22774922,3608.67,5.39156400,1
1507153850,22774921,3607.13,0.00224176,0
1507153849,22774920,3605.86,0.03000000,0
1507153849,22774919,3605.49,0.05879982,0
1507153848,22774918,3605.19,0.00278070,0
1507153848,22774916,3604.80,2.00000000,0
1507153848,22774915,3601.40,0.73025818,0
1507153846,22774909,3597.22,0.00004257,0
1507153812,22774875,3600.40,0.06079393,1
1507153802,22774867,3601.40,0.09971122,0
1507153772,22774864,3601.40,0.03000000,0
1507153763,22774859,3601.40,0.05236936,0
1507153737,22774839,3593.16,0.03003897,0
1507153700,22774759,3601.40,0.13854790,0
1507153700,22774756,3601.40,0.05312758,0
1507153696,22774743,3601.40,0.01272653,0
1507153694,22774720,3601.40,0.02771156,0
1507153689,22774704,3601.40,0.07260641,0
1507153684,22774692,3601.40,0.12627267,0
1507153671,22774676,3601.40,0.00590104,0
1507153671,22774675,3601.30,0.02588052,0
1507153656,22774642,3601.30,0.08771841,0
1507153656,22774641,3601.30,0.01386697,0
1507153634,22774596,3601.39,0.78231843,0
1507153605,22774550,3601.29,0.10081086,0
1507153599,22774541,3600.98,0.13118748,0
1507153569,22774492,3601.30,0.06543689,0
1507153566,22774485,3600.38,0.01039724,0
1507153564,22774484,3601.39,0.13657187,0
1507153564,22774483,3600.95,0.10285007,0
1507153524,22774450,3600.79,0.03952407,0
1507153463,22774410,3600.30,0.00953080,0
1507153405,22774375,3599.82,0.04332292,0
1507153391,22774322,3599.88,0.01945729,1
1507153349,22774291,3599.93,0.01530670,0
1507153347,22774289,3599.94,0.02752099,0
1507153343,22774284,3599.95,0.10000000,0
1507153328,22774278,3599.98,0.04000000,0
1507153252,22774178,3600.63,0.01782743,0
1507153251,22774176,3599.81,0.00745241,0
1507153200,22774105,3600.00,0.01909922,1
1507153200,22774103,3600.00,0.00029522,0
1507153031,22774043,3600.00,0.09970478,0
1507153031,22774042,3595.00,0.03829208,0
1507153030,22774040,3595.00,0.02925598,0
1507153003,22774024,3595.00,0.00936671,0
1507152955,22773984,3595.00,0.01202410,0
1507152927,22773972,3595.00,0.01110961,0
1507152927,22773971,3593.22,0.02791787,0
1507152927,22773970,3593.22,0.12249900,0
1507152904,22773956,3592.00,0.01340012,1
1507152875,22773913,3592.23,0.01780247,1
1507152873,22773902,3592.14,0.09697786,1
1507152873,22773901,3595.00,0.03829351,1
1507152871,22773889,3595.00,0.06170649,1
1507152843,22773875,3600.10,0.12746590,0
1507152837,22773868,3600.09,2.25152149,0
1507152784,22773854,3592.00,0.30671906,1
1507152764,22773838,3600.59,0.03386920,0
1507152764,22773837,3600.00,0.00222371,0
1507152764,22773835,3600.00,0.00318056,0
1507152676,22773755,3598.00,0.01500000,1
1507152577,22773689,3600.00,0.09681944,0
1507152577,22773688,3600.00,0.04175000,0
1507152546,22773674,3599.79,0.02205489,0
1507152544,22773673,3593.52,0.11091680,1
1507152527,22773672,3593.52,0.10000000,1
1507152501,22773665,3599.79,5.09641452,0
1507152479,22773652,3600.00,0.00825000,0
1507152478,22773651,3600.00,0.00200000,0
1507152386,22773613,3599.59,0.25000000,0
1507152384,22773612,3599.60,0.10025000,0
1507152363,22773604,3599.69,0.06373309,0
1507152323,22773579,3599.80,0.03000000,0
1507152264,22773551,3598.90,0.01829467,0
1507152185,22773507,3594.00,0.00222371,1
1507152142,22773496,3600.00,0.00150000,0
1507152140,22773495,3599.90,0.77854940,1
1507152140,22773494,3599.79,0.02765785,0
1507152140,22773493,3599.00,0.01312844,0
1507152139,22773492,3598.07,0.00278620,0
1507152139,22773491,3597.01,0.01000000,0
1507152137,22773489,3596.00,0.27667324,0
1507152129,22773484,3596.00,0.00582314,0
1507152105,22773465,3596.00,0.05498184,0
1507152084,22773451,3596.00,0.27741935,0
1507152084,22773450,3593.52,0.15882431,1
1507152059,22773435,3596.00,0.03301848,0
1507151974,22773325,3596.00,0.01933439,0
1507151973,22773324,3596.00,0.02751341,0
1507151944,22773285,3596.00,0.01303165,0
1507151889,22773255,3596.00,0.04731000,0
1507151887,22773251,3596.00,0.02649517,0
1507151884,22773246,3596.00,0.00278000,0
1507151856,22773233,3593.51,0.03796925,1
1507151849,22773231,3596.00,0.05343000,0
1507151843,22773226,3593.51,0.25543232,1
1507151842,22773223,3596.00,0.07523207,0
1507151837,22773204,3596.00,0.08695726,0
1507151833,22773198,3597.00,0.12304377,0
1507151704,22773121,3596.90,0.03455424,0
1507151644,22773098,3593.51,0.14352709,1
1507151584,22773040,3596.76,0.25790309,0
1507151533,22772984,3596.81,0.00461522,0
1507151524,22772969,3596.82,0.00410592,0
1507151522,22772966,3593.58,0.05973200,0
1507151466,22772927,3593.57,0.04755783,1
1507151405,22772885,3593.45,0.05324911,0
1507151398,22772877,3593.47,0.02878752,0
1507151365,22772814,3593.54,0.26059420,0
1507151346,22772785,3593.56,0.32094958,0
1507151345,22772784,3592.96,0.00279020,0
1507151345,22772783,3592.96,0.00279020,0
1507151345,22772782,3591.04,0.02847525,0
1507151343,22772776,3589.93,0.29762210,0
1507151310,22772733,3589.91,0.58386015,1
1507151283,22772527,3589.89,0.25841172,0
1507151263,22772514,3581.05,0.05918384,0
1507151261,22772513,3587.60,0.03081616,1
1507151205,22772500,3589.16,0.10536739,0
1507151204,22772499,3587.60,1.10463870,0
1507151204,22772498,3587.57,0.53913932,0
1507151198,22772488,3587.61,0.07231691,0
1507151188,22772484,3587.69,0.07379531,0
1507151188,22772483,3587.69,0.07106157,0
1507151188,22772482,3587.69,0.07962330,0
1507151180,22772469,3579.23,0.07282826,1
1507151165,22772448,3587.91,0.12788782,1
1507151163,22772444,3588.30,0.02905245,0
1507151146,22772437,3588.30,0.01704587,0
1507151146,22772435,3587.89,0.05289825,0
1507151144,22772431,3578.72,0.05246336,1
1507151130,22772424,3579.07,0.44577368,1
1507151096,22772376,3588.50,0.95215750,0
1507151096,22772375,3584.00,0.04784250,0
1507151085,22772350,3584.00,0.05215750,0
1507151075,22772345,3573.30,0.21546662,1
1507151075,22772344,3573.31,0.50000000,1
1507151075,22772343,3575.00,0.45389108,1
1507151075,22772342,3575.10,0.10000000,1
1507151075,22772341,3575.12,0.10718230,1
1507151071,22772340,3588.89,1.00000000,0
1507151053,22772324,3584.89,0.00435229,0
1507151052,22772323,3584.89,0.27447361,0
1507151031,22772322,3584.98,0.90000000,0
1507151031,22772321,3584.00,0.10000000,0
1507151019,22772315,3585.00,0.00500000,1
1507151014,22772314,3585.29,1.00000000,0
1507151003,22772307,3577.13,0.02053738,1
1507150996,22772306,3584.96,1.00000000,0
1507150994,22772297,3585.47,0.00298486,0
1507150980,22772289,3585.00,1.00000000,0
1507150968,22772286,3585.59,0.01613489,0
1507150961,22772284,3585.60,0.12183176,0
1507150960,22772283,3585.00,0.74937017,0
1507150960,22772282,3584.79,0.12879807,0
1507150941,22772280,3584.77,1.00000000,0
1507150916,22772268,3584.78,0.88155214,0
1507150916,22772267,3584.78,0.54870200,0
1507150915,22772266,3584.78,0.07405514,0
1507150913,22772259,3584.78,0.12637083,0
1507150912,22772257,3584.78,0.12129136,0
1507150905,22772249,3584.78,0.55420651,0
1507150898,22772237,3584.78,0.85833394,0
1507150887,22772199,3585.00,1.16287533,0
1507150886,22772191,3585.00,0.02628049,0
1507150884,22772185,3585.00,0.09216314,0
1507150878,22772173,3584.79,0.11476640,1
1507150878,22772171,3584.79,0.01023360,1
1507150877,22772167,3584.79,0.12274414,1
1507150877,22772165,3584.79,0.50797496,1
1507150877,22772164,3584.79,0.25497754,1
1507150877,22772163,3584.79,0.11967741,1
1507150876,22772161,3585.00,0.10232724,0
1507150876,22772159,3585.00,1.00000000,0
1507150873,22772152,3584.79,0.10233323,0
1507150866,22772145,3585.00,0.11967600,0
1507150866,22772140,3584.79,0.01463978,0
1507150852,22772119,3585.00,1.00000000,0
1507150829,22772110,3585.00,1.00000000,0
1507150824,22772104,3585.00,0.10537003,0
1507150822,22772103,3575.00,0.08242892,1
1507150811,22772079,3585.00,1.00000000,0
1507150805,22772076,3584.50,0.02628047,0
1507150804,22772071,3584.99,0.10025000,0
1507150796,22772065,3584.50,0.87002720,0
1507150796,22772064,3584.47,0.12997280,0
1507150756,22772051,3584.78,0.07025000,1
1507150756,22772050,3584.79,0.25319763,1
1507150755,22772049,3584.78,0.02040246,0
1507150715,22772025,3584.96,0.56426703,0
1507150701,22771985,3585.00,0.67112591,0
1507150701,22771984,3584.00,0.29700105,0
1507150701,22771983,3583.95,0.03187304,0
1507150686,22771940,3583.92,0.02164723,0
1507150685,22771939,3582.00,0.97835277,0
1507150668,22771914,3582.00,1.00000000,0
1507150653,22771902,3582.00,1.00000000,0
1507150637,22771901,3582.00,1.01136186,0
1507150604,22771897,3582.00,0.02854213,0
1507150604,22771896,3581.99,0.04080491,0
1507150540,22771858,3575.23,0.00500000,1
1507150493,22771840,3575.13,0.02038186,1
1507150484,22771832,3575.10,0.02037986,1
1507150476,22771822,3575.23,0.02037786,1
1507150468,22771814,3575.10,0.02037475,1
1507150459,22771802,3575.13,0.02036749,1
1507150451,22771790,3575.10,0.01787836,1
1507150445,22771785,3575.10,0.02033747,1
1507150437,22771779,3575.23,0.02032077,1
1507150425,22771772,3582.00,0.13174324,0
1507150394,22771765,3575.74,0.00223526,0
1507150388,22771762,3583.88,0.05258543,1
1507150388,22771761,3583.88,0.01989843,0
1507150344,22771742,3575.23,0.14275914,1
1507150303,22771716,3583.95,0.01905000,0
1507150299,22771715,3575.73,0.17695907,1
1507150294,22771711,3575.60,0.02033650,1
1507150285,22771702,3583.80,0.01326583,0
1507150277,22771696,3575.14,0.05000002,0
1507150245,22771678,3583.94,0.10758067,0
1507150237,22771673,3583.95,0.05566484,0
1507150214,22771655,3583.39,0.05025000,0
1507150204,22771649,3583.03,0.27900000,0
1507150152,22771608,3583.90,0.00299581,0
1507150143,22771603,3583.87,0.02560639,0
1507150124,22771577,3584.00,0.00268803,0
1507150124,22771575,3583.99,0.01439737,0
1507150124,22771574,3583.96,0.02500000,0
1507150115,22771564,3583.96,0.02760469,0
1507150093,22771550,3584.00,0.01439946,0
1507150091,22771547,3583.99,0.01183750,0
1507150084,22771529,3583.97,0.01298620,0
1507150077,22771524,3578.06,0.26000000,1
1507150066,22771517,3584.00,0.01522332,0
1507150066,22771516,3583.99,0.01161090,0
1507150064,22771513,3584.00,0.00803525,0
1507149987,22771410,3584.00,0.03388982,0
1507149984,22771402,3584.00,0.06934721,0
1507149972,22771391,3584.00,0.20541019,0
1507149971,22771390,3584.00,0.00711452,0
1507149971,22771389,3584.00,0.01529508,0
1507149960,22771384,3584.00,0.11926965,0
1507149916,22771366,3579.03,0.22847800,1
1507149909,22771353,3584.00,0.02616187,0
1507149908,22771352,3584.00,0.01214803,0
1507149893,22771339,3584.00,0.07253258,0
1507149890,22771335,3584.00,0.06830000,0
1507149887,22771334,3584.00,0.06957868,0
1507149885,22771333,3584.00,0.02216803,0
1507149865,22771330,3584.00,0.00780670,0
1507149864,22771327,3584.00,0.01483168,0
1507149863,22771326,3584.00,0.06957868,0
1507149851,22771324,3584.00,0.08231408,0
1507149848,22771322,3583.94,0.00557487,0
1507149827,22771317,3584.00,0.76690609,0
1507149826,22771315,3584.00,0.26289580,0
1507149825,22771313,3584.00,0.18090681,0
1507149765,22771283,3583.94,0.01440101,0
1507149750,22771282,3576.10,0.00641614,1
1507149742,22771281,3575.60,1.50000000,1
1507149723,22771277,3578.00,0.01204720,1
1507149723,22771276,3578.00,0.01000000,1
1507149704,22771266,3579.03,0.17200000,1
1507149686,22771263,3584.00,0.09022720,0
1507149684,22771262,3584.00,0.01334748,0
1507149663,22771241,3584.00,0.08349609,0
1507149663,22771240,3584.00,0.02560547,0
1507149660,22771238,3584.00,0.03043248,0
1507149625,22771217,3584.00,0.02700155,0
1507149624,22771213,3584.00,0.02760469,0
1507149608,22771209,3584.00,0.00556920,0
1507149600,22771204,3584.00,0.00556920,0
1507149595,22771197,3584.00,0.00504873,0
1507149589,22771195,3584.00,0.08430245,0
1507149525,22771179,3584.00,0.02979107,0
1507149504,22771177,3575.10,0.07014360,1
1507149464,22771164,3584.00,0.25083715,0
1507149461,22771163,3584.00,0.04144252,0
1507149404,22771147,3584.00,0.02657886,0
1507149354,22771132,3575.30,0.50793458,1
1507149283,22771119,3584.00,0.07295656,0
1507149244,22771113,3584.00,0.00780670,0
1507149185,22771107,3584.00,0.13916016,0
1507149164,22771104,3584.00,0.02189510,0
1507149126,22771095,3584.00,0.13902737,0
1507149106,22771091,3584.00,0.05263462,0
1507149104,22771088,3584.00,0.01044331,0
1507149026,22771065,3584.00,0.02626575,0
1507149024,22771064,3584.00,0.02626597,0
1507149007,22771057,3583.97,0.02697925,0
1507148964,22771038,3583.97,0.02732207,0
1507148946,22771034,3584.00,0.01696000,0
1507148944,22771032,3583.97,0.00859472,0
1507148924,22771030,3576.06,0.00955097,1
1507148884,22771021,3583.97,0.16349036,0
1507148847,22770991,3584.00,0.13070279,0
1507148844,22770989,3575.63,0.10774480,1
1507148838,22770973,3583.97,0.01392735,0
1507148823,22770954,3584.00,0.01835592,0
1507148821,22770952,3575.63,0.10700000,1
1507148795,22770934,3584.00,0.06863673,0
1507148783,22770929,3584.00,0.03944879,0
1507148782,22770928,3584.00,0.03878348,0
1507148737,22770915,3584.00,0.01252232,0
1507148717,22770906,3585.00,2.66133836,0
1507148715,22770905,3584.00,1.38596631,0
1507148704,22770898,3584.00,0.00859831,0
1507148667,22770868,3584.00,0.18999000,0
1507148616,22770812,3584.00,0.01729460,0
1507148616,22770811,3576.02,0.00511664,0
1507148614,22770810,3576.02,0.00774906,0
1507148613,22770809,3576.02,0.01343430,0
1507148602,22770804,3575.93,0.00223501,1
1507148538,22770776,3583.97,0.05566174,0
1507148523,22770773,3576.77,0.01995934,1
1507148463,22770746,3583.97,0.02560568,0
1507148440,22770738,3583.97,0.02087350,1
1507148424,22770735,3584.00,0.23566749,0
1507148423,22770734,3584.00,0.05262185,0
1507148412,22770720,3584.00,0.10986144,0
1507148406,22770714,3583.97,0.13916132,0
1507148353,22770683,3585.00,0.05525000,0
1507148345,22770676,3585.00,0.01479535,0
1507148345,22770675,3584.72,0.01115752,0
1507148344,22770674,3584.69,0.01310295,0
1507148314,22770649,3584.63,0.00435213,0
1507148249,22770616,3584.97,0.19476987,0
1507148244,22770614,3585.00,0.02679734,0
1507148228,22770598,3585.00,0.02626502,0
1507148226,22770597,3584.94,0.01059696,0
1507148204,22770591,3585.00,0.05286727,0
1507148186,22770579,3584.96,0.13970265,0
1507148186,22770578,3577.70,0.13900000,0
1507148068,22770494,3575.15,0.24602850,1
1507148067,22770493,3583.96,0.11208551,0
1507148045,22770451,3584.17,0.01000000,0
1507148016,22770439,3583.52,0.06864155,0
1507147986,22770429,3583.62,0.02626216,0
1507147984,22770425,3583.63,0.21078995,0
1507147963,22770416,3583.90,0.08298096,0
1507147951,22770398,3584.16,0.40037597,0
1507147951,22770397,3584.13,0.16316421,0
1507147951,22770396,3578.44,0.00849644,0
1507147938,22770338,3569.00,0.78587991,0
1507147937,22770336,3570.00,0.02000000,1
1507147937,22770335,3574.80,0.03693531,0
1507147937,22770333,3576.00,0.25450000,1
1507147935,22770331,3576.11,0.90268478,1
1507147863,22770299,3578.44,0.06216675,0
1507147856,22770297,3578.44,0.00139167,0
1507147850,22770295,3578.44,0.02794514,1
1507147839,22770284,3584.60,0.13697152,0
1507147810,22770274,3584.39,0.25000000,0
1507147804,22770271,3584.40,0.02125000,0
1507147790,22770270,3584.58,0.02678507,0
1507147788,22770269,3584.58,0.01349311,0
1507147764,22770263,3584.99,0.00806842,0
1507147760,22770261,3585.00,0.13349835,1
1507147683,22770227,3586.28,0.02558919,0
1507147666,22770218,3586.47,0.03130174,0
1507147665,22770217,3585.00,0.00900022,1
1507147647,22770213,3586.80,0.00556206,0
1507147634,22770201,3586.96,0.00140000,1
1507147611,22770177,3585.43,0.50000000,0
1507147602,22770167,3585.80,0.04877721,0
1507147586,22770156,3585.29,0.06030311,0
1507147585,22770154,3585.26,0.02261409,0
1507147563,22770131,3585.40,0.08346349,0
1507147538,22770114,3585.90,0.88191218,0
1507147515,22770099,3586.58,0.06118642,1
1507147461,22770058,3578.64,0.02857896,0
1507147446,22770050,3585.10,0.06399263,0
1507147444,22770046,3584.27,0.02618179,0
1507147338,22769972,3586.67,0.04120627,0
1507147314,22769956,3587.15,0.01861654,0
1507147244,22769909,3589.57,0.11087679,1
1507147242,22769895,3589.67,0.13680248,1
1507147184,22769839,3590.52,0.08583880,0
1507147146,22769833,3590.63,0.01727084,0
1507147145,22769832,3581.60,0.01379731,1
1507147048,22769808,3591.04,0.06977484,0
1507147047,22769807,3590.00,0.00200000,0
1507147036,22769804,3589.97,0.01026970,0
1507146973,22769794,3589.87,0.00399463,0
1507146926,22769779,3589.96,0.02608108,0
1507146885,22769758,3589.99,0.10803648,0
1507146884,22769757,3589.96,0.01225000,0
1507146853,22769749,3579.70,0.82507164,1
1507146846,22769747,3589.93,0.02657680,0
1507146823,22769745,3589.93,0.23538687,0
1507146798,22769738,3589.94,0.05557195,1
1507146765,22769720,3590.00,0.02688705,0
1507146730,22769707,3589.58,0.00544601,0
1507146724,22769706,3579.71,0.14285102,1
1507146708,22769702,3589.74,0.00780561,0
1507146706,22769701,3589.80,0.01066017,0
1507146705,22769696,3589.80,0.00925000,0
1507146689,22769684,3579.63,0.00223290,0
1507146683,22769681,3587.45,0.01604618,0
1507146677,22769677,3587.42,0.01392555,0
1507146605,22769648,3576.98,0.02884260,1
1507146587,22769640,3589.90,0.05050945,0
1507146586,22769639,3588.95,0.00279330,0
1507146586,22769638,3588.72,0.00279350,0
1507146586,22769637,3587.30,0.04797982,0
1507146541,22769603,3586.86,0.04525000,0
1507146526,22769599,3587.18,0.02713162,0
1507146525,22769598,3584.32,0.01296544,0
1507146496,22769560,3584.46,0.01392582,0
1507146466,22769494,3574.30,0.32600000,1
1507146464,22769490,3574.31,0.15825431,1
1507146464,22769489,3576.74,0.00099946,1
1507146464,22769487,3576.77,0.49074623,1
1507146464,22769486,3580.40,0.10000000,1
1507146456,22769482,3584.41,0.13700705,0
1507146424,22769474,3584.41,0.02713329,0
1507146404,22769465,3584.27,0.08054414,0
1507146403,22769464,3576.77,0.02809707,1
1507146377,22769460,3584.17,0.00574604,0
1507146365,22769459,3584.40,0.01307893,0
1507146364,22769458,3584.40,0.06400353,0
1507146344,22769453,3584.46,0.00977000,0
1507146323,22769446,3584.40,0.05131059,0
1507146307,22769440,3584.27,0.13914967,0
1507146268,22769407,3584.17,0.00807881,0
1507146221,22769381,3576.74,0.02688906,1
1507146221,22769380,3576.74,0.12333238,0
1507146220,22769379,3578.00,0.00838457,1
1507146213,22769378,3584.40,0.06687869,0
1507146204,22769377,3584.20,0.08426452,0
1507146200,22769376,3584.07,0.04876579,0
1507146183,22769371,3584.40,0.25881040,0
1507146165,22769367,3584.40,0.00792705,0
1507146163,22769366,3584.40,0.01918156,0
1507146159,22769361,3584.40,0.41734856,0
1507146156,22769349,3584.37,0.05495328,1
1507146144,22769339,3576.89,0.80000000,1
1507146126,22769330,3584.40,0.01002957,0
1507146099,22769315,3584.40,0.27349561,0
1507146021,22769296,3584.40,0.27828925,0
1507146000,22769289,3584.40,0.01720802,0
1507145984,22769283,3584.40,0.03028468,0
1507145975,22769279,3584.40,0.01480000,0
1507145966,22769274,3584.40,0.01391306,0
1507145964,22769273,3573.58,0.15503085,1
1507145944,22769265,3584.40,0.02782893,0
1507145943,22769264,3584.40,0.26854720,0
1507145906,22769248,3584.40,0.26334808,0
1507145885,22769237,3584.40,0.02767320,0
1507145884,22769236,3584.40,0.10889962,0
1507145872,22769225,3584.30,0.13692431,0
1507145827,22769217,3584.60,0.10846613,0
1507145806,22769174,3584.90,0.00813610,0
1507145804,22769172,3584.90,0.05565009,0
1507145798,22769169,3585.00,0.13691326,0
1507145788,22769167,3585.10,0.04173384,0
1507145785,22769166,3585.10,0.01537641,0
1507145783,22769165,3585.19,0.02466607,0
1507145684,22769103,3586.80,1.36281371,0
1507145652,22769097,3585.10,0.02782349,0
1507145643,22769096,3585.10,0.02559761,0
1507145642,22769091,3585.10,0.15085566,0
1507145593,22769084,3585.40,0.02759127,0
1507145585,22769082,3585.50,0.05564078,0
1507145568,22769056,3585.89,0.07128873,0
1507145565,22769051,3585.90,0.18091457,0
1507145557,22769047,3586.09,0.08270757,0
1507145529,22769043,3586.50,0.00843181,0
1507145490,22769035,3585.37,0.21649046,0
1507145465,22769025,3585.76,0.02559290,0
1507145463,22769024,3585.66,0.02559361,0
1507145443,22769012,3585.66,0.04059614,0
1507145417,22769009,3585.66,0.02760500,0
1507145390,22769003,3585.63,0.08046842,0
1507145388,22769002,3583.36,0.19785139,0
1507145355,22768991,3582.00,0.05944000,0
1507145343,22768979,3582.26,0.02561790,0
1507145341,22768976,3581.12,0.21038681,0
1507145327,22768964,3581.12,0.01071319,0
1507145327,22768963,3580.85,0.20278007,0
1507145327,22768962,3580.00,0.00319502,0
1507145322,22768961,3580.00,0.01000000,0
1507145321,22768959,3579.99,0.03800000,1
1507145310,22768951,3580.00,0.02716565,0
1507145308,22768950,3580.00,0.04604190,0
1507145308,22768949,3580.00,0.08695449,0
1507145308,22768948,3579.90,0.18527758,0
1507145306,22768944,3579.90,0.01046047,0
1507145305,22768943,3579.90,0.10548444,0
1507145299,22768942,3579.90,0.17554122,0
1507145286,22768937,3579.90,0.01038629,0
1507145284,22768936,3579.90,0.01285000,0
1507145275,22768935,3579.84,0.50948714,0
1507145274,22768934,3577.00,0.49051286,0
1507145265,22768925,3575.71,0.00301032,0
1507145264,22768924,3575.70,0.00522970,0
1507145245,22768910,3575.70,0.00772438,0
1507145219,22768900,3575.71,0.01006580,0
1507145219,22768899,3575.71,0.02923004,0
1507145218,22768896,3575.71,0.08034710,0
1507145203,22768890,3569.02,0.05743892,1
1507145184,22768827,3568.52,0.09205506,1
1507145184,22768826,3571.00,0.12139375,1
1507145145,22768815,3578.13,0.13192508,0
1507145118,22768782,3578.23,0.05575382,0
1507145104,22768781,3578.14,0.01647117,0
1507145064,22768775,3578.78,0.01245000,0
1507145050,22768768,3566.70,0.09000000,0
1507145048,22768767,3567.60,0.01000000,1
1507145046,22768766,3578.24,0.05512363,0
1507145040,22768765,3578.27,0.46470263,0
1507145017,22768763,3566.41,0.21308298,1
1507145001,22768759,3566.40,0.09434044,1
1507145001,22768758,3570.00,0.05588400,1
1507144983,22768755,3579.10,0.25919365,0
1507144961,22768750,3570.90,0.81415234,1
1507144961,22768749,3570.96,0.64038511,1
1507144959,22768748,3575.00,0.10593000,1
1507144949,22768746,3579.10,0.01929566,0
1507144947,22768745,3579.30,0.03025637,0
1507144945,22768744,3579.29,0.02285036,0
1507144925,22768738,3579.80,0.13439883,0
1507144922,22768733,3579.94,0.00776511,0
1507144896,22768715,3576.02,0.00223489,1
1507144891,22768713,3579.70,0.04786534,0
1507144873,22768704,3579.77,0.02835071,0
1507144844,22768693,3580.00,0.00814799,0
1507144826,22768677,3580.00,0.00500759,0
1507144825,22768676,3579.97,0.01865000,0
1507144824,22768674,3579.97,0.03135000,0
1507144815,22768669,3579.97,0.05505879,1
1507144803,22768668,3570.13,0.00953109,1
1507144783,22768652,3570.06,0.02900000,1
1507144764,22768638,3579.89,0.02715029,0
1507144759,22768635,3579.65,0.01092620,0
1507144726,22768602,3579.55,0.27081779,0
1507144679,22768530,3579.57,0.01000000,0
1507144664,22768525,3579.90,0.24696576,0
1507144642,22768519,3579.77,0.01394446,0
1507144631,22768516,3579.90,0.46000000,0
1507144617,22768512,3579.17,0.13719464,0
1507144585,22768484,3579.40,0.06684121,0
1507144585,22768483,3579.39,0.01751510,0
1507144574,22768476,3578.17,0.00846516,0
1507144566,22768474,3578.20,0.25925884,1
1507144566,22768473,3578.20,0.12823272,0
1507144565,22768472,3578.23,0.02564675,1
1507144564,22768469,3573.23,0.00984841,1
1507144544,22768464,3579.00,0.13188197,0
1507144525,22768457,3576.70,0.04119422,0
1507144505,22768451,3579.79,0.01573011,0
1507144484,22768445,3578.00,0.01525472,0
1507144468,22768440,3578.39,0.00808168,0
1507144467,22768439,3578.36,0.10882971,0
1507144467,22768438,3578.37,0.01038204,1
1507144465,22768437,3578.40,0.01396884,0
1507144444,22768433,3570.90,0.85796652,1
1507144444,22768431,3571.00,0.07600309,1
1507144443,22768428,3571.13,0.25977212,0
1507144442,22768426,3571.13,0.80625827,1
1507144412,22768404,3579.18,0.00809023,0
1507144393,22768263,3579.81,0.02000000,1
1507144391,22768261,3579.96,0.01000000,1
1507144366,22768249,3579.79,0.02705688,0
1507144365,22768248,3579.80,0.01533095,0
1507144363,22768241,3568.57,0.65000000,1
1507144361,22768234,3579.90,0.10227894,0
1507144330,22768223,3580.90,0.00130348,0
1507144330,22768222,3566.10,0.00869652,0
1507144328,22768219,3573.35,0.01000000,1
1507144324,22768214,3579.97,0.65478492,0
1507144306,22768211,3580.27,0.14147335,0
1507144267,22768187,3581.60,0.13950270,0
1507144237,22768170,3582.58,0.02728753,0
1507144229,22768166,3565.42,0.46382226,0
1507144228,22768165,3566.00,0.01000000,1
1507144228,22768164,3566.66,0.02516206,1
1507144228,22768163,3566.67,0.11144730,1
1507144227,22768162,3568.00,0.27956838,1
1507144227,22768161,3570.00,0.10000000,1
1507144225,22768160,3574.44,0.01000000,1
1507144225,22768159,3574.47,1.00000000,1
1507144223,22768157,3582.89,0.01553497,0
1507144217,22768156,3579.50,0.05499727,0
1507144211,22768148,3579.60,0.02695047,0
1507144209,22768147,3583.10,0.08648230,0
1507144209,22768146,3583.09,0.07000000,0
1507144209,22768145,3580.80,0.00200000,0
1507144209,22768144,3579.67,0.11217290,0
1507144188,22768129,3579.90,0.11532288,0
1507144186,22768128,3580.18,0.02631656,0
1507144184,22768125,3580.08,0.00781213,0
1507144178,22768123,3580.27,0.28139777,1
1507144144,22768104,3581.29,0.01308920,0
1507144131,22768094,3572.23,0.06294068,1
1507144131,22768093,3581.79,0.13921500,0
1507144103,22768083,3582.68,0.00781213,0
1507144086,22768071,3582.98,0.02125017,0
1507144085,22768070,3582.88,0.00999983,0
1507144085,22768069,3582.80,0.02610840,0
1507144084,22768065,3582.87,0.00808267,0
1507144068,22768056,3583.00,0.05484766,0
1507144068,22768055,3583.00,0.00913143,0
1507144065,22768054,3583.08,0.00821933,0
1507144064,22768053,3581.55,0.01202356,0
1507144044,22768026,3582.10,0.01897391,0
1507144037,22768024,3582.20,1.00000000,0
1507144011,22768014,3583.00,0.00278258,0
1507144006,22768008,3583.20,0.03925304,0
1507144005,22768007,3583.18,0.02612911,0
1507144003,22768006,3581.39,0.06728641,0
1507144002,22768005,3583.20,2.04028491,0
1507144002,22768004,3581.52,0.18408161,0
1507144001,22768003,3581.45,0.06474552,0
1507143992,22767992,3573.97,0.04722874,1
1507143974,22767982,3581.51,0.01000000,0
1507143963,22767978,3581.52,0.02562319,0
1507143958,22767972,3581.52,0.05588980,0
1507143958,22767971,3581.47,0.13949105,0
1507143945,22767963,3581.52,0.02631722,0
1507143944,22767961,3573.00,0.02900000,1
1507143943,22767960,3576.57,0.01000000,1
1507143917,22767939,3580.57,0.20527279,0
1507143898,22767930,3581.52,0.10808818,0
1507143896,22767927,3581.19,0.22614713,0
1507143886,22767920,3581.27,0.01300947,0
1507143876,22767917,3581.51,0.02899287,0
1507143864,22767909,3569.20,0.01090891,1
1507143864,22767908,3577.77,0.01000000,1
1507143863,22767907,3581.27,0.00299038,0
1507143798,22767856,3577.29,0.22070520,0
1507143797,22767855,3577.28,0.08182783,0
1507143784,22767848,3577.28,0.02682354,0
1507143778,22767840,3576.94,0.30465161,0
1507143747,22767812,3577.29,0.02609470,0
1507143735,22767807,3577.06,0.03998699,1
1507143718,22767793,3577.58,0.04000000,0
1507143708,22767785,3577.67,0.00798940,0
1507143706,22767780,3577.75,0.01241758,0
1507143685,22767769,3578.47,0.02751558,0
1507143664,22767754,3579.39,0.00781093,0
1507143647,22767739,3579.79,0.20000000,0
1507143646,22767737,3579.77,0.01038306,0
1507143641,22767736,3566.66,0.25476368,1
1507143641,22767735,3572.00,0.47011447,1
1507143641,22767734,3572.01,0.02799544,1
1507143629,22767732,3572.00,0.22281300,1
1507143604,22767728,3581.17,0.01740683,0
1507143565,22767716,3572.20,0.57101792,1
1507143565,22767715,3572.23,0.42898208,1
1507143565,22767714,3579.70,0.04160379,0
1507143545,22767712,3580.70,0.02277454,0
1507143524,22767692,3581.40,0.02010018,0
1507143523,22767691,3572.10,0.89724128,1
1507143523,22767690,3572.23,0.10275872,1
1507143513,22767682,3580.17,0.25075625,0
1507143472,22767650,3581.59,0.17822583,0
1507143444,22767642,3582.80,0.01441916,0
1507143439,22767640,3572.17,0.00577257,0
1507143435,22767638,3572.17,0.02500000,0
1507143432,22767636,3572.17,0.02713704,0
1507143431,22767635,3572.20,2.38360000,1
1507143431,22767634,3572.21,0.18849039,1
1507143431,22767633,3572.23,0.07000000,1
1507143431,22767632,3572.24,0.40000000,1
1507143428,22767630,3583.36,0.05377685,0
1507143426,22767627,3583.39,0.00808555,0
1507143386,22767606,3582.90,0.06977052,0
1507143366,22767588,3583.47,0.04898187,0
1507143365,22767587,3584.05,0.06585460,0
1507143351,22767577,3580.20,0.03310533,0
1507143351,22767576,3572.00,0.30707253,1
1507143350,22767575,3572.13,0.13715448,1
1507143329,22767555,3572.01,0.34362032,1
1507143329,22767554,3572.07,0.21637968,1
1507143329,22767553,3576.56,0.01000000,1
1507143317,22767550,3581.47,0.13715448,0
1507143259,22767526,3577.27,0.00476589,1
1507143253,22767517,3580.70,0.02763304,0
1507143249,22767513,3580.75,0.01392725,0
1507143243,22767512,3580.60,0.65467519,0
1507143241,22767510,3580.57,0.01399573,0
1507143229,22767506,3580.96,0.02214597,0
1507143186,22767500,3584.59,0.04559267,0
1507143186,22767499,3582.45,0.01999949,0
1507143186,22767498,3582.43,0.00999949,0
1507143184,22767496,3580.27,0.02632473,0
1507143144,22767462,3581.17,0.01178793,0
1507143139,22767459,3581.25,0.41248455,0
1507143123,22767456,3581.79,0.12810633,1
1507143102,22767449,3577.27,0.00223411,1
1507143069,22767437,3583.80,0.08246306,0
1507143063,22767436,3584.04,0.06401156,1
1507143053,22767433,3584.30,0.17974431,0
1507143044,22767429,3576.53,0.10025973,0
1507143032,22767420,3577.20,0.06943368,0
1507143024,22767419,3577.58,0.10978692,0
1507143021,22767418,3562.50,0.03369500,1
1507143021,22767417,3562.53,0.50000000,0
1507143021,22767416,3563.59,0.48000000,0
1507143021,22767415,3563.59,0.03319949,0
1507143020,22767414,3563.60,0.08873440,1
1507143020,22767413,3565.22,0.44671063,1
1507143020,22767412,3565.25,0.92888857,0
1507143019,22767411,3569.60,2.38580000,1
1507143019,22767410,3570.00,0.25000000,1
1507143019,22767408,3570.42,0.05945342,1
1507143017,22767406,3570.64,0.94351849,1
1507143014,22767405,3584.89,0.27517264,0
1507143013,22767403,3579.97,0.06860812,0
1507143006,22767399,3584.99,0.05380127,0
1507143000,22767397,3577.47,0.02065469,0
1507143000,22767396,3576.00,0.97934531,0
1507142992,22767395,3576.00,0.27894295,0
1507142987,22767394,3576.00,0.01917469,0
1507142985,22767391,3576.00,0.02613630,0
1507142983,22767390,3575.97,0.00800207,0
1507142962,22767389,3576.00,0.05500219,0
1507142949,22767385,3575.99,0.30575985,1
1507142949,22767384,3575.99,0.84890122,0
1507142949,22767383,3574.70,0.10059132,0
1507142944,22767376,3574.80,0.00978933,0
1507142943,22767371,3574.80,0.06417701,0
1507142942,22767369,3574.80,0.02816180,0
1507142911,22767368,3575.05,0.02791679,0
1507142904,22767365,3575.00,0.05483714,0
1507142884,22767354,3576.00,0.01639856,0
1507142864,22767347,3575.38,0.27178005,0
1507142820,22767325,3576.17,0.02271030,0
1507142819,22767324,3576.17,0.01124707,0
1507142815,22767321,3576.17,0.05578547,0
1507142806,22767318,3576.39,0.13540638,0
1507142784,22767312,3576.67,0.00797961,0
1507142735,22767298,3578.39,0.09510000,0
1507142725,22767296,3578.52,0.05425000,0
1507142702,22767287,3564.61,0.47442936,1
1507142702,22767286,3564.61,0.30000000,1
1507142702,22767285,3564.62,0.22557064,1
1507142693,22767282,3579.79,0.22430645,1
1507142691,22767281,3579.58,0.27727935,0
1507142690,22767280,3564.21,0.95644423,1
1507142689,22767278,3564.21,0.94355577,1
1507142689,22767277,3564.21,0.10000000,1
1507142681,22767275,3579.14,0.07048157,0
1507142676,22767274,3579.18,0.13082303,1
1507142676,22767273,3579.18,0.19473121,0
1507142669,22767272,3579.34,0.08873445,0
1507142664,22767270,3579.32,0.01075000,0
1507142664,22767269,3563.80,1.74145320,1
1507142663,22767268,3568.93,0.25854680,1
1507142657,22767263,3569.01,0.08908613,0
1507142638,22767256,3579.56,0.27866553,0
1507142625,22767252,3579.50,0.07584809,1
1507142605,22767239,3578.58,0.10245000,0
1507142588,22767236,3575.00,0.14000000,1
1507142577,22767231,3578.66,0.01115554,0
1507142564,22767221,3578.66,0.01538132,0
1507142508,22767171,3578.58,0.01941010,0
1507142504,22767168,3578.29,0.01381998,0
1507142413,22767086,3580.00,0.00298639,0
1507142412,22767083,3580.19,0.06892936,0
1507142404,22767072,3580.30,0.10560561,0
1507142385,22767062,3580.60,0.02625989,0
1507142383,22767060,3580.79,0.05379129,0
1507142363,22767051,3575.10,0.03952721,0
1507142361,22767050,3562.56,0.13500000,0
1507142360,22767049,3564.61,0.72500000,0
1507142360,22767048,3570.30,0.12000000,1
1507142358,22767047,3570.31,0.40000000,1
1507142346,22767042,3581.60,0.01291244,0
1507142325,22767034,3581.90,0.01532707,0
1507142308,22767028,3582.19,0.00561000,0
1507142303,22767027,3582.29,0.02631575,0
1507142298,22767024,3563.31,0.05170710,1
1507142296,22767023,3571.85,0.00500000,1
1507142284,22767013,3582.60,0.13454452,0
1507142270,22767006,3571.86,0.29988004,0
1507142221,22766976,3576.20,0.01314185,0
1507142219,22766975,3576.20,0.02775621,0
1507142204,22766959,3576.50,0.01000699,0
1507142184,22766955,3576.79,0.01079972,0
1507142148,22766939,3577.30,0.02764375,0
1507142137,22766937,3577.40,0.00953983,0
1507142125,22766933,3577.61,0.05323988,0
1507142107,22766927,3577.65,0.25854681,1
1507142106,22766926,3577.65,0.01747640,0
1507142103,22766924,3577.64,0.01097654,0
1507142064,22766895,3562.11,0.02387062,1
1507142061,22766893,3562.10,0.41194663,1
1507142061,22766892,3564.89,0.01390000,1
1507142060,22766891,3565.00,0.01374876,1
1507142060,22766890,3565.01,0.34529349,1
1507142057,22766888,3565.01,0.13669871,1
1507142057,22766887,3565.16,0.00278390,1
1507142055,22766885,3568.20,0.00300000,1
1507142004,22766835,3579.39,0.02690609,0
1507141984,22766794,3579.89,0.02563479,0
1507141964,22766781,3580.00,0.10000000,1
1507141956,22766779,3582.99,0.27855083,0
1507141933,22766757,3583.60,0.08227974,0
1507141919,22766751,3568.28,0.48067404,1
1507141919,22766750,3568.29,0.18011305,1
1507141919,22766749,3570.00,0.15042017,1
1507141919,22766748,3570.00,0.05000000,1
1507141919,22766747,3570.00,0.04896046,1
1507141919,22766746,3573.00,0.06142899,1
1507141919,22766745,3578.00,0.02840329,1
1507141913,22766732,3578.00,0.03800000,1
1507141897,22766726,3578.00,1.00000000,1
1507141860,22766705,3583.80,0.05566716,1
1507141857,22766704,3578.00,0.93040545,1
1507141857,22766703,3578.01,0.06959455,1
1507141806,22766676,3584.70,0.03521138,0
1507141766,22766649,3585.19,0.20843646,0
1507141755,22766646,3585.40,0.01397603,0
1507141754,22766645,3585.40,0.27487164,0
1507141725,22766607,3585.59,0.02886946,0
1507141724,22766604,3585.79,0.06224488,0
1507141704,22766594,3586.10,0.01548321,0
1507141695,22766592,3586.20,0.06861159,1
1507141693,22766591,3586.20,0.04127907,0
1507141684,22766587,3586.40,0.65361644,0
1507141682,22766583,3586.30,0.10002092,0
1507141636,22766555,3578.01,0.30000000,1
1507141624,22766548,3588.08,0.02026160,0
1507141617,22766546,3588.29,0.29500000,0
1507141603,22766543,3588.68,0.16241959,0
1507141599,22766542,3578.01,0.04797982,1
1507141599,22766541,3578.01,0.93773892,1
1507141581,22766531,3578.00,0.60655953,1
1507141581,22766528,3578.02,0.03000000,1
1507141581,22766526,3580.00,0.01225000,1
1507141571,22766516,3589.19,0.43840000,0
1507141545,22766500,3589.49,0.06981887,0
1507141543,22766499,3589.50,0.24360894,0
1507141525,22766491,3587.80,0.61058580,0
1507141524,22766490,3587.79,0.51631771,0
1507141524,22766489,3587.18,0.03000000,0
1507141524,22766488,3586.95,0.00279490,0
1507141524,22766487,3586.11,0.06142899,0
1507141524,22766486,3585.32,0.06646862,0
1507141524,22766485,3585.31,0.01265398,0
1507141465,22766419,3578.50,0.01752550,1
1507141464,22766417,3585.32,0.15752401,0
1507141464,22766416,3584.11,0.01914000,0
1507141464,22766415,3583.00,0.05000000,0
1507141464,22766414,3582.99,0.01746662,0
1507141459,22766408,3578.50,0.01752550,1
1507141454,22766403,3578.00,0.01752550,1
1507141448,22766393,3578.00,0.01752550,1
1507141444,22766390,3582.99,0.00784133,0
1507141443,22766385,3578.00,0.05016871,1
1507141437,22766378,3578.00,0.01921053,1
1507141432,22766373,3578.00,0.01921053,1
1507141426,22766361,3578.00,0.01921053,1
1507141421,22766352,3578.01,0.01921053,1
1507141416,22766334,3578.01,0.01921053,1
1507141410,22766325,3578.00,0.04999200,1
1507141407,22766320,3585.31,0.57743992,0
1507141407,22766319,3585.31,0.02615639,0
1507141404,22766314,3578.00,0.04996338,1
1507141398,22766303,3578.00,0.04994874,1
1507141383,22766265,3584.14,0.02077932,0
1507141383,22766259,3573.11,0.01914000,1
1507141368,22766232,3584.39,0.01000000,0
1507141344,22766222,3585.08,0.06659685,0
1507141344,22766221,3578.00,0.04992015,0
1507141344,22766220,3578.00,0.12761424,0
1507141332,22766219,3578.00,0.05503260,0
1507141331,22766218,3578.00,0.03289189,0
1507141329,22766216,3577.99,0.02286278,0
1507141309,22766202,3577.99,0.02775312,0
1507141305,22766200,3573.21,0.00223664,1
1507141274,22766183,3578.00,0.02733462,0
1507141249,22766161,3578.00,0.03228052,0
1507141249,22766160,3577.99,0.10123181,0
1507141224,22766144,3578.00,0.04130721,0
1507141224,22766143,3577.84,0.20246362,0
1507141223,22766141,3573.21,0.02879850,1
1507141222,22766140,3577.00,0.05740000,1
1507141220,22766130,3577.00,0.01760000,1
1507141215,22766116,3577.99,0.09737162,0
1507141194,22766090,3577.99,0.02508112,0
1507141185,22766083,3578.00,0.32615625,1
1507141181,22766077,3578.00,0.04989157,1
1507141175,22766069,3578.00,0.01920724,1
1507141170,22766064,3578.00,0.01919625,1
1507141164,22766061,3578.00,0.01918526,1
1507141159,22766053,3578.00,0.01917428,1
1507141153,22766045,3578.00,0.01915951,1
1507141148,22766038,3578.00,0.01914854,1
1507141143,22766035,3584.29,0.02087164,0
1507141143,22766034,3584.29,0.01045729,0
1507141143,22766031,3578.00,0.01913758,1
1507141137,22766018,3578.00,0.04072069,1
1507141124,22766008,3583.13,0.01718916,0
1507141124,22766007,3583.13,0.05493497,0
1507141118,22766006,3584.58,0.02070090,0
1507141118,22766005,3583.19,0.00705464,0
1507141100,22765995,3583.20,0.04175597,0
1507141070,22765965,3583.32,0.13310958,0
1507141066,22765963,3583.32,0.01897477,0
1507141044,22765927,3583.44,0.02629532,0
1507141027,22765914,3583.50,0.02694666,0
1507141005,22765905,3583.60,0.48334660,0
1507141004,22765904,3583.68,0.00814926,0
1507140988,22765898,3584.07,0.01391435,0
1507140975,22765895,3584.54,0.03582331,0
1507140973,22765892,3572.20,0.59567944,1
1507140973,22765890,3572.30,0.05000000,1
1507140973,22765888,3572.31,0.20000000,1
1507140972,22765881,3584.55,0.05565552,0
1507140916,22765861,3585.30,0.01367174,0
1507140905,22765857,3576.10,0.33491056,1
1507140904,22765856,3585.49,0.03125000,0
1507140890,22765853,3585.75,0.15194939,0
1507140890,22765852,3585.30,0.00805061,0
1507140890,22765851,3582.65,0.04000000,0
1507140887,22765850,3579.21,0.02027143,0
1507140886,22765849,3579.21,0.01493244,0
1507140884,22765848,3579.21,0.02627543,0
1507140855,22765831,3579.21,0.01393204,0
1507140792,22765813,3579.21,0.03028703,0
1507140785,22765812,3579.21,0.00807715,0
1507140743,22765802,3582.66,0.03003124,0
1507140724,22765788,3582.74,0.06056152,0
1507140723,22765786,3582.75,0.12807165,0
1507140702,22765783,3582.81,0.06929626,0
1507140673,22765765,3580.97,0.02725000,0
1507140663,22765760,3571.10,0.02878118,1
1507140663,22765759,3571.11,0.93719082,1
1507140662,22765757,3582.89,0.05568130,0
1507140644,22765749,3582.90,0.00807665,0
1507140639,22765746,3582.82,0.02713226,0
1507140604,22765737,3570.00,0.05103954,1
1507140604,22765736,3571.50,0.16681709,1
1507140604,22765735,3571.51,0.00999567,1
1507140566,22765726,3582.89,0.26668218,0
1507140553,22765721,3571.51,0.07575737,1
1507140544,22765719,3571.51,0.00892470,1
1507140484,22765700,3571.50,0.27861839,1
1507140463,22765686,3584.78,0.35000000,0
1507140453,22765679,3583.28,0.02422083,0
1507140437,22765674,3585.22,0.01000000,0
1507140434,22765672,3585.50,0.01083565,1
1507140432,22765671,3585.22,0.01674098,0
1507140424,22765668,3585.70,0.00946871,0
1507140424,22765667,3585.68,0.01730047,0
1507140409,22765664,3586.08,0.00138870,0
1507140390,22765656,3586.45,0.02405798,0
1507140388,22765654,3586.46,0.00776195,0
1507140379,22765649,3571.60,0.57605732,0
1507140379,22765648,3573.22,0.17896666,1
1507140379,22765647,3575.06,0.01674098,1
1507140378,22765646,3576.00,0.07494127,1
1507140378,22765645,3576.00,0.10000000,1
1507140378,22765644,3576.01,0.04000000,1
1507140376,22765643,3577.60,0.01329377,1
1507140343,22765634,3577.60,0.06940983,0
1507140335,22765597,3576.02,0.01967537,1
1507140335,22765596,3576.03,0.40000000,1
1507140329,22765593,3577.61,0.00812084,1
1507140326,22765590,3577.61,0.01054629,1
1507140323,22765586,3587.39,0.00911516,0
1507140287,22765584,3587.50,0.21175547,0
1507140287,22765583,3587.48,0.01999949,0
1507140287,22765582,3587.46,0.00999949,0
1507140257,22765580,3576.01,0.01002750,1
1507140257,22765576,3576.01,0.00713827,1
1507140249,22765574,3587.63,0.76695035,1
1507140249,22765573,3587.63,0.28968189,1
1507140249,22765572,3587.63,0.00999949,0
1507140243,22765571,3587.64,0.02728134,0
1507140226,22765556,3587.72,0.00806079,0
1507140225,22765555,3587.72,0.04560686,0
1507140225,22765554,3587.72,0.00999949,0
1507140203,22765539,3587.79,0.00745881,0
1507140203,22765538,3587.77,0.00999949,0
1507140189,22765521,3576.01,0.00898238,0
1507140185,22765520,3576.01,0.00101762,1
1507140183,22765513,3587.85,0.00779413,0
1507140182,22765511,3576.01,0.00909141,1
1507140179,22765507,3587.86,0.00302540,0
1507140164,22765491,3587.92,0.11125672,0
1507140161,22765489,3576.01,0.00752000,1
1507140147,22765480,3576.01,0.02371470,1
1507140147,22765479,3576.01,0.00355601,1
1507140145,22765477,3587.99,0.07712620,0
1507140144,22765476,3587.98,0.01545632,0
1507140144,22765475,3576.01,0.05523900,1
1507140144,22765474,3576.01,0.16757740,1
1507140136,22765473,3576.01,0.01758000,1
1507140125,22765469,3576.01,0.01006110,1
1507140124,22765466,3589.10,0.02485000,0
1507140104,22765450,3576.01,0.06200000,1
1507140087,22765446,3589.40,0.00773324,0
1507140064,22765437,3589.50,0.02674526,0
1507140043,22765431,3576.01,0.14278150,1
1507140014,22765420,3590.10,0.02755639,0
1507140006,22765417,3590.20,0.05556793,1
1507140003,22765413,3590.20,0.00278521,0
1507140002,22765411,3590.29,1.11133641,1
1507139986,22765400,3590.66,0.03158495,0
1507139976,22765380,3590.60,2.73061843,1
1507139963,22765374,3575.73,0.14308917,1
1507139957,22765370,3590.69,1.04453461,1
1507139926,22765362,3590.75,0.01181533,0
1507139924,22765361,3590.75,0.00778953,0
1507139904,22765348,3590.76,0.00779131,0
1507139903,22765347,3590.28,1.77976982,1
1507139901,22765346,3590.28,0.02392756,0
1507139901,22765345,3590.28,0.92681470,0
1507139864,22765335,3590.37,0.11829518,0
1507139839,22765308,3590.41,0.03500000,0
1507139831,22765306,3590.44,2.73182173,0
1507139788,22765291,3590.69,0.02753657,0
1507139787,22765289,3590.70,0.02708018,0
1507139773,22765282,3590.88,2.58610568,1
1507139772,22765281,3590.88,0.03491219,1
1507139772,22765279,3590.88,0.11039168,0
1507139726,22765240,3591.80,0.05187093,0
1507139721,22765231,3576.00,0.03480790,0
1507139720,22765230,3576.04,0.05456000,1
1507139718,22765229,3591.90,0.27781953,0
1507139718,22765228,3588.39,0.22232396,0
1507139713,22765219,3588.39,0.05486506,0
1507139684,22765206,3576.01,0.01312160,1
1507139653,22765191,3589.09,2.68797679,0
1507139653,22765190,3589.09,0.04100000,0
1507139647,22765188,3575.01,0.04100000,1
1507139632,22765149,3574.24,1.00000000,1
1507139628,22765148,3589.39,0.23900593,0
1507139628,22765147,3589.39,0.03959207,0
1507139624,22765145,3589.47,0.06040793,0
1507139620,22765144,3574.21,0.15036005,1
1507139620,22765143,3574.22,0.73200000,1
1507139618,22765142,3575.00,0.01763995,1
1507139603,22765138,3575.01,0.10000000,1
1507139593,22765133,3589.90,0.02208198,0
1507139589,22765128,3589.99,0.10558525,0
1507139585,22765125,3590.00,0.02603229,0
1507139584,22765124,3575.00,0.00891168,1
1507139577,22765123,3590.19,0.00556951,0
1507139576,22765122,3573.11,0.73462995,0
1507139575,22765121,3573.11,0.23017090,1
1507139575,22765120,3574.00,0.01000000,1
1507139573,22765118,3575.16,0.02519915,1
1507139561,22765113,3575.12,0.74540085,0
1507139561,22765112,3575.13,0.20000000,1
1507139560,22765111,3575.14,0.05459915,1
1507139544,22765106,3590.79,0.02621900,0
1507139542,22765105,3590.79,0.07617234,0
1507139532,22765094,3590.98,0.12491928,1
1507139531,22765093,3590.98,0.01397037,0
1507139510,22765082,3591.40,0.13516256,0
1507139508,22765079,3591.40,0.00780285,0
1507139484,22765057,3592.09,0.01347156,0
1507139476,22765053,3577.91,0.27761352,1
1507139465,22765052,3592.40,0.00802651,0
1507139463,22765048,3592.49,0.02554495,0
1507139452,22765044,3592.60,0.00807009,0
1507139450,22765043,3592.69,0.01275000,0
1507139448,22765042,3592.70,0.06983603,0
1507139436,22765036,3577.40,0.03407351,1
1507139418,22765031,3593.10,0.60578795,0
1507139418,22765030,3593.09,0.30000000,0
1507139418,22765029,3590.39,0.09421205,0
1507139412,22765026,3590.39,0.01663360,0
1507139364,22765016,3590.39,0.03516827,0
1507139349,22765010,3590.29,0.02404710,0
1507139348,22765009,3590.30,0.02603260,0
1507139307,22764989,3590.39,0.02096998,0
1507139284,22764983,3590.39,0.02618902,0
1507139233,22764968,3590.39,0.00706909,0
1507139226,22764966,3590.39,0.01400799,0
1507139203,22764950,3590.39,0.01575000,0
1507139170,22764929,3593.29,0.00554923,0
1507139164,22764927,3593.39,0.05247211,0
1507139163,22764926,3593.39,0.12769279,0
1507139162,22764924,3593.39,0.00555185,0
1507139154,22764923,3576.30,0.28975497,0
1507139154,22764922,3580.90,0.20327013,1
1507139152,22764921,3587.00,0.15697490,1
1507139145,22764920,3589.00,0.01380794,0
1507139122,22764910,3587.00,0.02900000,1
1507139105,22764904,3593.60,0.03384349,1
1507139104,22764901,3593.58,0.01999915,0
1507139104,22764900,3593.56,0.00999915,0
1507139098,22764895,3587.00,0.00222805,1
1507139059,22764871,3594.00,0.16515582,0
1507139046,22764867,3594.10,0.02775103,0
1507139045,22764866,3594.10,0.24351802,0
1507139044,22764865,3594.10,0.06383097,0
1507139020,22764846,3594.50,0.15000000,0
1507138981,22764833,3595.09,0.13162828,0
1507138966,22764827,3595.29,0.26531860,0
1507138966,22764826,3595.28,0.02999915,0
1507138964,22764825,3587.00,0.02441387,1
1507138944,22764822,3595.59,0.00780020,0
1507138933,22764776,3595.70,0.01558597,0
1507138925,22764769,3595.80,0.13162834,0
1507138904,22764755,3596.20,0.13110296,0
1507138885,22764751,3596.40,0.30133796,0
1507138885,22764750,3596.39,0.11823689,0
1507138885,22764749,3592.62,0.05331200,0
1507138885,22764748,3592.61,0.05000000,0
1507138885,22764747,3591.81,0.12562708,0
1507138885,22764746,3587.00,0.30921451,0
1507138869,22764742,3587.00,0.06000000,0
1507138865,22764733,3587.00,0.01029237,0
1507138823,22764649,3587.00,0.02049312,0
1507138823,22764648,3587.00,0.02636755,0
1507138814,22764643,3587.00,0.00571659,0
1507138803,22764630,3587.00,0.02760573,0
1507138803,22764628,3586.99,0.01108451,0
1507138775,22764598,3587.00,0.08906607,0
1507138773,22764593,3586.99,0.02216901,0
1507138764,22764582,3580.20,0.01500000,1
1507138745,22764568,3587.00,0.02943793,0
1507138744,22764567,3587.00,0.02228661,0
1507138723,22764538,3587.00,0.01335028,0
1507138705,22764525,3587.00,0.03151375,0
1507138700,22764518,3587.00,0.00958113,0
1507138698,22764514,3586.99,0.01810460,0
1507138692,22764511,3580.91,0.26546300,1
1507138691,22764510,3587.00,0.01300000,0
1507138689,22764508,3581.10,0.55064900,1
1507138685,22764505,3587.00,0.04214431,0
1507138685,22764504,3586.99,0.03620920,0
1507138667,22764487,3581.00,0.06008716,1
1507138661,22764476,3580.90,0.05284805,1
1507138660,22764475,3587.00,0.02780875,0
1507138655,22764470,3580.71,0.05284805,1
1507138650,22764463,3580.52,0.05991508,1
1507138645,22764458,3580.31,0.05986860,1
1507138644,22764455,3587.00,0.12339125,0
1507138641,22764453,3587.00,1.00000000,0
1507138605,22764406,3587.00,0.00780085,0
1507138603,22764404,3587.00,0.03551571,0
1507138596,22764392,3587.00,0.01391743,0
1507138595,22764390,3587.00,0.00845046,0
1507138594,22764386,3587.00,0.27808753,0
1507138594,22764384,3587.00,0.02758296,0
1507138593,22764379,3587.00,0.02211582,0
1507138571,22764348,3580.00,0.03773697,1
1507138567,22764332,3587.00,0.02391413,0
1507138566,22764329,3580.00,0.01256230,1
1507138565,22764327,3587.00,0.01307778,0
1507138563,22764319,3586.99,0.01250333,0
1507138553,22764287,3586.86,0.00703213,0
1507138553,22764286,3586.86,0.01382455,0
1507138486,22764172,3586.86,0.04601337,0
1507138476,22764169,3586.86,0.06781119,0
1507138476,22764168,3586.85,0.03203878,0
1507138461,22764164,3586.99,0.10390606,0
1507138459,22764163,3586.86,0.03513658,0
1507138441,22764152,3586.85,0.00605131,0
1507138419,22764146,3586.86,0.47039750,1
1507138403,22764142,3586.98,0.06719530,0
1507138350,22764125,3586.86,0.08342952,1
1507138329,22764105,3586.78,0.13938634,0
1507138327,22764101,3586.90,0.01319915,0
1507138327,22764100,3586.99,0.00879915,0
1507138324,22764099,3586.79,0.02033231,0
1507138323,22764095,3586.78,0.02558548,0
1507138306,22764087,3586.88,0.00780041,0
1507138306,22764086,3586.89,0.05564988,0
1507138305,22764085,3586.89,0.02650021,0
1507138284,22764073,3573.81,0.05057285,1
1507138284,22764072,3573.81,0.02624466,0
1507138284,22764071,3574.20,0.01000000,1
1507138283,22764070,3575.37,0.17225403,1
1507138283,22764069,3575.71,0.15000000,1
1507138281,22764068,3576.00,0.04989173,1
1507138275,22764060,3586.49,1.94686816,0
1507138217,22763998,3586.80,0.04125184,0
1507138216,22763997,3586.80,0.05491546,0
1507138214,22763995,3586.70,0.03014326,0
1507138213,22763993,3586.88,0.04125000,0
1507138211,22763992,3576.81,0.17157418,0
1507138211,22763991,3586.49,0.00500000,1
1507138210,22763988,3586.79,0.02342582,1
1507138204,22763982,3586.87,0.11990569,0
1507138200,22763976,3586.88,0.02224775,0
1507138181,22763975,3586.84,0.02677971,0
1507138172,22763973,3586.86,1.48000000,0
1507138158,22763959,3586.89,0.10000000,0
1507138112,22763940,3587.00,0.02642307,0
1507138107,22763937,3586.90,0.06809792,0
1507138106,22763936,3586.89,0.11498408,0
1507138085,22763920,3586.88,0.05215143,0
1507138077,22763917,3586.79,0.00317000,1
1507138041,22763892,3586.99,0.01640442,0
1507138026,22763889,3586.77,0.01761887,0
1507138016,22763879,3586.65,0.14819400,0
1507138002,22763863,3586.70,0.15475100,0
1507137990,22763861,3586.49,0.00605355,0
1507137926,22763832,3586.28,0.01112573,0
1507137918,22763829,3586.37,0.00605414,0
1507137916,22763828,3586.39,0.01596832,1
1507137915,22763827,3586.39,0.01161357,0
1507137914,22763825,3586.39,0.08239598,0
1507137908,22763821,3586.42,0.84524900,0
1507137874,22763807,3586.54,0.02781232,0
1507137865,22763805,3586.58,0.02585580,0
1507137864,22763800,3586.59,0.13683063,0
1507137844,22763787,3586.67,0.04073748,1
1507137844,22763785,3586.67,0.02322714,0
1507137770,22763742,3586.97,0.12514383,0
1507137767,22763738,3574.44,0.00354961,0
1507137764,22763736,3574.44,0.01785329,0
1507137763,22763733,3574.45,0.01010879,1
1507137762,22763732,3574.45,0.28989121,0
1507137724,22763718,3574.45,0.04840452,1
1507137724,22763717,3577.99,0.00183100,1
1507137719,22763715,3577.99,0.02726900,1
1507137706,22763702,3586.99,0.02676932,0
1507137677,22763691,3586.99,0.03305257,0
1507137646,22763670,3586.99,0.02219915,0
1507137645,22763669,3586.99,0.22247065,0
1507137645,22763668,3586.99,0.06500000,0
1507137644,22763667,3586.97,0.01479915,0
1507137609,22763636,3587.00,0.05484431,0
1507137609,22763635,3586.98,0.01015569,0
1507137606,22763631,3586.88,0.01834231,0
1507137604,22763623,3586.88,0.01618947,0
1507137603,22763621,3586.88,0.25862866,0
1507137592,22763612,3587.00,0.02700000,0
1507137584,22763611,3575.01,0.01015569,1
1507137560,22763607,3586.29,0.50000000,0
1507137560,22763606,3586.29,0.05590457,0
1507137546,22763598,3587.49,0.02624261,0
1507137544,22763597,3586.32,0.00780067,0
1507137522,22763551,3586.37,0.05038114,0
1507137522,22763550,3586.36,0.01461886,0
1507137505,22763533,3586.43,0.02671600,0
1507137485,22763521,3586.49,0.00792143,0
1507137475,22763510,3586.52,0.06500000,0
1507137439,22763495,3586.66,0.06500000,0
1507137402,22763467,3586.96,0.06500000,0
1507137386,22763460,3587.00,0.02607979,0
1507137374,22763457,3587.33,0.04077048,1
1507137374,22763456,3587.33,0.01000000,0
1507137370,22763444,3587.33,0.06500000,1
1507137364,22763437,3587.70,0.00820762,0
1507137331,22763408,3572.71,0.66000000,1
1507137321,22763398,3587.02,0.01431636,0
1507137318,22763396,3586.89,0.10977931,1
1507137317,22763394,3587.00,0.01325000,0
1507137316,22763393,3587.02,1.09810879,1
1507137316,22763391,3586.89,0.00223765,0
1507137314,22763389,3586.87,0.26487473,0
1507137294,22763380,3571.85,0.00223765,1
1507137288,22763379,3587.09,0.06500000,0
1507137265,22763362,3587.18,0.00806254,0
1507137252,22763355,3587.25,0.06500000,0
1507137229,22763341,3587.33,0.06500000,1
1507137204,22763306,3589.68,0.00779259,0
1507137188,22763286,3590.00,0.02570403,0
1507137186,22763285,3589.99,0.01775000,0
1507137185,22763281,3590.00,0.03377756,0
1507137185,22763280,3586.66,0.00558776,0
1507137183,22763279,3577.61,0.29773776,1
1507137179,22763270,3586.66,0.05448474,1
1507137165,22763258,3590.26,0.00792551,0
1507137084,22763229,3590.59,0.05443786,0
1507137065,22763223,3590.90,0.00800688,0
1507137064,22763222,3586.66,0.00909526,1
1507137047,22763216,3586.66,0.00142000,1
1507137023,22763209,3591.29,0.01335210,0
1507137004,22763179,3586.66,0.06500000,1
1507136985,22763173,3589.90,0.00797155,0
1507136983,22763171,3589.90,0.01305000,0
1507136965,22763162,3586.63,0.06500000,0
1507136944,22763145,3586.65,0.02624700,0
1507136934,22763137,3586.66,0.06500000,1
1507136904,22763098,3586.42,0.00812771,0
1507136852,22763066,3586.50,0.06500000,0
1507136844,22763065,3586.51,0.01905000,0
1507136835,22763033,3586.52,0.01397799,0
1507136834,22763031,3586.52,0.05846498,0
1507136824,22763028,3586.53,0.00780398,0
1507136823,22763025,3586.53,0.02558741,0
1507136815,22763014,3586.54,0.06500000,0
1507136809,22763010,3571.30,0.06077396,1
1507136809,22763009,3571.30,0.32809882,1
1507136807,22763008,3586.54,0.46689052,0
1507136798,22763004,3586.63,4.14218877,1
1507136798,22763002,3586.56,0.85781123,0
1507136786,22762989,3586.60,0.02161735,0
1507136769,22762967,3586.65,0.01390433,0
1507136764,22762963,3572.00,0.09371368,1
1507136764,22762961,3575.00,0.15000000,1
1507136764,22762958,3586.66,0.06500000,1
1507136762,22762956,3588.68,0.06392880,0
1507136723,22762927,3585.20,0.00904900,0
1507136722,22762926,3585.21,0.06500000,0
1507136706,22762918,3585.25,0.02625440,0
1507136705,22762916,3588.98,0.05261583,0
1507136704,22762915,3588.98,0.02556994,0
1507136703,22762911,3588.98,0.25840237,0
1507136696,22762898,3590.10,0.83793209,1
1507136696,22762897,3589.00,0.25243847,0
1507136694,22762891,3585.25,0.02113103,0
1507136684,22762881,3585.25,0.00932443,0
1507136676,22762877,3585.25,0.06500000,0
1507136664,22762873,3585.25,0.00454454,0
1507136664,22762872,3585.01,0.01560604,0
1507136664,22762871,3585.00,0.01924699,0
1507136645,22762862,3585.02,0.01306203,0
1507136640,22762858,3585.05,0.02443480,0
1507136639,22762857,3585.04,0.03121209,1
1507136638,22762856,3585.05,0.06500000,0
1507136627,22762849,3585.10,0.04124646,0
1507136623,22762842,3585.11,0.04499091,0
1507136605,22762818,3585.20,0.00806529,0
1507136604,22762816,3571.10,0.00349814,1
1507136603,22762815,3571.11,0.17416756,1
1507136597,22762812,3585.24,0.00000487,0
1507136596,22762810,3585.21,0.17674000,1
1507136595,22762809,3585.21,0.09742417,0
1507136592,22762808,3585.21,0.00257583,0
1507136592,22762807,3585.20,0.06242417,0
1507136581,22762799,3574.02,0.14000000,1
1507136569,22762793,3570.61,0.30069706,1
1507136568,22762792,3571.00,0.00994161,1
1507136568,22762791,3574.00,0.03936133,1
1507136566,22762785,3574.01,0.10000000,1
1507136535,22762776,3585.39,0.06500000,0
1507136510,22762763,3585.51,0.00393800,0
1507136503,22762759,3585.55,0.00887853,0
1507136492,22762744,3585.56,0.06500000,1
1507136482,22762738,3587.06,0.00138832,0
1507136479,22762736,3587.07,0.00778630,0
1507136478,22762735,3587.07,0.02756780,0
1507136477,22762734,3587.07,0.27314026,0
1507136477,22762733,3587.08,0.48124048,1
1507136476,22762732,3587.08,0.06506798,0
1507136447,22762702,3587.13,0.09480000,1
1507136427,22762675,3573.78,0.23777769,1
1507136426,22762674,3573.78,0.07730000,1
1507136425,22762672,3573.78,0.09990000,1
1507136424,22762670,3588.72,0.07545468,0
1507136424,22762669,3588.72,0.02280000,0
1507136421,22762668,3573.78,0.02280000,1
1507136408,22762661,3587.16,0.06500000,1
1507136404,22762660,3588.68,0.03253399,0
1507136401,22762659,3576.71,0.78398819,0
1507136400,22762658,3576.71,0.59327622,1
1507136365,22762651,3588.76,0.17876315,0
1507136365,22762650,3587.25,0.00520000,0
1507136362,22762648,3587.25,0.09480000,1
1507136361,22762645,3588.78,0.04414481,0
1507136356,22762636,3588.80,0.10000001,0
1507136356,22762635,3588.80,0.06853080,0
1507136312,22762617,3588.93,0.09470000,0
1507136290,22762608,3589.00,0.01389524,0
1507136283,22762603,3588.99,0.02556987,0
1507136255,22762589,3589.00,0.09470000,0
1507136234,22762585,3589.00,0.13896629,0
1507136204,22762564,3588.69,0.08201512,0
1507136199,22762555,3588.69,0.09470000,0
1507136174,22762549,3588.99,0.01390742,1
1507136162,22762542,3588.76,0.04302333,0
1507136162,22762541,3588.75,0.00007667,0
1507136161,22762540,3588.75,0.04307885,0
1507136119,22762477,3588.91,0.01389558,0
1507136115,22762475,3588.93,0.09470000,0
1507136103,22762467,3588.97,0.01390616,0
1507136102,22762466,3588.99,0.02762501,0
1507136087,22762462,3589.05,0.11836702,0
1507136072,22762438,3589.10,0.05000001,0
1507136067,22762433,3589.13,0.09470000,0
1507136067,22762432,3589.13,0.01000000,0
1507136059,22762413,3573.13,0.45975820,1
1507136058,22762411,3573.20,2.37500000,1
1507136058,22762410,3575.52,0.00224180,1
1507136057,22762409,3575.53,0.10000000,1
1507136045,22762390,3575.53,0.08937611,1
1507136043,22762381,3589.22,0.06391918,0
1507136014,22762368,3589.20,0.27789649,0
1507135997,22762365,3589.31,0.75000000,0
1507135980,22762361,3589.40,0.09470000,0
1507135964,22762360,3589.43,0.02621148,0
1507135948,22762355,3589.49,0.02621061,0
1507135946,22762353,3575.54,0.01390641,1
1507135944,22762350,3575.74,0.14278390,1
1507135944,22762349,3589.52,0.09470000,0
1507135907,22762332,3589.57,0.09470000,0
1507135904,22762330,3589.58,0.02094846,0
1507135895,22762326,3589.58,0.03922394,0
1507135878,22762324,3589.62,0.03075000,0
1507135871,22762322,3589.63,0.09470000,0
1507135863,22762321,3589.64,0.02556524,0
1507135824,22762299,3591.44,0.03878923,0
1507135814,22762295,3591.45,0.01358270,0
1507135813,22762294,3591.45,0.23666730,0
1507135785,22762267,3591.52,0.02705137,0
1507135753,22762239,3591.66,0.24265495,0
1507135753,22762238,3590.00,0.00759505,0
1507135752,22762237,3590.00,0.16740495,1
1507135746,22762234,3591.67,0.02685408,0
1507135743,22762233,3591.67,0.06387558,0
1507135725,22762225,3591.69,0.27771591,0
1507135710,22762210,3591.80,0.03000000,0
1507135693,22762175,3591.79,0.00435402,0
1507135674,22762140,3586.57,0.01390310,0
1507135647,22762095,3586.60,0.01966954,0
1507135642,22762084,3586.96,0.09480000,0
1507135623,22762052,3581.96,0.12810026,0
1507135612,22762042,3581.98,0.99540601,0
1507135601,22762034,3570.90,0.36995895,1
1507135600,22762032,3571.00,0.25000000,1
1507135600,22762031,3572.00,0.06766914,1
1507135600,22762029,3573.00,0.31139191,1
1507135575,22762015,3582.09,0.09490000,0
1507135547,22762003,3582.60,0.21712746,0
1507135545,22762001,3582.79,0.02987179,0
1507135544,22762000,3582.79,0.00807829,0
1507135539,22761990,3583.00,0.09490000,0
1507135525,22761976,3583.07,0.00778456,0
1507135505,22761946,3583.28,0.06260479,1
1507135504,22761944,3584.30,0.02336187,0
1507135503,22761943,3583.28,0.06321028,0
1507135503,22761942,3583.28,0.00223800,0
1507135488,22761905,3571.41,0.00223800,1
1507135486,22761897,3583.32,0.00278234,0
1507135485,22761893,3583.32,0.75349118,0
1507135465,22761877,3583.73,1.09944192,0
1507135456,22761868,3583.72,0.04500001,1
1507135442,22761860,3583.61,0.09490000,1
1507135437,22761843,3583.74,0.55668380,0
1507135405,22761737,3583.73,0.02658371,0
1507135404,22761736,3583.74,0.02269110,0
1507135402,22761735,3583.74,0.01873223,0
1507135375,22761723,3583.34,0.01873223,0
1507135350,22761718,3583.40,0.14000000,0
1507135337,22761716,3583.42,0.03746447,0
1507135329,22761707,3583.43,0.09490000,0
1507135327,22761705,3583.44,0.01391679,0
1507135303,22761699,3583.48,0.05529299,0
1507135284,22761693,3583.56,0.00831749,0
1507135259,22761680,3582.85,0.09490000,1
1507135205,22761662,3583.80,0.17105192,0
1507135204,22761661,3583.00,0.03712601,0
1507135204,22761660,3582.70,0.38085737,0
1507135181,22761630,3582.95,0.10543136,0
1507135180,22761629,3582.95,0.25025000,0
1507135158,22761616,3586.97,0.83613188,1
1507135158,22761615,3586.87,0.14000000,0
1507135158,22761614,3583.00,0.02171957,0
1507135156,22761613,3582.45,5.96406400,0
1507135124,22761591,3582.57,0.05371423,0
1507135092,22761585,3582.89,0.25025000,0
1507135083,22761579,3581.70,0.07899825,0
1507135046,22761564,3570.30,0.09000000,1
1507135034,22761562,3582.08,0.00569803,1
1507135034,22761561,3582.10,0.02762317,1
1507134996,22761550,3581.85,1.00320653,0
1507134996,22761549,3581.84,0.02685115,0
1507134987,22761532,3582.39,0.01911128,0
1507134985,22761528,3570.12,0.02685115,1
1507134983,22761526,3582.37,0.02037961,0
1507134965,22761519,3581.31,0.10459207,0
1507134963,22761508,3581.32,0.00557057,0
1507134955,22761507,3581.35,0.05570525,0
1507134943,22761505,3581.39,0.01241028,0
1507134930,22761497,3581.45,0.00728465,0
1507134930,22761496,3581.44,0.03606048,0
1507134923,22761490,3581.46,0.02525000,0
1507134905,22761477,3581.56,0.05819974,0
1507134891,22761473,3580.74,0.00279970,0
1507134891,22761471,3580.00,0.05002030,0
1507134883,22761460,3571.81,0.54232880,1
1507134858,22761442,3570.81,0.06989127,0
1507134828,22761429,3580.00,0.04500001,0
1507134822,22761425,3570.70,0.02500000,1
1507134817,22761423,3580.00,0.05497969,0
1507134804,22761410,3581.65,0.02803200,0
1507134760,22761382,3581.89,0.04500001,1
1507134735,22761375,3581.89,0.04500001,1
1507134701,22761360,3570.93,0.08934248,1
1507134687,22761358,3582.30,0.14760202,0
1507134663,22761348,3582.66,0.15338692,0
1507134661,22761347,3582.66,0.00523504,0
1507134661,22761346,3582.66,0.01702641,0
1507134657,22761339,3572.51,0.01702543,0
1507134656,22761336,3572.51,0.08397457,1
1507134655,22761331,3582.69,0.17430440,0
1507134655,22761327,3582.68,0.01780863,0
1507134622,22761297,3572.20,0.00001720,1
1507134622,22761296,3580.00,0.02454200,1
1507134612,22761282,3580.00,0.17545800,1
1507134586,22761266,3582.63,0.02661578,0
1507134585,22761265,3582.63,0.12529063,0
1507134564,22761253,3582.69,0.00638293,0
1507134564,22761252,3580.90,0.05905138,0
1507134515,22761215,3580.83,0.04500001,0
1507134512,22761211,3570.11,0.02198554,1
1507134498,22761201,3570.41,0.03484638,1
1507134498,22761200,3572.49,0.03958584,1
1507134495,22761191,3575.00,0.02000000,1
1507134495,22761190,3575.00,0.04971509,1
1507134493,22761185,3575.00,0.10028491,1
1507134484,22761176,3582.65,0.02561512,0
1507134483,22761175,3582.65,0.02360615,0
1507134482,22761173,3575.00,0.12117065,0
1507134482,22761172,3575.50,0.07169557,1
1507134481,22761171,3575.72,0.02000000,1
1507134481,22761169,3577.57,0.06962280,1
1507134481,22761167,3578.00,1.50000000,1
1507134480,22761165,3578.40,0.02513413,1
1507134480,22761164,3580.00,0.10000000,1
1507134479,22761162,3580.90,0.09137685,1
1507134478,22761161,3582.66,0.04500001,0
1507134460,22761153,3582.60,0.02598027,1
1507134452,22761143,3580.90,0.17101800,1
1507134441,22761140,3582.70,0.13279321,0
1507134436,22761139,3582.84,0.01393120,1
1507134432,22761137,3580.90,0.30356990,1
1507134432,22761136,3580.90,0.09031121,1
1507134431,22761135,3580.90,0.04113930,1
1507134405,22761116,3582.90,0.64870066,0
1507134404,22761113,3582.99,0.01306388,0
1507134375,22761081,3580.90,0.18602633,1
1507134364,22761072,3580.90,0.08275808,1
1507134362,22761068,3580.90,0.20871126,1
1507134362,22761066,3581.41,0.01498039,1
1507134362,22761065,3582.00,0.01902543,1
1507134347,22761039,3583.00,0.00779713,0
1507134345,22761037,3583.00,0.01330979,0
1507134344,22761035,3583.00,0.06693925,0
1507134331,22761023,3582.00,0.05222512,1
1507134321,22761011,3583.00,0.00004113,1
1507134316,22761002,3583.00,0.10980687,1
1507134312,22760997,3587.00,0.00297916,0
1507134311,22760994,3583.00,0.02935936,1
1507134287,22760985,3587.69,0.01717077,0
1507134287,22760984,3587.69,0.04025000,0
1507134280,22760978,3587.80,0.00825000,0
1507134265,22760964,3588.20,0.21687992,0
1507134250,22760957,3589.80,2.72314892,0
1507134247,22760956,3590.60,0.01306097,0
1507134245,22760953,3590.68,0.00829750,0
1507134244,22760951,3590.01,0.05000000,1
1507134223,22760934,3591.08,0.02463679,0
1507134217,22760928,3591.20,0.43921298,0
1507134202,22760917,3591.60,0.01944232,0
1507134172,22760906,3592.40,0.01000000,0
1507134167,22760903,3592.49,0.00555325,0
1507134136,22760890,3587.50,0.11274927,0
1507134129,22760880,3587.60,0.07980292,0
1507134113,22760855,3587.89,0.00825000,0
1507134086,22760828,3588.30,0.10460203,0
1507134076,22760813,3588.40,0.01415179,0
1507134075,22760812,3588.40,0.02825000,0
1507134064,22760810,3588.60,0.06558587,0
1507134044,22760790,3589.09,0.00183019,1
1507134032,22760784,3589.09,0.02846161,1
1507134028,22760781,3589.30,1.01679936,0
1507134005,22760759,3589.09,0.01389488,0
1507133985,22760753,3589.58,0.02196461,0
1507133981,22760745,3589.60,0.14905498,0
1507133975,22760738,3589.79,0.01000000,0
1507133971,22760737,3589.80,0.27999893,0
1507133946,22760691,3589.78,0.27153609,0
1507133944,22760689,3589.60,0.26741494,0
1507133916,22760647,3595.26,0.30000000,0
1507133914,22760645,3596.20,0.00148863,1
1507133914,22760642,3596.17,0.01109776,0
1507133913,22760641,3596.00,0.06600816,0
1507133911,22760637,3596.18,0.81826827,0
1507133904,22760627,3596.29,0.02803200,0
1507133887,22760607,3596.67,0.24668800,0
1507133887,22760606,3596.66,0.02219552,0
1507133863,22760591,3583.20,0.00128000,1
1507133863,22760590,3584.45,0.01000000,1
1507133845,22760575,3596.59,0.01258639,0
1507133830,22760571,3583.02,0.08829065,1
1507133830,22760570,3583.20,2.37060000,1
1507133830,22760569,3583.31,0.92373455,1
1507133830,22760568,3583.31,0.30000000,1
1507133810,22760555,3596.99,0.00297414,0
1507133785,22760540,3582.51,0.12562708,1
1507133785,22760539,3598.92,0.01000000,0
1507133775,22760529,3597.26,0.06497133,0
1507133775,22760528,3597.09,0.05995157,0
1507133774,22760519,3597.08,0.02032710,0
1507133748,22760499,3597.49,0.01873517,1
1507133748,22760498,3597.49,0.11990315,0
1507133705,22760461,3598.19,0.01662744,0
1507133705,22760460,3593.86,0.00278950,0
1507133684,22760443,3584.90,0.02000000,1
1507133684,22760442,3591.35,0.01000000,1
1507133625,22760414,3598.18,0.12252027,0
1507133623,22760413,3598.09,0.00222915,0
1507133585,22760395,3599.40,0.02549591,1
1507133583,22760394,3586.00,0.02964857,1
1507133567,22760389,3585.61,0.00222915,1
1507133557,22760383,3599.69,0.25508007,0
1507133544,22760380,3599.70,1.03646751,0
1507133544,22760379,3594.90,0.04042550,0
1507133542,22760377,3599.79,0.49713355,1
1507133541,22760376,3599.79,0.40389790,1
1507133540,22760375,3599.80,0.01000000,0
1507133539,22760374,3599.79,0.51648374,0
1507133537,22760371,3599.80,0.22024834,1
1507133536,22760370,3599.90,1.98145226,0
1507133536,22760369,3596.33,0.25834260,1
1507133536,22760368,3596.33,0.36508783,0
1507133535,22760367,3585.99,0.03119959,0
1507133534,22760366,3585.00,2.95035527,0
1507133505,22760329,3585.00,0.01391073,0
1507133504,22760328,3585.00,0.01090000,0
1507133487,22760319,3585.00,0.13645720,0
1507133484,22760318,3585.00,0.05000001,0
1507133480,22760314,3585.00,0.00278103,0
1507133465,22760298,3585.00,0.04039720,0
1507133464,22760295,3585.00,0.04039720,0
1507133462,22760292,3585.00,0.04039720,0
1507133454,22760278,3585.00,0.00058472,0
1507133454,22760277,3584.99,0.00836542,0
1507133451,22760273,3584.99,0.02679542,0
1507133441,22760259,3582.21,0.08892400,1
1507133435,22760258,3582.21,0.20689992,1
1507133421,22760199,3582.11,0.18072140,1
1507133421,22760198,3582.32,0.01000000,1
1507133401,22760168,3582.02,0.05580466,1
1507133397,22760161,3585.00,0.01824830,0
1507133395,22760155,3582.01,0.03304002,1
1507133394,22760150,3585.00,0.15227114,0
1507133394,22760149,3584.99,0.07032168,0
1507133388,22760126,3582.00,0.29948791,1
1507133387,22760123,3597.43,0.05769246,0
1507133387,22760122,3597.41,0.03028012,0
1507133387,22760120,3585.00,0.01656178,0
1507133382,22760102,3585.00,0.10841143,1
1507133382,22760099,3585.99,0.06522557,1
1507133381,22760096,3585.99,0.01822110,1
1507133380,22760095,3585.99,0.01655333,1
1507133377,22760092,3585.99,0.05000001,0
1507133375,22760088,3585.03,0.00144995,1
1507133375,22760086,3585.45,0.12415640,1
1507133375,22760084,3585.45,0.23391344,1
1507133375,22760079,3585.45,0.01654488,1
1507133369,22760065,3585.45,0.01653644,1
1507133364,22760057,3585.45,0.01661310,1
1507133364,22760053,3585.45,0.00652267,1
1507133364,22760051,3585.60,0.01000000,1
1507133356,22760046,3585.45,0.25509520,1
1507133356,22760045,3585.45,0.05452638,1
1507133351,22760043,3585.45,0.27545384,1
1507133351,22760042,3585.45,0.00071909,1
1507133351,22760041,3585.46,0.31688202,1
1507133349,22760036,3585.46,0.19882321,1
1507133346,22760035,3585.46,0.28429477,1
1507133346,22760034,3585.61,0.01000000,1
1507133346,22760033,3586.19,0.10000000,1
1507133346,22760032,3586.20,0.30000000,1
1507133338,22760018,3585.46,0.59403498,0
1507133327,22760008,3597.79,0.00698860,0
1507133326,22760007,3593.06,0.00647395,0
1507133326,22760005,3593.06,0.01000000,1
1507133315,22759988,3586.00,0.06900000,1
1507133315,22759984,3588.00,0.03000000,1
1507133315,22759981,3589.99,0.01000000,1
1507133308,22759976,3589.11,0.11303574,1
1507133308,22759974,3589.11,0.15199984,1
1507133265,22759916,3598.17,0.02594044,0
1507133250,22759905,3586.11,0.06874050,1
1507133250,22759904,3590.00,0.21075164,1
1507133245,22759900,3598.64,0.13936098,0
1507133240,22759897,3590.00,0.05924836,1
1507133223,22759884,3598.80,0.01939573,0
1507133191,22759850,3599.40,0.04156804,0
1507133156,22759802,3586.81,0.16996322,1
1507133156,22759801,3586.81,0.06042603,1
1507133151,22759799,3586.70,0.02673998,1
1507133150,22759798,3600.09,0.14684911,0
1507133143,22759791,3600.20,0.02615781,0
1507133137,22759779,3588.10,0.05752429,1
1507133137,22759777,3588.10,1.34407961,1
1507133128,22759771,3600.49,0.00804076,0
1507133084,22759731,3601.29,0.01864913,0
1507133071,22759729,3588.50,0.88352090,1
1507133070,22759728,3590.60,0.11647910,1
1507133067,22759727,3601.30,0.01606497,0
1507133065,22759722,3599.33,0.01318503,0
1507133047,22759666,3599.33,0.01302544,0
1507133046,22759665,3599.33,0.21976776,0
1507133045,22759664,3599.08,0.05168600,0
1507132997,22759592,3590.60,0.00345500,1
1507132984,22759574,3590.60,0.03896970,1
1507132925,22759495,3598.80,0.26285501,0
1507132921,22759483,3598.88,0.46630731,0
1507132919,22759481,3598.89,0.18841577,0
1507132912,22759473,3598.70,0.01602997,0
1507132905,22759468,3589.10,0.08618741,0
1507132904,22759467,3589.50,0.20432602,1
1507132904,22759466,3590.40,0.01388982,1
1507132904,22759465,3590.41,0.08355592,1
1507132903,22759463,3591.00,0.11204083,1
1507132886,22759456,3599.33,0.01851110,0
1507132871,22759441,3591.00,0.07642706,1
1507132864,22759436,3598.50,0.03973768,0
1507132845,22759430,3598.69,0.12337700,0
1507132781,22759384,3599.33,0.08558314,0
1507132776,22759381,3599.33,0.01387080,0
1507132766,22759376,3599.33,0.00803612,0
1507132764,22759374,3599.33,0.02802061,0
1507132726,22759342,3598.59,0.40000000,0
1507132686,22759254,3598.99,0.00895094,0
1507132684,22759253,3599.00,0.00810468,0
1507132631,22759206,3599.50,0.06835360,0
1507132621,22759205,3599.70,0.02692584,0
1507132572,22759178,3588.80,1.09198166,1
1507132572,22759176,3590.00,0.01500000,1
1507132570,22759175,3590.01,0.40000000,1
1507132561,22759169,3601.27,0.00859000,0
1507132550,22759145,3598.69,0.82982072,0
1507132543,22759144,3598.68,0.13116425,0
1507132524,22759138,3598.39,0.00803627,0
1507132511,22759129,3598.58,0.04109740,0
1507132490,22759111,3586.81,0.02526941,1
1507132490,22759110,3588.00,0.00277732,1
1507132490,22759109,3590.00,0.13804400,1
1507132453,22759099,3598.90,0.02720929,0
1507132452,22759098,3590.00,0.01000000,1
1507132426,22759074,3598.90,0.00777265,0
1507132424,22759073,3598.90,0.02720139,0
1507132381,22759018,3599.00,0.16601834,0
1507132364,22759002,3599.30,0.01302132,0
1507132361,22759000,3599.30,0.02386566,0
1507132359,22758996,3599.39,0.01000000,0
1507132332,22758972,3599.79,0.73572799,0
1507132325,22758968,3599.80,0.05540586,0
1507132320,22758967,3599.90,0.01681911,0
1507132320,22758966,3599.90,0.01386736,0
1507132304,22758956,3599.39,0.00776944,0
1507132296,22758945,3599.49,0.05541666,0
1507132295,22758940,3599.49,0.00549552,0
1507132276,22758922,3599.89,0.02521762,0
1507132249,22758898,3590.36,0.00222849,1
1507132248,22758897,3590.36,0.00227599,1
1507132216,22758864,3600.59,0.00297454,0
1507132216,22758863,3600.59,0.13534273,0
1507132207,22758859,3600.70,0.02814120,0
1507132193,22758827,3600.89,0.01253024,0
1507132181,22758818,3601.00,0.01380000,0
1507132176,22758805,3601.09,0.28156532,0
1507132164,22758779,3601.30,0.00420630,0
1507132164,22758778,3600.13,0.01931985,0
1507132152,22758775,3599.70,0.00398100,0
1507132131,22758726,3600.10,0.00554147,0
1507132127,22758698,3600.00,0.02669933,0
1507132119,22758683,3600.13,0.08937158,0
1507132117,22758678,3598.38,0.16192450,0
1507132096,22758669,3598.38,0.00789800,0
1507132085,22758667,3598.38,0.01906123,0
1507132047,22758647,3598.38,0.10433075,0
1507132024,22758634,3598.67,0.02720215,0
1507131994,22758621,3585.41,0.04086620,1
1507131994,22758620,3585.41,0.10000000,1
1507131993,22758619,3598.98,0.05296632,0
1507131982,22758614,3598.98,0.02615047,0
1507131965,22758606,3599.15,0.05424953,0
1507131963,22758605,3599.15,0.02720215,0
1507131929,22758593,3599.36,0.01347263,0
1507131903,22758538,3599.58,0.02549464,0
1507131889,22758533,3599.61,0.00554227,0
1507131886,22758531,3599.60,0.05542282,0
1507131861,22758521,3599.68,0.01695672,0
1507131848,22758519,3599.68,0.02698572,0
1507131847,22758518,3599.70,0.26942247,0
1507131846,22758517,3586.21,0.49757516,1
1507131846,22758516,3586.21,0.40000000,1
1507131838,22758506,3599.80,0.89311906,0
1507131837,22758505,3599.79,0.21528212,0
1507131827,22758501,3599.96,0.01285363,0
1507131807,22758496,3600.12,0.02596654,0
1507131802,22758491,3592.70,0.03735646,1
1507131802,22758490,3600.00,1.22815772,1
1507131793,22758486,3600.80,0.89130857,1
1507131789,22758484,3601.40,0.05539512,0
1507131787,22758479,3600.69,0.00222692,0
1507131787,22758478,3600.67,0.10646451,0
1507131780,22758474,3600.67,0.00276893,0
1507131764,22758467,3600.10,0.07913955,1
1507131760,22758466,3600.67,0.02770317,0
1507131748,22758438,3600.67,0.02745229,0
1507131745,22758437,3600.67,0.10837973,0
1507131743,22758436,3600.67,0.10025000,0
1507131704,22758402,3600.00,0.03342932,1
1507131693,22758398,3600.00,0.06632377,1
1507131688,22758394,3600.00,0.05791975,1
1507131683,22758388,3600.67,0.02698137,0
1507131673,22758377,3585.31,0.24037210,1
1507131664,22758372,3601.00,0.02186895,0
1507131662,22758367,3585.30,0.13137569,1
1507131648,22758364,3585.30,0.40000000,1
1507131644,22758363,3584.46,0.00222692,1
1507131639,22758362,3604.89,0.01000000,0
1507131636,22758359,3604.90,1.33866404,1
1507131636,22758354,3601.45,0.08517324,0
1507131636,22758353,3601.45,0.05865505,1
1507131635,22758352,3601.20,0.20688222,0
1507131635,22758351,3601.19,0.12000000,0
1507131634,22758349,3600.06,0.30000000,0
1507131634,22758348,3600.00,0.43657446,0
1507131632,22758347,3599.89,0.91564656,0
1507131624,22758340,3600.00,0.01342554,0
1507131602,22758307,3599.70,0.33252771,0
1507131564,22758287,3601.40,0.39835741,0
1507131539,22758262,3585.57,0.51073366,0
1507131537,22758260,3590.71,0.10626032,1
1507131537,22758259,3590.71,0.22523338,1
1507131508,22758242,3590.71,0.69135738,1
1507131507,22758241,3590.71,0.30000000,1
1507131504,22758240,3603.20,0.01574389,0
1507131469,22758230,3592.12,0.08517324,1
1507131451,22758223,3603.39,1.32565437,0
1507131451,22758222,3603.39,0.05861563,0
1507131432,22758216,3603.69,0.16630176,0
1507131424,22758214,3603.80,0.01079416,0
1507131403,22758208,3604.38,0.02767466,0
1507131346,22758159,3592.11,0.07371571,1
1507131346,22758157,3592.11,0.15120168,1
1507131333,22758147,3605.50,0.22379378,0
1507131333,22758145,3605.50,0.25000000,0
1507131332,22758143,3605.49,0.16123141,0
1507131331,22758142,3605.48,0.06095257,0
1507131321,22758135,3591.30,0.00079564,1
1507131320,22758134,3597.89,0.23581300,1
1507131306,22758128,3606.00,0.56643436,0
1507131306,22758127,3603.88,0.12190514,0
1507131264,22758122,3604.30,0.12453736,1
1507131264,22758121,3604.48,0.07027523,0
1507131264,22758120,3604.48,0.01198520,0
1507131260,22758119,3589.11,0.01198520,1
1507131252,22758114,3604.69,0.11988993,0
1507131238,22758110,3588.91,0.28546430,1
1507131237,22758109,3591.21,0.02765785,1
1507131237,22758108,3595.00,0.03469124,1
1507131224,22758102,3595.01,0.28523703,1
1507131220,22758099,3605.30,0.10893780,0
1507131203,22758081,3605.50,0.00276521,0
1507131192,22758078,3605.69,0.85598361,0
1507131172,22758065,3606.00,0.01106462,0
1507131165,22758062,3606.19,0.02637857,0
1507131063,22758015,3605.20,0.02545489,0
1507131061,22758011,3605.20,0.02484768,0
1507131043,22758007,3605.80,0.01828252,0
1507131029,22757999,3592.60,0.04000000,1
1507131017,22757988,3603.30,0.01836310,0
1507130981,22757902,3603.36,0.40693469,0
1507130947,22757874,3603.69,0.14180444,1
1507130946,22757873,3600.32,0.02772675,0
1507130946,22757872,3600.00,0.03479947,0
1507130944,22757870,3597.89,0.40450275,0
1507130944,22757868,3597.88,0.04242250,0
1507130924,22757862,3597.90,0.00776803,0
1507130884,22757842,3598.30,0.52774365,0
1507130883,22757839,3598.37,0.02550321,0
1507130816,22757820,3599.21,0.43059387,1
1507130815,22757819,3599.21,0.08484500,0
1507130806,22757816,3599.25,0.02617672,0
1507130804,22757815,3585.50,0.01173571,1
1507130773,22757795,3599.39,0.01387299,0
1507130764,22757793,3599.49,0.01364977,0
1507130712,22757769,3601.10,0.08229037,0
1507130684,22757762,3602.10,0.03009053,0
1507130667,22757754,3602.50,0.00377000,0
1507130665,22757752,3602.58,0.01556857,0
1507130643,22757709,3582.89,0.04284403,1
1507130642,22757707,3586.40,0.03479947,1
1507130642,22757706,3586.99,0.07558333,1
1507130642,22757705,3591.13,0.00614761,1
1507130640,22757704,3591.14,0.03100000,1
1507130604,22757693,3597.79,0.01000000,0
1507130562,22757684,3598.80,0.01055000,0
1507130522,22757670,3596.19,0.06379529,0
1507130486,22757648,3586.20,0.99990000,1
1507130484,22757640,3586.20,0.02530671,1
1507130484,22757639,3587.18,0.01000000,1
1507130474,22757637,3596.80,0.00571119,0
1507130443,22757633,3597.70,0.00805684,0
1507130421,22757627,3585.99,0.09500000,0
1507130418,22757626,3585.31,0.99990000,1
1507130403,22757621,3599.19,0.02022955,0
1507130386,22757612,3584.90,0.08584112,1
1507130386,22757611,3584.91,0.91405888,1
1507130354,22757604,3601.00,0.21629155,0
1507130354,22757603,3584.00,0.47392152,1
1507130353,22757602,3585.87,0.18956138,1
1507130353,22757601,3591.42,0.02772675,1
1507130353,22757600,3591.50,0.30869035,1
1507130344,22757597,3601.40,0.10417445,0
1507130321,22757595,3604.40,0.02750446,0
1507130319,22757594,3604.49,0.02445898,0
1507130319,22757593,3601.08,0.00278390,0
1507130319,22757592,3600.32,0.02779777,0
1507130319,22757591,3600.00,0.01292038,0
1507130318,22757590,3599.59,0.13000000,0
1507130318,22757589,3594.73,0.03000000,0
1507130318,22757588,3593.58,0.19878304,0
1507130318,22757586,3591.50,0.00279130,0
1507130264,22757577,3582.54,0.19878304,1
1507130259,22757575,3580.90,0.13000000,1
1507130246,22757569,3594.38,0.01275000,0
1507130245,22757567,3594.38,0.02335073,0
1507130215,22757559,3597.18,0.07200767,0
1507130173,22757549,3597.69,0.21485000,0
1507130164,22757545,3597.89,0.02335073,0
1507130163,22757544,3597.89,0.12754420,0
1507130144,22757516,3598.19,0.02622916,0
1507130106,22757496,3598.50,0.00773755,0
1507130044,22757466,3580.00,0.01056190,1
1507130005,22757450,3599.90,0.10002778,0
1507130005,22757449,3599.90,0.02659534,0
1507130001,22757448,3600.00,0.02190534,0
1507130001,22757447,3596.50,1.83556947,0
1507130000,22757446,3596.49,0.14000000,0
1507130000,22757445,3593.37,0.03000000,0
1507130000,22757444,3592.40,0.08119024,0
1507129998,22757443,3589.00,0.10000000,0
1507129998,22757442,3589.00,1.40016652,0
1507129984,22757437,3589.00,0.01101400,0
1507129983,22757433,3589.00,0.01445200,0
1507129979,22757427,3589.00,0.02763526,0
1507129963,22757423,3589.00,0.00779648,0
1507129943,22757380,3589.00,0.02743468,0
1507129916,22757372,3578.40,0.50000000,1
1507129885,22757352,3589.00,0.01296426,0
1507129883,22757350,3589.00,0.00780000,0
1507129880,22757348,3588.90,0.06868127,0
1507129869,22757331,3589.00,0.02146242,0
1507129867,22757328,3589.00,0.02676299,0
1507129866,22757327,3589.00,0.01883779,0
1507129853,22757311,3589.00,0.19427417,0
1507129853,22757310,3589.00,0.00139641,0
1507129846,22757304,3589.00,0.21192152,0
1507129844,22757301,3589.00,0.01670282,0
1507129840,22757298,3580.60,0.00223222,1
1507129832,22757292,3588.90,0.37239122,0
1507129827,22757283,3588.90,0.01292751,0
1507129824,22757279,3588.90,0.05266093,0
1507129822,22757277,3588.90,0.03940152,0
1507129822,22757275,3588.90,0.15178267,0
1507129804,22757269,3588.90,0.06392487,0
1507129789,22757259,3580.00,0.32988085,0
1507129786,22757258,3580.00,0.02799441,0
1507129774,22757251,3580.00,0.48281692,0
1507129768,22757247,3580.00,3.41195002,0
1507129768,22757246,3580.00,0.40569422,0
1507129752,22757237,3580.00,1.44805307,0
1507129734,22757226,3586.50,0.01000000,1
1507129721,22757224,3588.98,0.09620345,0
1507129714,22757223,3580.53,0.01136963,0
1507129713,22757222,3580.53,0.29523004,0
1507129713,22757221,3580.53,0.11972249,0
1507129705,22757214,3580.53,0.08058502,0
1507129688,22757208,3580.53,0.10044962,0
1507129674,22757199,3580.53,0.04264120,0
1507129661,22757195,3582.00,0.25795813,0
1507129660,22757194,3584.19,0.01000000,1
1507129653,22757192,3588.40,0.05836130,0
1507129649,22757189,3588.59,0.08701189,0
1507129646,22757186,3588.59,0.16349522,0
1507129639,22757179,3588.70,0.19502996,0
1507129633,22757177,3588.79,0.09177905,0
1507129633,22757176,3588.77,0.11069357,0
1507129633,22757175,3582.21,0.00030196,0
1507129632,22757174,3582.21,0.20314002,0
1507129626,22757170,3579.00,0.02623069,0
1507129624,22757164,3579.00,0.00779693,0
1507129623,22757155,3579.29,0.01000000,1
1507129584,22757109,3582.21,0.05914710,0
1507129580,22757106,3582.21,0.06128353,0
1507129564,22757103,3575.00,0.02314060,1
1507129564,22757102,3575.01,0.11000000,0
1507129562,22757100,3581.72,0.01000000,1
1507129544,22757094,3585.80,0.01305000,0
1507129527,22757089,3585.80,0.11293147,0
1507129524,22757087,3585.89,0.02912739,0
1507129506,22757074,3586.80,0.07570256,0
1507129506,22757073,3586.80,0.06842814,0
1507129505,22757072,3586.80,0.08787728,0
1507129500,22757067,3575.19,0.00800000,0
1507129499,22757066,3575.19,0.22500000,0
1507129497,22757062,3576.45,0.01000000,1
1507129493,22757060,3586.99,0.02781162,0
1507129484,22757051,3587.99,0.01121954,0
1507129480,22757048,3588.00,0.24290107,0
1507129464,22757043,3581.00,0.01200000,1
1507129464,22757042,3581.79,0.01000000,1
1507129444,22757035,3588.69,0.01725000,0
1507129431,22756997,3588.89,2.98141492,0
1507129427,22756995,3588.90,0.08338209,0
1507129403,22756988,3588.90,0.00275572,0
1507129395,22756986,3586.56,0.01000000,1
1507129384,22756975,3589.00,0.25847868,0
1507129376,22756971,3589.00,2.74090000,0
1507129376,22756969,3588.90,3.13910000,0
1507129376,22756968,3588.89,0.12000000,0
1507129350,22756961,3588.70,0.58537632,0
1507129308,22756940,3588.90,0.43311316,1
1507129308,22756939,3588.89,0.13000000,0
1507129307,22756938,3587.49,0.00666607,0
1507129304,22756936,3587.49,0.00833393,0
1507129302,22756929,3587.49,0.01000000,1
1507129289,22756922,3588.89,0.05558822,0
1507129287,22756921,3588.89,0.01323364,0
1507129273,22756916,3588.89,0.08338233,0
1507129257,22756907,3585.01,0.00277743,1
1507129246,22756864,3588.90,0.02601591,0
1507129241,22756859,3585.01,0.03097742,1
1507129203,22756812,3588.90,0.12785255,0
1507129165,22756802,3588.90,0.16676419,0
1507129164,22756801,3588.90,0.00778024,0
1507129155,22756799,3589.80,0.01000000,0
1507129144,22756795,3590.09,0.15955032,0
1507129142,22756789,3590.10,1.11294114,0
1507129129,22756776,3590.50,2.38895054,0
1507129129,22756775,3590.09,0.16000000,0
1507129129,22756773,3589.79,0.42202570,0
1507129129,22756771,3585.00,0.02902376,0
1507129123,22756768,3585.00,0.00778024,0
1507129087,22756743,3590.19,0.01488627,0
1507129069,22756727,3590.58,0.00500000,0
1507129065,22756726,3592.10,0.00500000,0
1507129063,22756724,3592.10,0.05639458,0
1507129051,22756718,3592.40,0.55884135,1
1507129046,22756715,3592.40,0.16238601,1
1507129032,22756706,3592.50,0.92220677,1
1507129031,22756702,3592.50,0.17779323,1
1507129025,22756689,3595.20,0.01455000,0
1507129018,22756678,3592.85,0.01000000,1
1507128990,22756661,3592.40,0.28082783,1
1507128985,22756658,3592.40,0.07207476,1
1507128983,22756645,3592.40,0.15981603,1
1507128977,22756629,3592.40,0.15649527,1
1507128945,22756607,3596.39,0.05673767,0
1507128933,22756596,3596.39,0.01000000,0
1507128913,22756592,3596.50,0.16443053,0
1507128883,22756571,3596.39,0.02880271,0
1507128799,22756533,3596.40,0.02773606,0
1507128794,22756532,3596.40,0.02477826,0
1507128748,22756514,3596.30,0.06130201,0
1507128746,22756507,3596.39,0.13928336,0
1507128743,22756506,3596.39,0.00637862,0
1507128681,22756474,3596.40,0.01000000,0
1507128650,22756465,3596.30,0.06989684,0
1507128643,22756464,3596.29,0.00783993,0
1507128623,22756459,3598.20,0.01697468,0
1507128618,22756457,3598.39,0.36546023,0
1507128598,22756451,3597.59,0.03351654,0
1507128598,22756450,3597.59,0.02528550,0
1507128543,22756427,3580.13,0.55321891,1
1507128543,22756426,3580.13,0.65000000,1
1507128543,22756424,3590.00,2.36870000,1
1507128543,22756418,3590.00,0.50000000,1
1507128543,22756412,3591.00,0.91308109,1
1507128543,22756406,3597.29,0.01500000,1
1507128506,22756358,3591.00,0.21948373,1
1507128505,22756357,3591.00,0.05343748,1
1507128494,22756349,3598.49,0.27203864,1
1507128493,22756348,3597.29,0.00114904,0
1507128486,22756344,3597.29,0.01911814,0
1507128484,22756342,3591.00,0.01399770,1
1507128466,22756333,3597.40,0.13942125,0
1507128464,22756331,3597.40,0.00777916,0
1507128438,22756324,3597.70,0.05176209,0
1507128401,22756297,3598.20,0.08189426,0
1507128401,22756296,3592.00,0.91810574,0
1507128343,22756256,3592.00,0.06870308,0
1507128326,22756244,3595.89,0.01161654,0
1507128318,22756238,3595.90,0.01387223,0
1507128309,22756233,3596.10,0.00882581,0
1507128309,22756232,3596.09,0.30788465,0
1507128287,22756180,3596.49,0.01000000,0
1507128284,22756178,3596.50,0.01329722,0
1507128276,22756173,3596.69,0.08211535,0
1507128233,22756151,3597.40,1.11594291,0
1507128219,22756149,3582.20,0.25843776,1
1507128219,22756148,3583.23,0.17374108,1
1507128219,22756147,3585.40,0.02782116,1
1507128219,22756146,3585.41,0.40000000,1
1507128205,22756138,3597.80,0.00910263,0
1507128204,22756135,3597.80,0.10487658,0
1507128181,22756114,3598.49,0.29435954,1
1507128180,22756111,3598.49,0.01056002,0
1507128158,22756099,3598.79,0.06647924,0
1507128152,22756091,3585.62,0.61013128,1
1507128152,22756090,3585.63,0.71000000,1
1507128151,22756089,3589.80,2.37050000,1
1507128151,22756088,3590.00,0.03482572,1
1507128151,22756087,3590.25,0.20000000,1
1507128149,22756086,3592.81,0.87054300,1
1507128124,22756061,3599.30,0.04066991,0
1507128075,22756043,3599.89,0.00572924,0
1507128045,22756030,3599.50,0.74053059,0
1507128045,22756029,3598.80,0.02808804,0
1507128043,22756026,3592.82,0.32066842,0
1507128000,22756016,3592.82,0.00079342,0
1507127998,22756015,3592.81,0.02684928,0
1507127983,22756011,3592.82,0.02620506,0
1507127977,22756010,3592.82,0.02868928,0
1507127975,22756009,3592.81,0.02614856,0
1507127964,22756008,3592.81,0.02755000,0
1507127949,22756006,3592.82,0.00777142,0
1507127922,22756000,3592.81,0.01304832,0
1507127921,22755998,3592.81,0.06903063,0
1507127916,22755997,3586.14,0.00222858,1
1507127881,22755985,3592.82,0.01016471,0
1507127879,22755981,3592.81,0.18947607,0
1507127861,22755973,3592.60,0.00631074,0
1507127861,22755972,3592.49,0.65700842,0
1507127861,22755971,3592.49,0.00785000,0
1507127854,22755965,3592.82,0.00570769,0
1507127845,22755957,3591.39,0.10000182,0
1507127845,22755956,3591.39,0.14773485,0
1507127842,22755953,3591.40,0.22172733,0
1507127834,22755882,3578.00,0.24891176,1
1507127832,22755879,3578.01,0.28235124,1
1507127831,22755876,3591.69,0.01000000,0
1507127828,22755873,3591.70,0.00500000,0
1507127802,22755868,3592.17,0.02695918,0
1507127784,22755854,3592.30,0.24990953,0
1507127767,22755846,3592.60,0.00138618,0
1507127767,22755845,3577.01,0.63000000,1
1507127766,22755844,3592.69,0.06239607,0
1507127765,22755843,3592.70,0.09308082,1
1507127764,22755842,3592.70,0.02554346,0
1507127764,22755841,3592.70,0.02525000,0
1507127763,22755838,3592.49,0.03463573,0
1507127753,22755835,3592.59,0.00138619,0
1507127736,22755832,3592.70,0.21859407,0
1507127713,22755830,3575.50,6.45724226,1
1507127713,22755828,3578.01,0.13931246,1
1507127713,22755826,3579.49,0.80000000,1
1507127713,22755823,3579.80,2.37340000,1
1507127712,22755821,3580.11,0.01000000,1
1507127712,22755817,3592.70,0.27199091,0
1507127654,22755796,3592.39,0.01388550,0
1507127646,22755795,3592.59,0.00559052,0
1507127644,22755794,3592.60,0.00778693,0
1507127632,22755789,3592.00,0.14581004,0
1507127632,22755788,3591.99,0.85969938,0
1507127619,22755779,3580.71,0.00218099,1
1507127619,22755778,3580.71,0.00222849,1
1507127615,22755755,3592.40,0.00693965,1
1507127584,22755746,3592.00,0.02554844,0
1507127528,22755722,3577.70,0.01050010,1
1507127528,22755720,3589.39,0.01000000,1
1507127524,22755716,3592.18,0.01525000,0
1507127505,22755709,3592.68,0.02671697,0
1507127503,22755707,3592.70,0.01302649,0
1507127485,22755692,3593.30,0.02615773,0
1507127467,22755672,3580.00,0.00144413,0
1507127466,22755671,3580.00,0.03497980,0
1507127462,22755665,3580.00,0.01696299,0
1507127461,22755663,3580.00,0.00500000,0
1507127456,22755659,3580.00,0.14884131,0
1507127456,22755658,3580.00,0.18486130,0
1507127455,22755657,3580.00,0.14872182,0
1507127446,22755649,3576.55,0.06955746,1
1507127440,22755644,3580.00,0.82126761,1
1507127440,22755643,3580.10,2.37370000,1
1507127388,22755557,3580.00,0.17873239,1
1507127388,22755555,3580.24,0.43819447,1
1507127388,22755553,3580.74,0.69700000,1
1507127388,22755552,3583.01,0.00194047,1
1507127388,22755551,3583.50,2.37460000,1
1507127388,22755550,3583.51,0.90953267,1
1507127388,22755549,3583.51,0.40000000,1
1507127376,22755538,3595.00,0.01387110,0
1507127375,22755537,3595.09,0.00400000,0
1507127355,22755528,3592.00,0.00388094,1
1507127347,22755525,3589.10,1.03641294,1
1507127347,22755524,3591.06,0.02779402,1
1507127347,22755523,3592.00,0.02449000,1
1507127347,22755522,3594.00,0.00776189,1
1507127347,22755521,3594.00,3.90354115,1
1507127343,22755515,3595.64,0.02552257,0
1507127341,22755511,3595.64,0.01552377,0
1507127336,22755508,3596.00,0.03104755,1
1507127336,22755506,3596.00,0.39200000,1
1507127335,22755503,3596.00,0.60800000,1
1507127299,22755495,3598.70,0.00460367,0
1507127254,22755472,3605.97,0.00297279,0
1507127241,22755466,3598.80,0.02828377,1
1507127228,22755461,3598.80,0.02851433,0
1507127224,22755456,3605.69,0.01433701,0
1507127223,22755454,3605.70,0.47919128,1
1507127223,22755453,3603.00,0.02868447,0
1507127221,22755451,3598.80,2.26294551,0
1507127200,22755447,3598.80,0.02078748,0
1507127150,22755432,3603.00,0.79899555,1
1507127149,22755431,3603.00,0.02300000,1
1507127142,22755429,3606.35,0.41121038,0
1507127142,22755428,3606.34,0.06000000,0
1507127142,22755427,3606.30,0.01004699,0
1507127142,22755426,3605.00,0.00001382,0
1507127141,22755425,3605.00,0.03453371,0
1507127141,22755424,3603.00,0.46901032,0
1507127141,22755423,3602.99,0.02891642,0
1507127116,22755410,3603.00,0.06098968,0
1507127116,22755409,3602.99,0.11928612,0
1507127116,22755408,3601.18,0.04410580,0
1507127116,22755407,3601.18,0.01456122,0
1507127114,22755406,3600.00,0.00635764,0
1507127104,22755403,3600.00,0.08389938,0
1507127084,22755398,3600.00,0.01054000,0
1507127058,22755390,3600.00,0.05541389,0
1507127030,22755376,3594.00,0.02922528,1
1507127026,22755375,3600.00,0.03123138,0
1507127025,22755374,3600.00,0.02736941,0
1507127006,22755369,3600.00,0.03282791,0
1507127005,22755368,3600.00,0.02691238,0
1507127004,22755365,3600.00,0.04156111,0
1507127003,22755363,3594.01,0.02940489,1
1507126970,22755344,3594.00,0.02989345,1
1507126970,22755342,3600.00,0.06475905,0
1507126969,22755341,3594.01,0.02995430,0
1507126962,22755334,3594.01,0.02988300,1
1507126961,22755328,3594.00,0.38241828,1
