date,tid,price,amount,type
1507161617,22778238,4219.74,0.30500000,0
1507161591,22778229,4219.53,0.05881301,0
1507161589,22778228,4219.55,0.70920122,0
1507161545,22778227,4219.08,0.55299970,1
1507161543,22778226,4219.07,0.00130073,0
1507161543,22778225,4219.07,0.00130257,0
1507161397,22778215,4218.90,0.02031739,0
1507161397,22778214,4218.89,0.00130303,0
1507161393,22778212,4218.93,0.04295671,0
1507161392,22778211,4215.34,0.00130189,0
1507161328,22778206,4215.44,0.02143742,0
1507161328,22778205,4215.43,0.00130254,0
1507161328,22778204,4215.42,0.00130408,0
1507161314,22778202,4213.00,0.01861849,1
1507161309,22778201,4215.44,0.00336438,0
1507161309,22778200,4215.44,0.30876376,0
1507161273,22778189,4213.03,0.02784600,1
1507161272,22778188,4213.03,0.01194023,1
1507161254,22778186,4215.88,0.00161759,1
1507161254,22778185,4215.88,0.00130249,0
1507161254,22778184,4215.87,0.00130094,1
1507161254,22778183,4215.72,0.00130400,1
1507161252,22778182,4213.11,0.00154183,0
1507161234,22778176,4215.80,0.35566670,0
1507161219,22778175,4213.00,0.17864684,1
1507161217,22778174,4213.04,0.12135316,1
1507161165,22778169,4214.75,0.03402556,1
1507161144,22778167,4214.46,0.05596277,0
1507161143,22778166,4214.46,0.00130372,0
1507161143,22778165,4214.45,0.00130479,0
1507161114,22778148,4214.55,0.05300111,0
1507161077,22778146,4213.09,0.04651617,1
1507161072,22778143,4214.65,0.23608751,0
1507161072,22778142,4214.65,0.00130206,0
1507161065,22778140,4214.67,0.02177384,0
1507161062,22778138,4214.70,0.11112297,0
1507161024,22778101,4214.98,0.04370000,0
1507160985,22778099,4215.24,0.04930857,0
1507160962,22778097,4215.37,0.00788572,0
1507160962,22778096,4215.37,0.00130440,0
1507160945,22778094,4215.48,0.01049680,0
1507160945,22778093,4215.46,0.00130320,0
1507160885,22778091,4215.90,0.01232400,0
1507160885,22778090,4215.89,0.00367600,0
1507160841,22778087,4211.60,0.16122139,0
1507160840,22778086,4211.60,0.00130374,0
1507160840,22778085,4211.59,0.00177811,0
1507160831,22778084,4211.60,0.00130371,0
1507160825,22778083,4213.00,0.00105675,1
1507160824,22778082,4213.00,0.02295990,0
1507160824,22778081,4211.61,0.00415403,0
1507160819,22778080,4206.71,0.00598020,0
1507160819,22778079,4207.42,0.87150000,0
1507160818,22778078,4207.42,0.87150000,0
1507160817,22778077,4207.42,0.02035927,1
1507160817,22778076,4212.84,2.23066053,1
1507160817,22778075,4212.82,0.00130177,0
1507160816,22778074,4212.80,0.00130308,0
1507160816,22778073,4212.79,0.00130480,0
1507160800,22778072,4212.89,0.02096145,0
1507160800,22778071,4212.86,0.00130365,0
1507160800,22778070,4212.86,0.00130487,0
1507160799,22778069,4212.85,0.00130364,0
1507160777,22778068,4212.92,0.06716013,0
1507160777,22778067,4212.92,0.00343996,0
1507160777,22778066,4212.91,0.00130258,0
1507160719,22778059,4207.00,0.08094878,1
1507160719,22778058,4208.31,0.18787501,1
1507160718,22778057,4210.01,0.02461846,1
1507160718,22778056,4210.03,0.04537977,1
1507160709,22778054,4214.00,0.09303080,1
1507160707,22778053,4217.47,0.10879745,1
1507160707,22778052,4217.47,0.64817295,1
1507160706,22778051,4217.12,0.47413523,0
1507160705,22778050,4213.16,0.00130220,0
1507160704,22778049,4213.15,0.00130182,0
1507160643,22778043,4213.34,0.18787501,0
1507160643,22778042,4212.42,0.00391498,0
1507160584,22778034,4208.80,0.47413523,1
1507160581,22778033,4210.00,0.05309399,1
1507160570,22778031,4210.01,0.00856937,0
1507160567,22778029,4210.00,0.00695243,1
1507160552,22778024,4210.01,0.30782568,0
1507160545,22778021,4210.01,0.12060480,0
1507160537,22778020,4210.00,0.16205358,1
1507160534,22778019,4212.98,1.28181362,0
1507160534,22778018,4214.59,0.08978294,1
1507160533,22778017,4214.65,0.05616836,1
1507160519,22778009,4214.65,0.00800003,1
1507160516,22778008,4214.65,0.00130244,1
1507160514,22778005,4214.60,0.09523294,0
1507160511,22778001,4218.42,0.11969453,0
1507160469,22777993,4214.63,0.58291800,1
1507160453,22777990,4217.40,0.02732042,0
1507160429,22777972,4221.68,0.43240742,0
1507160429,22777971,4219.69,0.00130105,0
1507160429,22777970,4217.60,0.00130314,0
1507160429,22777969,4217.58,0.16099280,0
1507160429,22777968,4217.52,0.00130362,0
1507160429,22777967,4217.51,0.00130212,0
1507160428,22777966,4217.49,0.01253761,0
1507160421,22777964,4214.59,0.00545000,1
1507160412,22777961,4219.70,0.13009029,0
1507160412,22777960,4216.94,0.00130098,0
1507160412,22777959,4216.92,0.00130256,0
1507160403,22777958,4216.95,0.37775387,0
1507160397,22777955,4216.95,0.11715735,0
1507160397,22777954,4216.95,0.00130182,0
1507160381,22777945,4210.50,2.27381209,0
1507160379,22777943,4214.66,0.03453896,1
1507160379,22777942,4215.24,0.07719859,1
1507160379,22777941,4215.25,0.11445036,1
1507160351,22777936,4215.24,0.92280141,1
1507160350,22777935,4215.24,0.99869759,1
1507160350,22777934,4215.46,0.10864664,1
1507160349,22777933,4215.46,0.00130412,1
1507160348,22777932,4215.26,0.00130110,0
1507160348,22777931,4215.24,0.00130241,0
1507160345,22777928,4215.24,0.07666236,0
1507160334,22777880,4214.66,0.83759091,1
1507160334,22777879,4214.66,0.00130437,1
1507160333,22777878,4214.65,0.16110472,0
1507160332,22777877,4214.58,0.99869685,1
1507160331,22777875,4214.58,0.00130315,0
1507160327,22777874,4214.59,0.99431223,0
1507160327,22777873,4214.58,0.00130128,0
1507160327,22777871,4214.57,0.00438649,0
1507160324,22777870,4214.58,1.00000000,0
1507160321,22777869,4214.59,0.99869640,0
1507160321,22777868,4214.59,0.00130360,0
1507160306,22777867,4214.66,0.02934978,0
1507160302,22777865,4214.67,0.00173157,0
1507160285,22777860,4215.02,0.01217358,0
1507160285,22777859,4214.99,0.00130342,0
1507160274,22777858,4215.18,0.61210508,0
1507160261,22777856,4206.71,0.21341646,0
1507160254,22777855,4206.65,0.69501882,1
1507160254,22777854,4206.65,0.72752958,0
1507160248,22777853,4206.82,0.87150000,1
1507160248,22777852,4209.00,0.50000000,1
1507160248,22777851,4210.00,0.91508354,1
1507160248,22777850,4210.00,0.08491646,1
1507160248,22777849,4210.05,0.04747694,1
1507160247,22777848,4210.05,0.04743192,1
1507160247,22777847,4210.06,2.32017468,1
1507160207,22777845,4216.85,0.00697775,0
1507160203,22777844,4216.91,0.21353337,0
1507160188,22777842,4212.06,1.86368742,0
1507160186,22777841,4217.01,0.11848313,0
1507160184,22777840,4212.06,2.50000000,1
1507160172,22777839,4212.00,1.43462103,0
1507160172,22777838,4212.00,0.17565425,1
1507160172,22777837,4212.01,1.38972472,1
1507160168,22777836,4217.05,0.04337323,1
1507160156,22777832,4211.07,0.10000000,1
1507160155,22777831,4211.04,2.24673669,0
1507160154,22777830,4211.04,0.25326331,0
1507160123,22777824,4211.01,2.50000000,1
1507160090,22777821,4211.03,1.26353859,0
1507160089,22777820,4211.05,0.87150000,1
1507160082,22777819,4211.03,0.50000000,1
1507160008,22777810,4221.16,0.50410963,0
1507160004,22777806,4221.21,0.02511604,0
1507160004,22777805,4217.93,0.00130093,0
1507159997,22777801,4221.33,0.04222402,0
1507159997,22777800,4221.30,0.87150000,0
1507159997,22777799,4217.98,0.00101897,0
1507159997,22777798,4217.97,0.00130049,0
1507159997,22777796,4217.95,0.00130051,0
1507159997,22777795,4217.92,0.00130341,0
1507159997,22777793,4217.91,0.00296160,0
1507159997,22777792,4217.90,0.00367167,0
1507159986,22777785,4217.98,0.00028358,0
1507159986,22777784,4217.97,0.00130099,0
1507159986,22777783,4213.78,0.01321806,0
1507159980,22777778,4210.05,0.01110000,1
1507159979,22777777,4210.02,0.21171409,0
1507159979,22777776,4210.02,0.87150000,1
1507159977,22777775,4210.05,1.50000000,0
1507159976,22777774,4210.12,1.00000000,1
1507159968,22777770,4218.00,2.00000000,1
1507159963,22777769,4218.02,1.41678591,1
1507159963,22777768,4218.02,2.50000000,1
1507159951,22777762,4218.02,1.46182643,1
1507159949,22777761,4221.67,0.99712688,0
1507159949,22777760,4221.67,0.00130060,0
1507159949,22777759,4218.01,0.00130265,0
1507159949,22777758,4218.01,0.01999295,0
1507159937,22777751,4221.70,0.01000000,0
1507159931,22777750,4223.96,0.50000000,0
1507159914,22777749,4224.15,0.01199577,0
1507159848,22777743,4225.10,0.00546199,0
1507159848,22777742,4225.10,0.00129928,0
1507159832,22777741,4225.18,0.70718125,0
1507159832,22777740,4225.18,0.00129909,0
1507159830,22777739,4225.19,0.11950403,0
1507159788,22777732,4225.43,0.05974838,0
1507159788,22777731,4225.43,0.13119380,0
1507159788,22777730,4225.43,0.00130074,0
1507159747,22777723,4225.71,0.11948865,0
1507159738,22777721,4225.78,0.00379445,0
1507159733,22777720,4225.81,0.04649311,0
1507159733,22777719,4225.81,0.00130056,0
1507159715,22777715,4225.94,0.70848034,0
1507159692,22777711,4226.15,0.35587136,0
1507159687,22777710,4226.14,0.00604094,0
1507159677,22777709,4226.22,0.23475114,1
1507159676,22777708,4222.60,0.00130066,0
1507159672,22777707,4215.82,0.00091871,0
1507159672,22777706,4215.82,0.08337865,1
1507159656,22777705,4225.50,0.01318477,0
1507159655,22777704,4221.73,0.00153923,0
1507159651,22777699,4225.51,0.11819580,0
1507159651,22777698,4221.74,0.00130068,0
1507159626,22777666,4222.80,0.01278304,1
1507159626,22777665,4221.80,0.00130022,0
1507159625,22777664,4221.78,0.00129983,0
1507159625,22777663,4221.74,0.00461691,0
1507159624,22777662,4221.75,0.02043524,0
1507159623,22777661,4221.75,0.00129982,0
1507159606,22777652,4215.62,0.50000000,1
1507159596,22777651,4221.82,0.07039962,0
1507159596,22777650,4221.81,0.00129911,0
1507159589,22777647,4221.82,0.00451721,0
1507159589,22777646,4221.03,0.00129989,0
1507159589,22777645,4219.96,0.00438266,0
1507159585,22777644,4225.68,0.01901688,0
1507159585,22777643,4221.82,0.00130053,0
1507159585,22777642,4221.04,0.00130209,0
1507159568,22777640,4221.06,0.00426116,0
1507159568,22777639,4221.06,0.01913578,1
1507159567,22777638,4219.99,0.00130096,0
1507159567,22777637,4219.98,0.00130017,0
1507159555,22777630,4220.00,2.33310000,0
1507159555,22777629,4220.02,0.16559776,1
1507159554,22777628,4220.01,0.00130224,0
1507159550,22777622,4225.94,0.02031675,0
1507159550,22777621,4220.03,0.00130275,0
1507159541,22777619,4215.32,0.50000000,1
1507159532,22777618,4220.03,0.00130289,0
1507159532,22777617,4216.94,0.01069711,0
1507159515,22777615,4216.94,0.00130289,0
1507159506,22777611,4221.30,0.05305000,1
1507159505,22777608,4219.43,0.00129988,0
1507159497,22777606,4220.30,0.01356551,0
1507159497,22777605,4219.45,0.00130289,0
1507159497,22777604,4219.44,0.00201192,0
1507159496,22777603,4219.43,0.00130316,0
1507159496,22777602,4219.42,0.00343602,0
1507159489,22777600,4221.88,0.37130995,0
1507159489,22777599,4221.87,0.00129901,0
1507159489,22777598,4221.86,0.00129901,0
1507159489,22777597,4221.85,0.00129994,0
1507159489,22777596,4221.84,0.00129980,0
1507159489,22777595,4221.83,0.00129993,0
1507159489,22777594,4221.82,0.00129927,0
1507159489,22777593,4219.23,0.00130164,0
1507159489,22777592,4218.61,0.00414756,0
1507159488,22777591,4218.60,0.00130304,0
1507159475,22777590,4218.60,0.50114418,0
1507159469,22777588,4218.87,2.35515838,1
1507159465,22777586,4218.66,0.00130316,0
1507159465,22777585,4218.65,0.00130132,0
1507159465,22777584,4218.64,0.00130184,0
1507159464,22777583,4218.63,0.00461916,0
1507159464,22777582,4218.60,0.00201429,0
1507159464,22777581,4218.58,0.00130185,0
1507159458,22777577,4218.61,2.29839750,0
1507159458,22777576,4218.60,0.00130092,0
1507159458,22777575,4218.60,0.00130158,0
1507159454,22777574,4218.61,0.99620292,0
1507159454,22777573,4218.60,0.00130331,0
1507159443,22777572,4215.23,0.00920400,1
1507159441,22777571,4218.67,0.03562593,0
1507159441,22777570,4218.65,0.00130145,0
1507159425,22777567,4220.86,0.13700805,1
1507159424,22777566,4218.70,0.00130135,0
1507159424,22777565,4218.69,0.00130207,0
1507159424,22777564,4218.68,0.00130078,0
1507159414,22777562,4218.73,0.01119943,0
1507159414,22777561,4218.73,0.00130057,0
1507159394,22777560,4220.86,0.53193087,0
1507159393,22777559,4218.83,0.05447673,0
1507159393,22777558,4218.82,0.00130147,0
1507159393,22777557,4218.81,0.00130226,0
1507159393,22777556,4218.80,0.00130107,0
1507159384,22777554,4220.83,0.05305327,1
1507159383,22777553,4220.83,0.00130097,0
1507159367,22777548,4220.87,0.09739944,0
1507159367,22777547,4220.87,0.00130002,0
1507159367,22777546,4220.86,0.00130054,0
1507159346,22777538,4220.90,0.01200518,0
1507159331,22777535,4215.17,0.01099178,1
1507159331,22777534,4220.94,0.00120822,1
1507159325,22777533,4221.75,0.05173683,1
1507159325,22777532,4221.74,0.00130236,1
1507159324,22777531,4220.95,0.00130207,0
1507159320,22777529,4220.95,0.05980393,1
1507159256,22777513,4221.09,0.12182304,0
1507159256,22777512,4221.08,0.00130184,0
1507159256,22777511,4221.07,0.00130272,0
1507159242,22777510,4221.11,0.00129923,0
1507159231,22777509,4221.16,0.00296094,0
1507159217,22777506,4221.21,0.23557713,0
1507159217,22777505,4221.20,0.00130055,0
1507159204,22777502,4221.24,0.05304751,1
1507159203,22777501,4221.24,0.00130145,0
1507159183,22777494,4221.42,0.00883343,0
1507159180,22777493,4221.23,0.01978429,0
1507159180,22777492,4221.22,0.00130142,0
1507159164,22777489,4221.25,0.00459520,0
1507159164,22777488,4221.25,0.00130247,0
1507159164,22777487,4221.24,0.00130233,0
1507159144,22777485,4221.28,2.14049900,0
1507159144,22777484,4221.26,0.00130100,0
1507159142,22777483,4221.39,0.05694466,0
1507159142,22777482,4221.29,0.00130030,0
1507159142,22777481,4221.28,0.00129967,0
1507159141,22777480,4221.27,0.00129928,0
1507159134,22777479,4221.28,0.02050000,0
1507159129,22777473,4216.53,0.01967577,0
1507159116,22777469,4214.51,1.00000000,1
1507159114,22777468,4221.41,0.42338930,0
1507159114,22777467,4221.40,0.00130167,0
1507159114,22777466,4212.47,0.58373127,0
1507159114,22777465,4212.47,0.41626873,0
1507159109,22777464,4212.46,1.00000000,1
1507159108,22777463,4214.49,0.00171946,0
1507159106,22777462,4212.46,1.00000000,1
1507159097,22777460,4214.50,1.00000000,1
1507159096,22777459,4221.52,0.06099588,0
1507159094,22777458,4212.27,0.96423100,0
1507159094,22777457,4212.27,0.03576900,1
1507159093,22777456,4221.53,0.04301575,0
1507159093,22777455,4221.44,0.08530000,0
1507159093,22777454,4221.43,1.11568425,0
1507159091,22777453,4214.49,1.00000000,1
1507159088,22777452,4212.40,1.00000000,1
1507159084,22777451,4221.57,0.13839858,0
1507159084,22777450,4221.52,0.00130142,0
1507159078,22777449,4221.58,2.27369834,0
1507159078,22777447,4221.55,0.08530000,0
1507159078,22777446,4221.54,0.00130166,0
1507159077,22777445,4214.49,0.12850000,1
1507159077,22777444,4214.53,0.87150000,1
1507159075,22777442,4214.49,1.00000000,1
1507159074,22777441,4221.55,0.01281575,1
1507159074,22777440,4221.55,0.00130233,1
1507159073,22777439,4221.55,0.00129979,0
1507159073,22777438,4221.54,0.00224851,0
1507159072,22777437,4214.48,1.00000000,1
1507159061,22777432,4210.01,0.09378872,1
1507159061,22777431,4210.26,0.00121128,1
1507159056,22777427,4218.51,1.00000000,1
1507159055,22777424,4218.51,0.09500000,1
1507159053,22777422,4214.36,0.04400000,1
1507159053,22777421,4218.46,0.05100000,1
1507159051,22777420,4221.59,1.29573120,0
1507159049,22777418,4218.46,0.18900000,1
1507159046,22777417,4218.50,0.03278889,1
1507159046,22777416,4223.00,0.15621111,1
1507159041,22777415,4227.00,4.96577078,1
1507158993,22777409,4232.81,0.13669300,1
1507158983,22777405,4232.80,0.07898200,1
1507158968,22777402,4232.98,0.39853333,0
1507158968,22777401,4232.98,0.00129608,0
1507158967,22777400,4232.97,0.00129673,0
1507158967,22777399,4232.96,0.00129633,0
1507158967,22777398,4232.91,0.00129598,0
1507158967,22777397,4232.90,0.00318751,0
1507158967,22777396,4232.84,0.00129729,0
1507158967,22777395,4232.81,0.00129756,0
1507158918,22777334,4227.23,0.02171546,1
1507158905,22777333,4232.30,0.06286855,1
1507158904,22777332,4231.99,0.00419425,0
1507158904,22777331,4231.98,0.00129729,0
1507158904,22777330,4231.97,0.00129796,0
1507158904,22777329,4231.96,0.00129841,0
1507158903,22777328,4231.95,0.00129658,0
1507158903,22777327,4231.94,0.00129895,0
1507158903,22777326,4231.93,0.00129845,0
1507158903,22777325,4231.92,0.00413156,0
1507158889,22777323,4231.96,0.00045900,1
1507158888,22777322,4231.81,0.00129680,0
1507158888,22777321,4231.80,0.00318761,0
1507158887,22777320,4231.79,0.00129648,0
1507158887,22777319,4231.78,0.00129702,0
1507158886,22777318,4231.77,0.00129630,0
1507158827,22777312,4227.13,0.10847474,1
1507158814,22777311,4227.13,0.21276596,1
1507158810,22777309,4231.99,0.04135867,0
1507158810,22777308,4231.84,0.00129908,0
1507158810,22777307,4231.83,0.00129724,0
1507158796,22777306,4228.69,0.02345029,1
1507158783,22777305,4231.88,0.02168535,0
1507158762,22777302,4231.93,0.11929547,0
1507158761,22777301,4231.93,0.39485122,1
1507158745,22777298,4231.94,0.00129653,0
1507158744,22777297,4231.94,0.00129836,0
1507158733,22777296,4231.93,0.16044878,1
1507158725,22777295,4231.99,0.01908483,0
1507158725,22777294,4231.90,0.00129865,0
1507158723,22777292,4231.88,0.00129668,0
1507158718,22777290,4231.89,0.00977169,0
1507158718,22777289,4231.89,0.00129799,0
1507158718,22777288,4231.88,0.00129681,0
1507158699,22777286,4227.01,0.00129794,0
1507158698,22777284,4227.00,0.02619180,1
1507158697,22777283,4227.01,2.35820000,0
1507158697,22777282,4227.13,0.01900545,1
1507158605,22777261,4232.09,0.00851523,0
1507158605,22777260,4232.08,0.00129637,0
1507158604,22777259,4232.07,0.00129821,0
1507158604,22777258,4231.93,0.00129669,0
1507158604,22777257,4231.91,0.00129672,0
1507158604,22777256,4229.96,0.00129678,0
1507158579,22777253,4227.01,0.23438726,1
1507158579,22777252,4227.04,0.04751112,1
1507158579,22777251,4232.98,0.27159000,0
1507158578,22777250,4230.00,0.15432280,0
1507158578,22777249,4230.00,0.05662691,0
1507158578,22777248,4230.00,0.01243643,0
1507158578,22777247,4229.99,0.00129976,0
1507158578,22777246,4229.98,0.00129718,0
1507158575,22777245,4230.00,0.04303081,0
1507158575,22777244,4229.97,0.00129898,0
1507158565,22777235,4230.00,0.03645118,0
1507158565,22777234,4229.92,0.00036241,0
1507158558,22777233,4229.92,0.00093718,0
1507158558,22777232,4229.91,0.00129775,0
1507158557,22777230,4229.90,0.00129838,0
1507158544,22777227,4229.93,0.01909537,1
1507158543,22777226,4229.93,0.00129723,1
1507158543,22777225,4229.93,0.00129881,0
1507158527,22777219,4227.50,0.02714000,1
1507158527,22777217,4227.50,0.00859771,1
1507158524,22777216,4230.00,0.00611090,0
1507158524,22777215,4229.99,0.00129776,0
1507158524,22777214,4229.98,0.00129992,0
1507158524,22777213,4229.87,0.00366404,0
1507158523,22777212,4229.86,0.00129680,0
1507158523,22777211,4229.85,0.00129698,0
1507158523,22777210,4229.84,0.00129869,0
1507158491,22777208,4229.98,0.00043700,0
1507158491,22777207,4229.97,0.00129889,0
1507158491,22777206,4229.90,0.00342611,0
1507158488,22777205,4228.11,0.07353898,1
1507158485,22777203,4229.99,0.08255916,0
1507158485,22777202,4229.95,0.00224335,0
1507158485,22777201,4229.94,0.00129878,0
1507158484,22777200,4229.93,0.00129891,0
1507158484,22777199,4229.92,0.00129983,0
1507158484,22777198,4229.91,0.00129997,0
1507158477,22777196,4228.12,0.06224554,1
1507158477,22777195,4229.93,0.01636970,1
1507158476,22777194,4229.93,0.00129695,0
1507158462,22777192,4230.00,0.06049868,0
1507158462,22777191,4229.99,0.00318970,0
1507158461,22777190,4229.98,0.00059860,0
1507158461,22777189,4229.96,0.00413387,0
1507158461,22777188,4229.94,0.04859615,0
1507158461,22777187,4229.96,0.00565002,1
1507158461,22777186,4229.95,0.00129987,0
1507158461,22777185,4229.95,0.00129906,1
1507158460,22777184,4229.94,0.00129922,0
1507158460,22777183,4229.93,0.00129763,0
1507158459,22777182,4229.92,0.00129841,0
1507158440,22777181,4229.98,0.00070103,0
1507158440,22777180,4229.97,0.00129897,0
1507158431,22777178,4230.00,0.00424981,0
1507158430,22777177,4229.99,0.00129670,0
1507158430,22777176,4229.98,0.00129949,0
1507158426,22777175,4230.00,0.10717730,0
1507158425,22777174,4230.00,0.01909518,0
1507158425,22777173,4229.99,0.00129756,0
1507158424,22777172,4229.98,0.00129744,0
1507158423,22777170,4227.39,0.00129837,0
1507158421,22777168,4227.01,0.01123000,1
1507158417,22777166,4225.69,0.00129805,0
1507158417,22777165,4225.68,0.00414003,0
1507158417,22777164,4225.66,0.00130065,0
1507158417,22777163,4225.65,0.00129869,0
1507158395,22777158,4223.15,1.00000000,1
1507158393,22777157,4223.14,0.91012899,0
1507158393,22777156,4223.14,0.08987101,1
1507158381,22777155,4227.92,0.99753214,0
1507158380,22777154,4227.92,0.00246786,1
1507158370,22777151,4229.99,0.58998898,1
1507158345,22777138,4229.99,0.00129801,0
1507158337,22777137,4229.95,0.02170304,1
1507158334,22777136,4229.95,0.00129780,1
1507158324,22777132,4229.55,0.00129816,1
1507158324,22777131,4228.89,0.20421401,0
1507158324,22777130,4228.89,0.18509949,0
1507158323,22777129,4228.01,0.28100516,0
1507158323,22777128,4228.00,0.00129801,0
1507158323,22777127,4227.99,0.00129735,0
1507158323,22777126,4227.98,0.00129999,0
1507158316,22777124,4224.69,0.00234882,1
1507158315,22777123,4228.01,0.00200000,0
1507158314,22777122,4228.01,0.01610263,0
1507158314,22777121,4228.00,0.00130058,0
1507158314,22777120,4227.99,0.00129830,0
1507158314,22777119,4227.98,0.00129849,0
1507158306,22777118,4228.01,0.01048707,0
1507158306,22777117,4228.00,0.00295393,0
1507158304,22777116,4228.01,0.02040514,0
1507158304,22777115,4227.90,0.00129790,0
1507158258,22777061,4228.08,0.00473992,0
1507158258,22777060,4228.07,0.00130052,0
1507158258,22777059,4228.05,0.00129804,0
1507158258,22777058,4228.04,0.00129896,0
1507158250,22777056,4228.07,0.00129816,1
1507158250,22777054,4228.07,0.00129882,0
1507158246,22777053,4228.86,0.04905104,1
1507158246,22777052,4228.85,0.00129964,1
1507158245,22777051,4228.09,0.00130011,0
1507158245,22777050,4228.08,0.00129827,0
1507158243,22777049,4228.07,0.00129711,0
1507158213,22777045,4223.00,0.02141381,1
1507158213,22777044,4223.07,0.02598619,1
1507158183,22777040,4228.16,0.05426001,1
1507158161,22777038,4228.21,0.00280684,1
1507158161,22777037,4228.22,0.25416577,1
1507158160,22777036,4228.22,0.00129747,0
1507158160,22777035,4228.21,0.00129922,0
1507158151,22777034,4223.00,0.00608940,1
1507158151,22777033,4223.01,0.01994296,1
1507158071,22777027,4222.54,0.59348563,1
1507158066,22777026,4228.50,0.01250000,0
1507158063,22777025,4228.52,0.05425526,0
1507158054,22777022,4228.89,0.01068650,0
1507158054,22777021,4228.88,0.00129727,0
1507158051,22777019,4228.55,0.66927083,1
1507158048,22777017,4228.47,0.41856209,0
1507158047,22777016,4228.54,0.00129912,0
1507158035,22777007,4225.91,0.00366796,1
1507158034,22777006,4225.49,1.95360000,0
1507158033,22777005,4228.59,0.02597512,1
1507158032,22777004,4225.45,0.00129953,0
1507158032,22777003,4225.44,0.00129887,0
1507158030,22777002,4225.43,0.00130059,0
1507158026,22776997,4225.46,0.02246981,0
1507158025,22776996,4224.99,0.00390322,0
1507157994,22776977,4219.48,0.19940000,1
1507157992,22776976,4225.12,0.00200000,0
1507157965,22776973,4225.20,0.00620000,0
1507157965,22776972,4225.20,0.07914827,0
1507157965,22776971,4225.14,0.00129804,0
1507157957,22776965,4225.15,0.24862603,0
1507157957,22776964,4225.14,0.00248461,0
1507157932,22776950,4225.22,0.06106554,0
1507157914,22776949,4225.64,0.00679974,1
1507157912,22776948,4225.33,0.00129920,0
1507157912,22776947,4225.32,0.00130064,0
1507157912,22776946,4225.29,0.00130054,0
1507157912,22776945,4225.28,0.00129988,0
1507157884,22776943,4225.32,0.01030000,0
1507157868,22776941,4225.39,0.01429078,0
1507157868,22776940,4225.39,0.00130083,0
1507157824,22776932,4225.56,0.02041415,0
1507157824,22776931,4225.56,0.00130131,0
1507157736,22776919,4222.13,0.02116799,1
1507157719,22776917,4225.98,0.00046527,0
1507157718,22776916,4225.97,0.00153473,0
1507157706,22776914,4226.15,0.00487181,0
1507157706,22776913,4226.07,0.00130038,0
1507157704,22776912,4226.15,0.07869690,0
1507157704,22776911,4226.09,0.00130035,0
1507157704,22776910,4226.08,0.00129970,0
1507157646,22776893,4226.40,0.05000098,0
1507157595,22776880,4226.67,0.00620000,0
1507157584,22776855,4227.00,0.04660343,0
1507157584,22776854,4226.88,0.00366588,0
1507157584,22776853,4226.86,0.00129861,0
1507157584,22776852,4226.83,0.00295426,0
1507157584,22776851,4226.82,0.00129905,0
1507157584,22776850,4226.80,0.00390103,0
1507157584,22776849,4226.75,0.00129865,0
1507157558,22776832,4227.00,0.79587329,0
1507157557,22776831,4226.96,0.00129873,0
1507157557,22776830,4226.95,0.00130031,0
1507157540,22776809,4222.69,0.23650000,1
1507157527,22776805,4228.87,0.10842207,0
1507157527,22776804,4228.86,0.00129981,0
1507157527,22776803,4228.85,0.00129797,0
1507157525,22776801,4228.87,0.01910045,1
1507157525,22776800,4228.87,0.00130030,1
1507157523,22776799,4228.85,0.00129874,0
1507157519,22776797,4228.86,0.02221449,0
1507157506,22776790,4229.14,0.01500000,0
1507157476,22776781,4224.99,0.00129809,0
1507157472,22776780,4222.20,0.13686000,1
1507157470,22776779,4225.00,3.62041334,0
1507157470,22776778,4225.00,4.00000000,0
1507157469,22776777,4225.56,0.37958666,1
1507157461,22776776,4229.40,0.16675363,1
1507157461,22776775,4229.43,0.35529467,1
1507157459,22776774,4229.41,0.00129961,0
1507157459,22776773,4229.41,0.00129909,0
1507157459,22776772,4229.41,0.00129690,0
1507157454,22776771,4229.40,0.00129914,0
1507157454,22776770,4229.39,0.37034817,0
1507157445,22776769,4229.42,0.00820000,0
1507157434,22776768,4229.49,0.00090832,0
1507157434,22776767,4229.48,0.00129705,0
1507157434,22776766,4229.47,0.00129999,0
1507157434,22776765,4229.46,0.00129933,0
1507157434,22776764,4229.45,0.00129867,0
1507157424,22776762,4229.50,0.17047459,0
1507157424,22776761,4229.49,0.00200611,0
1507157424,22776760,4229.48,0.00129854,0
1507157424,22776759,4229.47,0.00129906,0
1507157424,22776758,4229.46,0.00129800,0
1507157424,22776757,4229.45,0.00129682,0
1507157403,22776756,4229.98,0.06840295,0
1507157403,22776755,4229.97,0.00129705,0
1507157385,22776753,4229.93,0.00280104,0
1507157385,22776752,4229.93,0.00129896,0
1507157357,22776748,4228.01,0.38134921,1
1507157357,22776747,4228.95,0.01297964,1
1507157356,22776746,4229.68,0.07943303,1
1507157344,22776739,4233.00,0.09065438,0
1507157343,22776738,4232.98,0.12850000,0
1507157323,22776736,4233.00,0.05837400,0
1507157323,22776735,4231.61,0.00129904,0
1507157322,22776734,4229.98,0.00129823,0
1507157285,22776728,4233.00,0.24783380,0
1507157285,22776727,4233.00,0.87150000,1
1507157283,22776726,4229.99,0.05246878,0
1507157283,22776725,4229.98,0.00129922,0
1507157277,22776722,4229.99,0.02379255,0
1507157277,22776721,4228.95,0.00366355,0
1507157277,22776720,4228.94,0.00129941,0
1507157273,22776718,4224.31,0.12850000,1
1507157273,22776717,4224.34,0.87150000,1
1507157270,22776716,4224.30,1.00000000,1
1507157255,22776709,4230.00,0.00246675,1
1507157255,22776708,4230.00,0.00702293,1
1507157249,22776707,4232.08,0.02596094,1
1507157240,22776704,4232.99,0.19291626,1
1507157224,22776700,4233.00,0.00750000,0
1507157214,22776696,4232.99,0.72761225,1
1507157212,22776695,4233.00,0.82688244,0
1507157212,22776694,4232.99,0.00129874,0
1507157212,22776693,4232.98,0.00129638,0
1507157211,22776692,4232.97,0.00129597,0
1507157211,22776691,4232.09,0.00129703,0
1507157211,22776690,4232.09,0.01601756,0
1507157210,22776689,4232.09,0.01516315,0
1507157200,22776688,4232.08,1.33009522,1
1507157197,22776687,4232.07,0.00129898,1
1507157176,22776674,4232.09,0.01628070,0
1507157176,22776673,4230.75,0.00562295,0
1507157176,22776672,4230.74,0.00129710,0
1507157176,22776671,4230.63,0.00129662,0
1507157176,22776670,4230.63,0.00342233,0
1507157176,22776669,4230.62,0.00460714,0
1507157172,22776667,4230.61,0.00129975,0
1507157164,22776665,4230.60,0.00129961,1
1507157155,22776664,4230.60,0.00129687,1
1507157153,22776663,4230.00,0.00342687,0
1507157153,22776662,4230.00,0.50000000,0
1507157152,22776661,4230.00,0.17315679,0
1507157150,22776660,4230.00,0.00702293,0
1507157131,22776653,4230.00,0.06104750,0
1507157126,22776652,4229.99,0.23898632,1
1507157118,22776651,4229.99,0.00390039,0
1507157117,22776650,4229.98,0.23000000,1
1507157115,22776649,4229.98,0.00437083,0
1507157115,22776648,4229.98,2.99776580,0
1507157112,22776647,4229.98,0.00223420,0
1507157112,22776646,4229.98,7.00000000,0
1507157110,22776645,4229.97,0.00129912,0
1507157106,22776644,4229.96,0.00129907,1
1507157106,22776643,4228.92,0.00129738,0
1507157104,22776642,4229.96,0.27238775,0
1507157104,22776641,4229.00,1.68459134,0
1507157104,22776640,4228.93,0.00032091,0
1507157099,22776638,4228.93,0.00097636,0
1507157099,22776637,4228.92,0.00129737,0
1507157098,22776636,4228.91,0.00129975,0
1507157098,22776635,4228.90,0.00129782,0
1507157098,22776634,4228.89,0.00129717,0
1507157081,22776633,4229.00,0.49338835,0
1507157081,22776632,4228.95,0.00129713,0
1507157080,22776631,4228.94,0.00129712,1
1507157080,22776630,4228.90,0.00271902,0
1507157079,22776629,4228.89,0.00129838,0
1507157035,22776620,4225.56,0.06657231,1
1507157035,22776619,4228.02,0.07610000,1
1507157035,22776618,4228.06,0.17143522,1
1507157035,22776617,4228.99,0.04399247,1
1507157018,22776614,4228.99,0.00460971,1
1507157017,22776613,4228.99,0.00413443,1
1507157017,22776612,4229.00,1.00000000,0
1507157017,22776611,4228.99,0.00177110,0
1507157016,22776610,4228.96,0.00129695,0
1507157016,22776609,4228.95,0.00129811,0
1507157016,22776608,4228.94,0.00129680,0
1507157016,22776607,4228.93,0.00130028,0
1507157016,22776606,4228.92,0.00130015,0
1507156991,22776599,4229.00,1.82202031,0
1507156991,22776598,4229.00,0.10000000,0
1507156991,22776597,4228.99,0.00271494,0
1507156991,22776596,4228.98,0.00129679,0
1507156991,22776595,4228.97,0.00129968,0
1507156989,22776594,4228.99,1.08454033,0
1507156985,22776593,4228.99,0.41319159,0
1507156983,22776591,4228.99,0.17328634,0
1507156983,22776590,4228.75,0.00191026,0
1507156983,22776588,4228.01,0.16059565,0
1507156983,22776587,4226.23,0.00129934,0
1507156978,22776586,4226.10,0.00129783,0
1507156976,22776585,4226.22,0.00130103,0
1507156976,22776584,4226.21,0.00130046,0
1507156976,22776583,4226.11,0.00130105,0
1507156963,22776581,4226.23,0.02336326,0
1507156963,22776580,4226.14,0.00129863,0
1507156962,22776579,4226.13,0.00129844,0
1507156962,22776578,4226.12,0.00413792,0
1507156962,22776577,4226.11,0.00129934,0
1507156953,22776576,4226.00,0.01997500,1
1507156936,22776574,4225.57,0.00129867,1
1507156936,22776573,4225.57,0.02000000,0
1507156909,22776572,4225.57,0.02236285,1
1507156901,22776571,4225.57,0.02000000,1
1507156896,22776570,4225.57,0.06483219,1
1507156896,22776569,4226.24,0.00466393,1
1507156878,22776542,4226.23,0.08365244,1
1507156866,22776541,4226.23,0.00130028,1
1507156865,22776540,4226.23,0.78171700,0
1507156864,22776539,4227.80,0.01636614,0
1507156864,22776538,4227.79,0.00129790,0
1507156864,22776537,4227.78,0.00129754,0
1507156864,22776536,4227.77,0.00129726,0
1507156864,22776534,4227.77,0.00129792,0
1507156864,22776533,4227.75,0.00319124,0
1507156848,22776530,4226.21,0.00487000,1
1507156847,22776529,4226.21,0.02000000,1
1507156847,22776528,4226.21,0.02562290,1
1507156845,22776526,4226.21,0.11818826,1
1507156839,22776523,4226.19,0.00129972,0
1507156839,22776522,4226.18,0.00129999,0
1507156838,22776521,4226.17,0.00129763,0
1507156838,22776520,4226.16,0.00129801,0
1507156838,22776519,4226.15,0.00129972,0
1507156834,22776518,4225.57,0.16202884,1
1507156824,22776516,4225.57,0.16625063,1
1507156821,22776510,4226.97,0.00129764,0
1507156820,22776509,4227.00,0.99189831,0
1507156820,22776508,4227.00,0.50000000,0
1507156820,22776507,4226.99,2.00881196,0
1507156820,22776506,4226.98,0.00129854,0
1507156816,22776504,4226.99,0.05948856,0
1507156815,22776503,4225.98,0.00129816,0
1507156815,22776502,4226.00,1.79566923,0
1507156815,22776501,4225.99,1.00000000,0
1507156804,22776499,4226.00,0.03610478,0
1507156804,22776498,4226.00,0.00887700,0
1507156803,22776497,4226.00,0.03409387,0
1507156803,22776495,4225.95,0.00201091,0
1507156801,22776493,4225.97,0.00129850,0
1507156801,22776492,4225.96,0.00129877,0
1507156793,22776491,4225.99,0.00129795,0
1507156789,22776489,4226.00,0.12525512,0
1507156789,22776488,4225.99,0.00130059,0
1507156789,22776487,4225.98,0.06958390,0
1507156789,22776486,4225.97,0.00129928,0
1507156786,22776485,4225.98,0.09108889,0
1507156786,22776484,4225.98,0.00248432,0
1507156786,22776483,4225.97,0.00129878,0
1507156786,22776482,4225.96,0.00130024,0
1507156786,22776481,4225.95,0.00130053,0
1507156775,22776480,4220.17,0.00616848,1
1507156773,22776479,4225.56,0.00129968,0
1507156773,22776478,4225.55,0.00130021,0
1507156773,22776477,4225.53,0.00129967,0
1507156773,22776476,4225.52,0.00129871,0
1507156773,22776475,4225.52,0.03227909,0
1507156757,22776472,4219.21,0.02009434,1
1507156723,22776471,4226.99,0.02574060,1
1507156723,22776470,4225.23,0.00129802,0
1507156722,22776469,4225.22,0.00129973,0
1507156720,22776468,4224.84,0.00153561,0
1507156703,22776467,4226.64,0.13466062,0
1507156699,22776466,4218.59,0.07430364,1
1507156696,22776465,4222.69,0.16933352,1
1507156696,22776464,4225.00,0.02273148,1
1507156666,22776452,4226.84,0.16720723,1
1507156665,22776451,4226.83,0.00129861,1
1507156665,22776450,4226.82,0.00129807,0
1507156664,22776449,4226.78,0.00248087,0
1507156656,22776446,4225.00,0.01000000,1
1507156648,22776444,4225.00,0.17012777,1
1507156644,22776442,4225.00,0.01000000,1
1507156625,22776435,4227.00,0.00810169,0
1507156625,22776434,4226.99,0.00130013,0
1507156625,22776433,4226.98,0.00129962,0
1507156625,22776432,4226.97,0.00129856,0
1507156620,22776427,4225.00,0.01389975,1
1507156614,22776426,4225.00,1.77324100,1
1507156614,22776425,4225.01,0.02115900,1
1507156609,22776424,4225.01,0.13073200,1
1507156591,22776405,4227.73,0.12877101,0
1507156591,22776404,4227.72,0.00129847,0
1507156583,22776403,4221.42,0.28700000,1
1507156570,22776400,4221.30,0.09258700,1
1507156565,22776399,4227.99,0.23169948,0
1507156565,22776398,4227.84,0.00130052,0
1507156543,22776396,4227.90,0.03363036,0
1507156536,22776394,4227.93,0.02397279,0
1507156535,22776392,4220.94,0.11600000,1
1507156530,22776385,4220.89,0.29482167,1
1507156504,22776381,4228.17,0.00500000,0
1507156498,22776378,4220.47,0.03093100,1
1507156486,22776377,4220.22,0.22582655,1
1507156486,22776376,4220.31,1.00000000,1
1507156485,22776375,4220.22,0.13210000,1
1507156485,22776374,4220.25,2.36790000,1
1507156435,22776368,4228.69,0.00938206,0
1507156435,22776367,4228.67,0.00129921,0
1507156435,22776366,4228.66,0.00129961,0
1507156357,22776355,4219.22,0.04023540,1
1507156306,22776339,4228.45,3.22750161,0
1507156306,22776338,4227.86,0.04746141,0
1507156306,22776337,4227.71,0.00188993,0
1507156306,22776336,4227.63,21.61281991,0
1507156306,22776335,4227.62,0.00130024,0
1507156305,22776334,4227.61,0.00295536,0
1507156305,22776333,4227.60,0.27325249,0
1507156305,22776332,4222.82,0.00319343,0
1507156305,22776331,4222.82,2.50000000,0
1507156305,22776330,4222.17,2.32962562,0
1507156304,22776329,4222.81,0.17037438,1
1507156301,22776328,4222.81,0.00129977,0
1507156296,22776327,4222.82,0.27325249,1
1507156293,22776326,4227.63,1.00000000,0
1507156289,22776325,4227.63,1.00000000,0
1507156287,22776324,4227.63,1.00000000,0
1507156285,22776323,4227.62,0.00130037,1
1507156281,22776321,4227.62,0.00200819,0
1507156281,22776320,4227.62,0.00129868,0
1507156275,22776318,4227.61,0.00129909,0
1507156267,22776316,4227.62,0.00129935,1
1507156266,22776315,4227.60,0.00130000,0
1507156264,22776314,4227.63,0.99503870,0
1507156264,22776312,4227.62,0.00366368,0
1507156264,22776311,4227.61,0.00129762,0
1507156261,22776310,4227.63,1.00000000,0
1507156250,22776309,4227.63,0.99680700,0
1507156250,22776308,4227.61,0.00319300,0
1507156248,22776307,4227.63,0.89935900,0
1507156247,22776306,4227.62,0.10064100,0
1507156242,22776303,4227.63,0.99740345,0
1507156242,22776302,4227.62,0.00129755,0
1507156242,22776301,4227.61,0.00129900,0
1507156237,22776298,4227.62,0.00129822,1
1507156236,22776297,4227.62,0.00130046,0
1507156236,22776296,4227.61,0.00129980,0
1507156236,22776295,4227.60,0.00129861,0
1507156227,22776292,4222.59,0.00130216,0
1507156225,22776286,4227.63,0.54870228,0
1507156224,22776285,4227.62,0.00129772,0
1507156224,22776284,4222.60,0.45000000,0
1507156221,22776280,4227.63,1.00000000,0
1507156219,22776279,4227.63,0.99609744,0
1507156219,22776278,4227.62,0.00390256,0
1507156216,22776277,4227.61,0.00605263,1
1507156214,22776276,4227.61,0.69645689,1
1507156211,22776274,4227.62,0.18993815,1
1507156211,22776273,4227.62,0.00129880,1
1507156211,22776272,4227.62,0.00641183,1
1507156210,22776271,4227.61,0.00129999,0
1507156209,22776270,4224.22,0.18993815,1
1507156207,22776269,4227.63,0.99870047,0
1507156207,22776268,4227.62,0.00129953,0
1507156201,22776262,4227.62,0.16000000,0
1507156201,22776261,4227.61,0.00129915,0
1507156200,22776260,4227.60,0.00130060,0
1507156194,22776255,4227.54,0.00129994,0
1507156194,22776254,4227.53,0.00437319,0
1507156187,22776252,4221.97,0.00130273,1
1507156187,22776250,4221.97,0.91883884,0
1507156187,22776249,4219.00,1.00000000,0
1507156186,22776248,4219.00,0.45941538,0
1507156186,22776247,4218.99,0.93313260,0
1507156186,22776246,4218.98,0.00129995,0
1507156186,22776245,4218.97,0.00130232,0
1507156183,22776243,4218.94,0.00130066,1
1507156181,22776241,4218.86,0.00414704,0
1507156181,22776240,4218.85,0.00248783,0
1507156166,22776214,4212.69,0.10100000,1
1507156157,22776209,4212.46,0.02492274,1
1507156138,22776202,4218.99,0.02247240,0
1507156138,22776201,4218.98,0.00129985,0
1507156138,22776200,4218.97,0.00130129,0
1507156138,22776199,4218.96,0.00130034,0
1507156122,22776196,4218.95,0.00130057,0
1507156122,22776195,4218.91,0.00130095,0
1507156122,22776194,4218.90,0.00177411,0
1507156122,22776193,4218.89,0.00129994,0
1507156122,22776192,4218.88,0.00130129,0
1507156122,22776191,4218.87,0.00130235,0
1507156122,22776190,4218.86,0.00130221,0
1507156084,22776185,4218.99,0.00736103,0
1507156083,22776184,4218.98,0.00130167,0
1507156083,22776183,4218.97,0.00130153,0
1507156083,22776182,4218.96,0.00129997,0
1507156083,22776181,4218.95,0.00130180,0
1507156072,22776180,4218.99,0.02721959,0
1507156072,22776179,4218.98,0.00130306,0
1507156072,22776178,4218.97,0.00130232,0
1507156067,22776176,4218.99,0.00981438,0
1507156066,22776175,4218.97,0.00130277,0
1507156066,22776174,4218.97,0.00153837,1
1507156065,22776173,4218.96,0.00129990,0
1507156054,22776172,4219.00,0.00469753,0
1507156054,22776171,4218.99,0.00130247,0
1507156026,22776169,4219.00,0.50000000,0
1507156020,22776168,4218.99,0.00969774,1
1507156008,22776166,4218.88,0.00130226,0
1507156003,22776165,4219.00,0.19021171,0
1507156003,22776164,4218.93,0.00129988,0
1507156003,22776163,4218.92,0.00130168,0
1507156003,22776162,4218.91,0.00130145,0
1507156002,22776161,4218.90,0.00461960,0
1507156002,22776160,4218.89,0.00130173,0
1507156002,22776159,4218.88,0.00391025,0
1507155973,22776155,4219.00,0.83171996,0
1507155972,22776154,4218.99,0.00343396,0
1507155972,22776153,4218.98,0.00130126,0
1507155972,22776152,4218.96,0.16094014,0
1507155972,22776151,4218.96,0.00130142,0
1507155972,22776150,4218.95,0.00130326,0
1507155932,22776145,4211.33,0.06254661,0
1507155914,22776143,4215.47,0.20797708,1
1507155913,22776142,4215.52,0.03982292,1
1507155908,22776139,4220.00,0.00908596,0
1507155908,22776138,4220.00,0.00130290,1
1507155907,22776137,4219.99,0.00130092,0
1507155907,22776136,4219.98,0.00130026,1
1507155907,22776135,4219.97,0.00130175,0
1507155906,22776134,4219.97,0.00130240,1
1507155906,22776133,4219.96,0.00130044,0
1507155906,22776132,4219.95,0.00130274,0
1507155905,22776131,4219.94,0.00128574,0
1507155905,22776130,4219.93,0.00224922,1
1507155903,22776129,4219.94,0.00001702,0
1507155903,22776128,4219.93,0.00130278,0
1507155903,22776127,4219.92,0.00272320,0
1507155857,22776111,4221.00,0.03248606,0
1507155857,22776110,4220.89,0.00201294,0
1507155857,22776109,4220.88,0.00130011,0
1507155816,22776102,4221.00,0.02750970,0
1507155816,22776101,4220.96,0.00130199,0
1507155812,22776099,4221.00,0.73595432,0
1507155812,22776098,4220.99,0.00129975,0
1507155811,22776097,4220.98,0.00130029,0
1507155811,22776096,4220.97,0.00130125,0
1507155811,22776095,4220.96,0.00130272,0
1507155811,22776094,4220.95,0.00130029,0
1507155773,22776087,4221.97,0.08116116,0
1507155773,22776085,4221.87,0.00130079,0
1507155772,22776084,4221.86,0.00130027,1
1507155771,22776083,4221.86,0.00129948,0
1507155754,22776080,4220.00,0.04543788,1
1507155753,22776079,4221.96,0.04439738,0
1507155753,22776076,4221.96,0.00130207,0
1507155752,22776075,4221.95,0.00248438,0
1507155752,22776074,4221.95,0.00130206,0
1507155752,22776073,4221.94,0.00129915,0
1507155752,22776072,4221.93,0.00129934,0
1507155752,22776071,4221.39,0.00130116,0
1507155752,22776070,4221.38,0.00130065,0
1507155746,22776069,4220.00,0.04543788,1
1507155746,22776068,4220.00,0.04673951,1
1507155745,22776067,4220.00,0.49869838,1
1507155745,22776066,4220.00,0.50000000,1
1507155745,22776065,4220.00,0.04389821,1
1507155745,22776064,4220.01,0.17227601,1
1507155743,22776063,4221.40,3.48174539,1
1507155717,22776050,4221.40,0.41055152,1
1507155717,22776049,4221.40,0.00130080,1
1507155715,22776048,4221.40,0.00130146,1
1507155715,22776047,4221.39,0.08554460,0
1507155714,22776046,4220.00,0.00153967,1
1507155713,22776044,4220.00,0.00130163,1
1507155713,22776043,4220.00,0.09870906,0
1507155713,22776042,4220.00,0.35324981,0
1507155709,22776041,4219.99,0.00130162,0
1507155705,22776039,4220.00,0.14675019,0
1507155705,22776038,4220.00,0.02674820,0
1507155703,22776035,4220.00,0.33750659,0
1507155703,22776034,4219.99,0.00130212,0
1507155703,22776033,4219.98,0.00130148,0
1507155703,22776032,4219.97,0.00129981,0
1507155699,22776005,4211.71,0.03808466,1
1507155694,22775992,4220.00,0.15859000,0
1507155694,22775991,4220.00,0.24845695,0
1507155694,22775990,4219.93,0.00130043,0
1507155693,22775989,4220.00,0.15598785,0
1507155693,22775988,4219.96,0.00130036,0
1507155693,22775987,4219.94,0.00130179,0
1507155684,22775984,4211.25,0.16266269,1
1507155681,22775983,4219.98,0.00130232,0
1507155680,22775982,4219.97,0.00129998,0
1507155664,22775977,4220.00,0.07271041,0
1507155663,22775976,4220.00,0.00130036,1
1507155663,22775975,4219.61,0.00438274,0
1507155662,22775974,4218.53,0.00830000,1
1507155661,22775973,4218.53,0.00130119,0
1507155657,22775971,4210.55,0.14466229,1
1507155647,22775959,4219.62,0.51627459,0
1507155647,22775958,4219.61,0.00130149,0
1507155647,22775957,4218.55,0.16095578,0
1507155647,22775956,4218.55,0.00130061,0
1507155647,22775955,4218.55,0.00130102,0
1507155647,22775954,4218.54,0.00130180,0
1507155647,22775953,4218.53,0.00130114,0
1507155643,22775950,4215.62,0.16409448,1
1507155637,22775944,4218.56,0.60677564,0
1507155634,22775942,4219.62,0.20000000,0
1507155634,22775940,4219.62,0.19479455,0
1507155633,22775939,4219.55,0.00130277,0
1507155633,22775938,4219.54,0.00130080,0
1507155633,22775937,4219.53,0.00130147,0
1507155633,22775936,4219.52,0.00130041,0
1507155631,22775935,4218.64,0.02084306,1
1507155628,22775929,4218.64,0.02000000,1
1507155627,22775924,4218.64,0.00658694,1
1507155614,22775920,4219.62,0.09490613,0
1507155614,22775919,4219.59,0.00130319,0
1507155614,22775918,4219.58,2.12424551,0
1507155613,22775917,4219.58,0.00248761,0
1507155613,22775916,4219.57,0.00130307,0
1507155605,22775914,4218.64,0.10000000,0
1507155604,22775913,4218.64,0.12437142,0
1507155604,22775912,4218.50,0.00462174,0
1507155604,22775911,4218.49,0.00130325,0
1507155604,22775910,4218.48,0.00130259,0
1507155597,22775908,4218.51,0.50000000,0
1507155596,22775907,4218.51,0.50000000,0
1507155595,22775906,4219.62,0.12086877,0
1507155595,22775905,4217.90,0.00224985,0
1507155595,22775904,4217.76,0.00177693,0
1507155595,22775903,4217.75,0.00130182,0
1507155595,22775902,4217.72,0.00130263,0
1507155587,22775900,4219.62,0.19764084,0
1507155587,22775899,4219.00,0.12547260,0
1507155587,22775898,4217.77,0.05838430,0
1507155586,22775897,4217.73,0.00130226,0
1507155579,22775894,4217.77,0.10260124,0
1507155575,22775893,4217.78,2.21270000,0
1507155563,22775890,4212.27,0.03425302,1
1507155563,22775889,4217.33,0.04497258,1
1507155557,22775888,4217.95,0.08869934,0
1507155557,22775887,4217.32,0.00130066,0
1507155556,22775886,4215.63,0.14707983,1
1507155550,22775884,4217.34,0.02744700,0
1507155549,22775883,4219.60,0.02083295,0
1507155549,22775882,4219.58,0.20349511,0
1507155548,22775880,4219.58,0.66800489,0
1507155548,22775879,4217.36,0.00130267,0
1507155548,22775878,4217.35,0.00248879,0
1507155548,22775877,4217.33,0.00130365,0
1507155548,22775876,4217.32,0.00130289,1
1507155547,22775875,4217.32,0.00130299,0
1507155534,22775874,4217.43,0.05986298,0
1507155510,22775867,4212.31,0.37977891,1
1507155464,22775838,4217.17,0.02845408,0
1507155461,22775837,4219.59,0.57576788,0
1507155461,22775836,4219.59,0.87150000,0
1507155461,22775835,4218.56,0.00130182,0
1507155460,22775834,4218.55,0.00130288,0
1507155460,22775833,4218.54,0.00130000,0
1507155460,22775832,4217.18,0.00130211,0
1507155452,22775831,4212.12,0.04287330,1
1507155452,22775830,4212.12,0.01080090,1
1507155451,22775829,4218.57,0.71652632,0
1507155451,22775828,4217.31,0.00130056,0
1507155448,22775827,4217.14,0.00130188,0
1507155447,22775826,4217.32,0.70479253,0
1507155447,22775825,4217.16,0.00130251,0
1507155447,22775824,4217.15,0.00130372,0
1507155439,22775823,4218.58,0.62758818,0
1507155438,22775822,4218.58,0.00130154,0
1507155438,22775821,4217.70,0.00130256,0
1507155438,22775820,4217.44,0.00130257,0
1507155438,22775819,4217.24,0.00130338,0
1507155431,22775818,4212.07,0.14057927,1
1507155430,22775817,4217.22,0.02813733,0
1507155429,22775816,4217.22,0.00130305,0
1507155429,22775815,4217.21,0.00343548,0
1507155429,22775814,4217.20,0.00130114,0
1507155429,22775813,4217.19,0.00130131,0
1507155421,22775811,4212.08,0.61007190,1
1507155395,22775808,4217.28,0.00011710,0
1507155394,22775807,4217.26,0.00130223,0
1507155394,22775806,4217.25,0.00130121,0
1507155359,22775804,4217.34,0.10000000,0
1507155358,22775803,4217.34,0.06206178,0
1507155358,22775802,4217.33,0.00438331,0
1507155358,22775801,4217.32,0.00130303,0
1507155358,22775800,4214.89,0.00225188,0
1507155352,22775798,4217.34,0.01720746,1
1507155351,22775797,4217.34,2.73914607,0
1507155351,22775796,4217.33,0.00130047,0
1507155351,22775795,4214.95,0.00130278,0
1507155350,22775794,4213.38,0.00130388,0
1507155341,22775793,4217.34,3.13752983,0
1507155341,22775792,4213.39,0.00130468,0
1507155333,22775787,4212.00,0.00130519,1
1507155332,22775786,4219.08,1.38576549,0
1507155332,22775785,4212.00,0.60672275,0
1507155332,22775784,4211.98,0.16120684,0
1507155332,22775783,4211.97,0.00130492,0
1507155327,22775782,4212.00,0.00760000,0
1507155310,22775780,4212.00,0.05703799,0
1507155310,22775779,4211.99,0.00130262,0
1507155310,22775778,4211.98,0.00225482,0
1507155310,22775777,4211.98,0.00177761,0
1507155310,22775776,4211.97,0.00130265,0
1507155300,22775775,4212.00,0.06631529,0
1507155297,22775773,4212.66,0.10145440,1
1507155295,22775772,4212.68,0.68482900,1
1507155275,22775766,4212.63,1.64500000,1
1507155267,22775763,4212.62,0.10132900,1
1507155257,22775760,4212.60,0.03264600,1
1507155249,22775759,4217.15,0.19160000,0
1507155249,22775758,4217.15,0.06237406,0
1507155249,22775757,4215.99,0.00130163,0
1507155246,22775756,4212.59,0.10111600,1
1507155241,22775752,4217.91,1.58476703,0
1507155240,22775751,4217.88,2.36920000,0
1507155240,22775750,4217.51,0.03110000,0
1507155240,22775749,4216.12,0.00391306,0
1507155240,22775748,4216.11,0.00130092,0
1507155240,22775747,4216.10,0.00130329,0
1507155240,22775746,4216.09,0.00130399,0
1507155240,22775745,4216.08,0.00130268,0
1507155239,22775744,4216.07,0.00177863,0
1507155239,22775743,4216.06,0.00391069,0
1507155239,22775742,4216.05,0.00272699,0
1507155198,22775731,4212.55,0.00900000,1
1507155193,22775728,4216.20,0.06237279,1
1507155192,22775727,4215.99,0.00130290,0
1507155174,22775725,4216.04,0.40730000,0
1507155167,22775724,4216.09,0.06663719,0
1507155167,22775723,4215.94,0.00177636,0
1507155167,22775722,4215.56,0.00130367,0
1507155164,22775721,4215.57,0.25869581,0
1507155164,22775720,4215.56,0.00130419,0
1507155155,22775719,4215.58,2.36518671,0
1507155154,22775718,4215.57,0.00391329,0
1507155153,22775717,4212.51,0.76030000,1
1507155146,22775716,4215.58,0.87054984,0
1507155145,22775715,4215.28,0.00367593,0
1507155145,22775714,4215.27,0.00225265,0
1507155145,22775713,4215.26,0.00130160,0
1507155145,22775712,4214.09,0.00130159,0
1507155145,22775711,4214.09,2.36910000,0
1507155140,22775709,4214.10,0.01202208,0
1507155136,22775707,4214.11,2.29728332,0
1507155136,22775706,4214.11,0.00130177,0
1507155136,22775705,4214.10,0.00130467,0
1507155136,22775704,4214.09,0.00130283,0
1507155135,22775703,4214.08,0.00130335,0
1507155126,22775700,4215.29,0.20250031,0
1507155126,22775699,4214.13,2.36950000,0
1507155126,22775698,4213.99,0.55899338,0
1507155126,22775697,4213.95,0.87150000,0
1507155124,22775696,4210.41,0.00249369,0
1507155124,22775695,4210.38,0.00130562,0
1507155117,22775694,4210.41,0.00695576,0
1507155117,22775693,4210.39,0.00415374,0
1507155116,22775692,4210.38,0.00130299,0
1507155086,22775691,4214.30,0.08027384,0
1507155086,22775690,4214.28,0.00130297,0
1507155022,22775678,4214.87,0.05000000,0
1507155015,22775677,4214.91,0.06125331,0
1507155013,22775676,4214.93,2.36518746,0
1507155013,22775675,4211.75,0.00130439,0
1507155013,22775674,4211.71,0.00320414,0
1507155012,22775673,4211.70,0.00130401,0
1507155012,22775672,4205.58,0.01330000,1
1507155005,22775671,4211.72,0.10894599,0
1507155003,22775669,4214.97,2.36880886,0
1507155002,22775668,4211.76,0.00130398,0
1507155002,22775667,4211.72,0.00296592,0
1507154993,22775665,4213.72,0.92452099,0
1507154993,22775664,4213.71,0.00130302,0
1507154993,22775663,4211.77,0.00177876,0
1507154984,22775661,4215.06,0.14573223,0
1507154984,22775660,4212.78,4.00000000,0
1507154984,22775659,4212.64,0.12160000,0
1507154984,22775658,4212.50,0.60122184,0
1507154983,22775657,4210.85,0.12160000,0
1507154983,22775655,4210.84,0.00130585,0
1507154983,22775654,4210.78,0.00344280,0
1507154983,22775653,4210.77,0.00249054,0
1507154983,22775652,4210.73,0.00130373,0
1507154983,22775651,4210.72,0.00130301,0
1507154967,22775649,4210.75,0.23987847,0
1507154967,22775648,4210.72,0.10812153,0
1507154963,22775644,4212.28,0.11034572,0
1507154963,22775643,4212.28,0.00130434,0
1507154963,22775642,4212.27,0.00130302,0
1507154963,22775641,4212.24,0.00130203,0
1507154957,22775640,4211.21,0.00817210,0
1507154957,22775639,4210.80,0.00368073,0
1507154948,22775635,4212.25,0.58993870,0
1507154948,22775634,4207.31,0.01054849,0
1507154946,22775632,4207.31,0.00145151,0
1507154943,22775631,4212.29,0.00269763,0
1507154943,22775630,4212.29,0.00130237,0
1507154939,22775629,4212.50,0.69686703,0
1507154938,22775628,4212.49,2.37250000,0
1507154938,22775627,4212.38,0.00415393,0
1507154938,22775626,4212.36,0.00154227,0
1507154938,22775625,4212.35,0.00130395,0
1507154938,22775624,4212.33,0.00130542,0
1507154932,22775623,4212.31,0.00520695,0
1507154928,22775622,4212.35,0.00200000,0
1507154925,22775613,4202.39,0.70326718,1
1507154925,22775611,4204.79,0.00262082,1
1507154920,22775609,4212.37,0.53490000,0
1507154910,22775605,4212.44,0.00200000,0
1507154899,22775604,4201.13,4.92901944,1
1507154899,22775603,4201.82,0.49100254,1
1507154899,22775602,4201.88,0.87150000,1
1507154898,22775601,4201.88,1.74300000,1
1507154898,22775600,4203.94,0.24730000,1
1507154898,22775599,4206.03,0.25000000,1
1507154898,22775598,4206.07,2.37040000,1
1507154898,22775597,4208.94,0.98473910,1
1507154898,22775596,4208.95,4.00000000,1
1507154898,22775595,4208.97,3.68035611,1
1507154896,22775594,4208.97,0.31964389,1
1507154891,22775593,4212.49,0.00069616,0
1507154891,22775592,4212.48,0.00130384,0
1507154885,22775591,4212.50,0.06129657,0
1507154884,22775590,4212.50,0.02229239,0
1507154883,22775589,4212.48,0.00130362,0
1507154883,22775588,4212.47,0.00130399,0
1507154883,22775587,4208.98,0.16471618,1
1507154880,22775582,4212.50,2.37143537,0
1507154879,22775581,4212.49,0.00130267,0
1507154879,22775580,4212.46,0.00081598,0
1507154879,22775579,4212.43,0.00130217,0
1507154879,22775578,4212.41,0.00296630,0
1507154875,22775577,4212.46,0.00048672,0
1507154875,22775576,4212.45,0.00201712,0
1507154875,22775575,4212.44,0.00369268,0
1507154875,22775574,4212.42,0.00130348,0
1507154874,22775573,4212.44,0.00069704,0
1507154874,22775572,4212.43,0.00130296,0
1507154862,22775570,4212.50,0.03503259,0
1507154862,22775569,4212.49,0.00367853,0
1507154862,22775568,4212.48,0.00130398,0
1507154856,22775567,4212.50,0.00200000,0
1507154855,22775566,4212.50,0.00771991,0
1507154855,22775565,4212.49,0.00130204,0
1507154855,22775564,4212.48,0.00153936,0
1507154849,22775563,4212.50,0.76344566,0
1507154849,22775562,4212.37,0.00025177,0
1507154849,22775561,4212.35,0.00130257,0
1507154843,22775560,4212.37,0.00271298,0
1507154840,22775559,4212.49,0.68361778,0
1507154840,22775558,4212.49,0.16118733,0
1507154840,22775557,4212.40,0.00249151,0
1507154840,22775556,4212.38,0.00130364,0
1507154838,22775555,4212.39,0.00069705,0
1507154837,22775554,4212.38,0.00130295,0
1507154830,22775552,4208.97,0.05222000,1
1507154817,22775548,4212.38,0.00069515,0
1507154817,22775547,4212.37,0.00130485,0
1507154802,22775543,4212.50,0.43868864,0
1507154802,22775542,4212.45,0.00060677,0
1507154802,22775541,4212.43,0.00130287,0
1507154800,22775539,4212.45,0.00069582,0
1507154800,22775538,4212.44,0.00130418,0
1507154793,22775536,4212.47,0.03062091,0
1507154793,22775534,4212.47,0.01500000,0
1507154791,22775533,4208.95,0.13320488,1
1507154789,22775505,4208.95,0.00130369,0
1507154783,22775503,4212.56,1.71612946,0
1507154783,22775502,4212.56,0.00130191,0
1507154783,22775501,4212.55,0.00130363,0
1507154779,22775497,4208.94,0.13486100,1
1507154775,22775492,4212.51,0.09796753,0
1507154765,22775491,4212.59,0.09739374,0
1507154765,22775490,4211.58,0.00130305,0
1507154765,22775489,4209.19,0.00130321,0
1507154756,22775480,4215.26,0.35020014,0
1507154756,22775479,4215.26,1.74300000,0
1507154756,22775478,4211.64,0.14990000,0
1507154756,22775477,4209.79,0.12840000,0
1507154756,22775476,4209.20,0.00130505,0
1507154754,22775475,4209.21,0.01428866,0
1507154754,22775474,4208.92,0.00130633,0
1507154754,22775473,4208.90,0.00130410,0
1507154754,22775472,4202.12,0.01200000,0
1507154736,22775464,4208.94,0.01460000,0
1507154732,22775463,4209.33,0.77181526,0
1507154731,22775462,4208.99,0.16132136,0
1507154731,22775461,4208.95,0.00130398,0
1507154731,22775460,4208.94,0.00272983,0
1507154731,22775459,4208.93,0.00130534,0
1507154731,22775458,4208.90,0.00130403,0
1507154731,22775457,4208.89,0.00130457,0
1507154731,22775456,4208.88,0.00272932,0
1507154731,22775455,4208.85,0.38888425,0
1507154725,22775453,4201.83,0.25451579,1
1507154717,22775445,4208.97,0.15677588,0
1507154717,22775444,4208.97,0.00130589,0
1507154717,22775443,4208.96,0.00368179,0
1507154716,22775442,4208.95,0.00130340,0
1507154709,22775428,4201.82,0.00899746,1
1507154705,22775425,4202.18,0.09900297,1
1507154704,22775424,4209.01,0.02000000,0
1507154704,22775421,4202.18,0.65316755,1
1507154678,22775388,4202.51,0.56808615,1
1507154676,22775386,4203.09,0.00311385,1
1507154663,22775370,4209.27,0.04073044,0
1507154663,22775368,4202.84,0.15495280,1
1507154637,22775353,4211.60,0.02739235,0
1507154637,22775352,4210.83,0.00130522,0
1507154637,22775351,4210.79,0.00130353,0
1507154637,22775350,4208.79,0.00130586,0
1507154631,22775349,4210.00,0.17033027,1
1507154629,22775348,4208.82,0.00149625,0
1507154628,22775347,4208.82,0.00289599,0
1507154628,22775346,4208.81,0.00130401,0
1507154614,22775342,4210.89,0.33980932,0
1507154614,22775341,4208.89,0.00237502,0
1507154614,22775340,4208.21,1.02681566,0
1507154613,22775339,4207.68,1.00000000,0
1507154611,22775335,4208.21,0.12044434,0
1507154603,22775332,4208.89,1.37320000,1
1507154603,22775331,4208.90,1.37090000,1
1507154601,22775328,4208.90,1.00000000,1
1507154598,22775325,4208.89,1.00000000,1
1507154594,22775319,4208.88,0.09258373,1
1507154594,22775318,4208.88,3.00000000,1
1507154594,22775317,4208.90,4.00000000,1
1507154592,22775316,4208.93,0.03701800,0
1507154587,22775311,4208.88,0.35597985,1
1507154587,22775310,4208.88,0.10316187,1
1507154587,22775309,4208.88,0.13756626,1
1507154586,22775307,4213.45,0.37618632,1
1507154585,22775304,4213.45,0.11141368,1
1507154582,22775301,4208.93,0.43707087,1
1507154582,22775300,4208.93,0.28371261,1
1507154579,22775298,4215.28,0.14837748,0
1507154579,22775297,4215.21,2.37040000,0
1507154579,22775296,4212.50,0.05422252,0
1507154578,22775295,4212.50,2.01109677,0
1507154578,22775293,4212.49,0.00130323,0
1507154577,22775289,4212.50,0.47890000,0
1507154574,22775274,4208.91,0.23660718,1
1507154568,22775270,4212.50,1.66026413,0
1507154568,22775269,4212.49,0.00130403,0
1507154568,22775268,4212.49,2.36920000,0
1507154568,22775267,4208.89,0.04444109,1
1507154567,22775266,4208.89,0.06230374,1
1507154565,22775265,4212.50,0.00739517,0
1507154565,22775264,4212.49,0.00130483,0
1507154564,22775263,4212.48,2.23079610,0
1507154564,22775262,4212.48,0.00130390,0
1507154559,22775260,4212.50,0.78812141,0
1507154559,22775259,4212.48,0.00130260,0
1507154558,22775258,4208.88,0.31070829,1
1507154549,22775242,4215.05,1.66909742,0
1507154549,22775241,4213.24,0.00130508,0
1507154543,22775220,4213.26,0.00481362,0
1507154543,22775219,4212.62,0.00130221,0
1507154540,22775216,4212.63,0.29744544,0
1507154540,22775215,4212.00,0.69391236,0
1507154540,22775214,4211.99,0.00130311,0
1507154540,22775213,4211.98,0.16120684,0
1507154540,22775212,4211.98,0.00130378,0
1507154531,22775209,4212.00,2.79340314,0
1507154531,22775208,4211.98,0.00130204,0
1507154528,22775207,4209.37,0.02461199,0
1507154526,22775206,4211.99,0.07000000,0
1507154525,22775205,4208.88,1.00000000,1
1507154525,22775204,4211.99,1.12865158,0
1507154525,22775203,4211.99,0.32435548,0
1507154524,22775202,4211.99,0.00130226,0
1507154522,22775200,4212.00,0.01268450,0
1507154522,22775199,4209.31,1.00000000,0
1507154506,22775197,4212.00,0.05000000,1
1507154498,22775194,4212.60,0.08241049,1
1507154485,22775189,4212.61,0.00130389,0
1507154484,22775188,4212.62,0.99021037,0
1507154483,22775185,4212.62,0.00978963,1
1507154482,22775183,4217.80,0.15798046,0
1507154464,22775179,4218.62,0.00538700,0
1507154449,22775177,4218.81,0.01533624,0
1507154449,22775176,4218.81,0.00177480,0
1507154449,22775175,4218.80,0.00130217,0
1507154448,22775174,4218.75,0.00130296,0
1507154448,22775173,4218.74,0.00130155,0
1507154426,22775172,4212.64,0.32295493,0
1507154405,22775165,4219.00,0.01914437,1
1507154404,22775164,4219.00,0.00129993,1
1507154404,22775163,4219.00,0.00130255,0
1507154380,22775155,4213.23,0.94603072,0
1507154379,22775154,4213.38,0.05396928,1
1507154359,22775149,4219.30,0.05468852,0
1507154359,22775148,4219.29,0.00130310,0
1507154359,22775147,4219.19,0.00130306,0
1507154358,22775146,4219.16,0.00130018,0
1507154358,22775145,4219.15,0.00130239,0
1507154358,22775144,4219.12,0.00130048,0
1507154354,22775138,4213.15,0.25700000,1
1507154354,22775137,4213.19,0.87150000,1
1507154354,22775136,4213.22,0.87150000,1
1507154313,22775127,4213.61,0.00137375,1
1507154311,22775126,4213.44,0.16510000,1
1507154282,22775124,4213.08,0.00616000,1
1507154219,22775112,4213.72,0.00130290,1
1507154218,22775111,4213.72,0.62850000,0
1507154217,22775108,4213.73,0.87150000,1
1507154164,22775096,4219.67,0.00069881,0
1507154164,22775095,4219.65,0.00130119,0
1507154163,22775094,4219.67,0.05239815,1
1507154162,22775093,4219.67,0.00130158,0
1507154162,22775092,4219.66,0.00130027,0
1507154132,22775078,4213.14,0.57777904,1
1507154105,22775072,4219.90,0.00404000,0
1507154099,22775071,4219.93,2.01239723,0
1507154099,22775070,4219.91,0.00130131,0
1507154098,22775069,4219.90,0.00130146,0
1507154090,22775032,4219.93,1.01519656,0
1507154090,22775031,4217.84,2.36600000,0
1507154090,22775030,4217.83,0.00130369,0
1507154090,22775029,4217.82,0.00130238,0
1507154090,22775028,4217.63,0.00130241,0
1507154089,22775027,4214.81,0.02365500,0
1507154089,22775026,4214.80,0.00130120,0
1507154073,22775025,4217.64,0.91450906,0
1507154072,22775024,4217.63,0.00177749,0
1507154069,22775023,4217.08,0.14082263,0
1507154058,22775020,4219.89,2.00000000,1
1507154046,22775019,4221.65,0.38448685,1
1507154028,22775016,4221.65,0.01099620,1
1507154019,22775014,4221.59,0.00130074,0
1507154018,22775013,4221.58,0.00130101,0
1507154018,22775012,4221.56,0.00130180,0
1507154018,22775011,4221.55,0.00130249,0
1507154018,22775010,4221.54,0.00319570,0
1507154018,22775009,4221.53,0.00130183,0
1507154018,22775008,4221.52,0.00130051,0
1507154004,22775007,4221.55,0.59668503,0
1507154004,22775006,4221.55,0.00201312,0
1507154004,22775005,4221.54,0.00130185,0
1507153967,22775002,4221.63,0.00480000,1
1507153960,22775000,4221.65,1.03054901,0
1507153960,22774999,4221.64,0.00129951,0
1507153960,22774998,4221.63,0.00130003,0
1507153951,22774993,4221.66,0.65187557,0
1507153951,22774992,4219.88,0.00130194,0
1507153951,22774989,4219.87,0.00130278,0
1507153927,22774984,4221.70,0.10095304,0
1507153927,22774983,4221.04,0.06079393,0
1507153927,22774982,4219.97,0.00130122,0
1507153927,22774981,4219.94,0.00130041,0
1507153927,22774980,4219.93,0.00130026,0
1507153927,22774979,4219.93,0.00130093,0
1507153918,22774977,4219.98,2.96103306,0
1507153918,22774976,4219.85,0.00130307,0
1507153918,22774975,4219.79,0.00461823,0
1507153918,22774974,4219.71,0.16091153,0
1507153918,22774973,4219.70,0.00201327,0
1507153917,22774972,4219.69,0.00272304,0
1507153917,22774971,4219.62,0.00130195,0
1507153908,22774957,4219.78,0.89673662,0
1507153908,22774956,4219.71,0.00130304,0
1507153908,22774955,4219.67,0.00390805,0
1507153908,22774954,4219.64,0.71303006,0
1507153888,22774951,4213.69,0.34949360,1
1507153887,22774950,4214.00,0.05000000,1
1507153883,22774948,4221.70,2.95699689,0
1507153881,22774947,4219.96,0.20000000,1
1507153881,22774946,4220.00,0.05000000,1
1507153880,22774945,4220.00,1.22513577,1
1507153879,22774944,4220.00,1.45809423,1
1507153879,22774943,4220.00,2.68323000,1
1507153878,22774942,4220.00,0.85867577,1
1507153877,22774941,4220.00,0.02455423,1
1507153877,22774939,4220.00,1.80000000,1
1507153876,22774938,4220.55,3.48918444,0
1507153875,22774935,4220.55,0.11627081,0
1507153875,22774934,4221.00,0.74100000,1
1507153875,22774933,4221.00,0.12225790,1
1507153868,22774931,4221.00,0.41744034,1
1507153868,22774930,4221.04,0.09197461,1
1507153864,22774929,4224.15,0.01799070,0
1507153862,22774928,4224.12,0.00200930,0
1507153859,22774926,4224.13,0.11000000,0
1507153856,22774925,4224.24,0.00869934,0
1507153856,22774924,4224.23,0.00130066,0
1507153848,22774917,4221.03,0.02243976,1
1507153848,22774914,4221.03,0.03953698,1
1507153842,22774908,4227.33,0.51059992,0
1507153833,22774898,4227.42,0.00980081,0
1507153833,22774897,4227.37,0.00129831,0
1507153833,22774896,4227.36,0.00130080,0
1507153832,22774895,4224.29,0.00130082,0
1507153832,22774894,4224.27,0.00129926,0
1507153823,22774891,4227.38,0.17696994,0
1507153823,22774890,4224.31,0.00130093,0
1507153819,22774889,4221.02,0.00693917,1
1507153819,22774888,4222.78,0.16933343,1
1507153819,22774887,4223.88,0.00850803,1
1507153815,22774885,4221.97,0.16082540,0
1507153814,22774883,4223.97,0.82699894,0
1507153814,22774882,4222.56,0.00129883,0
1507153814,22774881,4222.55,0.00129949,0
1507153814,22774880,4222.54,0.00130054,0
1507153814,22774879,4221.97,0.00130220,0
1507153813,22774876,4221.99,0.00130058,0
1507153809,22774872,4221.97,0.00130230,0
1507153805,22774871,4221.98,0.00519645,0
1507153805,22774870,4221.98,0.00201155,0
1507153803,22774869,4221.01,0.00545278,1
1507153769,22774863,4221.02,1.51000000,1
1507153765,22774861,4221.03,0.54192441,0
1507153759,22774857,4223.90,0.01924027,0
1507153754,22774855,4226.86,0.14398220,1
1507153751,22774852,4227.44,0.00271706,0
1507153749,22774850,4227.50,0.00678327,1
1507153745,22774849,4227.50,0.00130073,0
1507153744,22774848,4221.05,0.17251655,1
1507153742,22774847,4226.85,0.03001000,1
1507153742,22774846,4226.85,0.03020950,1
1507153739,22774842,4227.46,0.00129773,0
1507153728,22774837,4227.62,0.00130054,0
1507153728,22774836,4227.61,0.00129895,0
1507153728,22774835,4227.60,0.00129764,0
1507153724,22774833,4225.21,0.02304810,1
1507153724,22774832,4227.22,0.17591241,0
1507153721,22774831,4227.63,16.95507175,0
1507153721,22774830,4227.63,4.00000000,1
1507153721,22774829,4227.62,0.15000000,0
1507153720,22774828,4226.88,5.83109100,0
1507153720,22774827,4226.84,0.00271713,0
1507153719,22774826,4225.21,0.00129853,1
1507153718,22774821,4225.21,0.00129852,0
1507153718,22774820,4225.21,0.00153704,0
1507153714,22774814,4225.23,0.00129966,0
1507153714,22774813,4225.22,0.06928000,0
1507153713,22774812,4225.22,0.00130018,0
1507153711,22774801,4221.01,0.06928000,0
1507153709,22774796,4225.28,0.00129792,0
1507153709,22774795,4225.27,0.00153656,0
1507153709,22774792,4225.26,0.00129909,0
1507153700,22774755,4221.01,0.00130081,0
1507153699,22774752,4221.01,0.26191866,0
1507153699,22774749,4221.01,2.17285857,0
1507153690,22774714,4221.90,0.02304391,1
1507153689,22774713,4221.90,0.00130223,1
1507153689,22774709,4221.69,0.00129969,0
1507153689,22774707,4221.68,0.00129917,0
1507153688,22774703,4220.99,0.00130176,0
1507153688,22774699,4220.05,1.66187863,1
1507153687,22774697,4220.05,0.06200000,1
1507153685,22774696,4220.99,0.05174977,0
1507153685,22774695,4220.99,0.00130176,1
1507153684,22774694,4220.99,0.01347300,0
1507153684,22774690,4220.98,0.00130004,0
1507153671,22774677,4221.70,0.01027254,0
1507153670,22774673,4225.63,1.12800694,0
1507153669,22774672,4225.59,0.86819883,1
1507153669,22774671,4225.59,0.87150000,1
1507153669,22774669,4225.59,0.87480117,0
1507153669,22774667,4224.83,0.00129883,0
1507153668,22774665,4224.64,0.00129979,0
1507153668,22774664,4224.64,0.00129902,1
1507153668,22774663,4221.77,0.12336000,0
1507153666,22774660,4221.76,0.00130193,0
1507153645,22774624,4225.00,0.22321397,0
1507153628,22774590,4225.62,2.63819771,0
1507153627,22774589,4225.52,0.19500000,0
1507153627,22774588,4222.54,0.16550166,0
1507153627,22774587,4222.54,0.00130063,0
1507153626,22774581,4222.55,3.45962248,0
1507153626,22774579,4220.00,1.54037752,0
1507153625,22774578,4220.00,0.12020437,0
1507153625,22774577,4219.99,0.00130166,0
1507153625,22774576,4219.98,0.00130298,0
1507153620,22774571,4220.00,1.98775853,0
1507153620,22774570,4219.99,0.00130246,0
1507153619,22774567,4220.00,0.99869899,0
1507153619,22774566,4220.00,5.00000000,0
1507153618,22774565,4220.00,1.73777244,0
1507153617,22774564,4220.00,5.00000000,0
1507153617,22774559,4219.99,0.00130101,0
1507153616,22774558,4220.00,5.00000000,0
1507153615,22774557,4220.00,0.02260400,0
1507153611,22774555,4220.00,0.27934311,0
1507153610,22774554,4220.00,7.00000000,0
1507153607,22774553,4220.00,2.37250377,0
1507153607,22774552,4219.99,0.00129964,0
1507153603,22774547,4220.00,0.89691199,0
1507153603,22774546,4219.98,0.00129982,0
1507153600,22774543,4220.00,0.19739600,0
1507153599,22774540,4220.00,0.19349509,0
1507153599,22774538,4219.99,0.00129969,0
1507153599,22774535,4219.99,0.00130074,0
1507153599,22774533,4219.98,0.00130048,0
1507153597,22774529,4219.98,0.00130298,0
1507153595,22774528,4219.97,0.00130102,0
1507153588,22774518,4220.00,0.65933787,0
1507153588,22774517,4219.98,0.00130170,0
1507153588,22774516,4219.97,0.00130236,0
1507153588,22774514,4219.96,0.00130197,0
1507153588,22774513,4219.94,0.00130131,0
1507153587,22774512,4219.93,0.00130040,0
1507153587,22774511,4219.92,0.00130000,0
1507153578,22774504,4220.00,0.60599534,0
1507153578,22774503,4219.98,0.00201103,0
1507153576,22774501,4220.00,0.59455748,0
1507153576,22774500,4219.99,0.00130012,0
1507153576,22774499,4219.95,0.00130093,0
1507153570,22774494,4219.94,0.00130173,0
1507153567,22774487,4220.00,0.19846026,0
1507153567,22774486,4219.96,0.00153974,0
1507153564,22774482,4219.97,0.10010000,0
1507153563,22774480,4219.93,0.02564511,0
1507153563,22774479,4219.93,0.00129989,0
1507153556,22774478,4219.95,0.20000000,0
1507153554,22774474,4220.00,0.19479086,0
1507153554,22774473,4219.97,0.00390633,0
1507153554,22774472,4219.96,0.00130281,0
1507153550,22774471,4220.00,0.19739579,0
1507153550,22774470,4219.97,0.00130295,0
1507153548,22774469,4219.88,0.00130126,0
1507153546,22774467,4219.89,0.10794897,0
1507153546,22774465,4219.88,0.00130176,0
1507153544,22774464,4219.89,0.09074927,0
1507153541,22774462,4220.00,0.08944816,0
1507153541,22774461,4219.90,0.00130111,0
1507153516,22774441,4214.06,0.00918129,1
1507153506,22774434,4219.99,0.55098030,0
1507153506,22774433,4219.99,0.00129988,1
1507153505,22774432,4219.99,0.01913702,0
1507153505,22774431,4219.96,0.00130237,0
1507153504,22774430,4219.95,0.00319747,0
1507153504,22774428,4219.93,0.00130239,0
1507153497,22774426,4219.99,0.06787295,0
1507153497,22774425,4219.98,0.00129978,0
1507153496,22774424,4219.97,0.00153893,0
1507153496,22774423,4219.90,0.00130097,0
1507153488,22774422,4219.99,0.09297332,0
1507153488,22774421,4219.96,0.00130049,0
1507153488,22774420,4219.94,0.00130164,0
1507153488,22774419,4219.93,0.16090314,0
1507153487,22774418,4219.93,0.00272165,0
1507153487,22774417,4219.91,0.00130181,0
1507153487,22774416,4219.90,0.00130233,0
1507153487,22774415,4219.89,0.00130167,0
1507153487,22774414,4219.88,0.00130312,0
1507153487,22774413,4219.87,0.00130122,0
1507153448,22774406,4214.01,0.32072607,1
1507153448,22774405,4214.24,0.16573569,1
1507153448,22774404,4214.42,0.51933824,1
1507153446,22774401,4220.00,0.57042276,0
1507153446,22774400,4219.99,0.00177385,0
1507153446,22774399,4219.98,0.00130189,0
1507153446,22774398,4219.96,0.00130150,0
1507153436,22774396,4220.00,1.11248444,0
1507153427,22774393,4220.00,3.60371662,0
1507153427,22774392,4219.93,0.00224936,0
1507153418,22774389,4220.00,0.53333798,0
1507153418,22774388,4219.99,0.00130171,0
1507153418,22774387,4219.98,0.00130291,0
1507153418,22774386,4219.97,0.00130251,0
1507153418,22774385,4219.96,0.00130247,0
1507153418,22774384,4219.95,0.00130115,0
1507153418,22774383,4219.94,0.00319652,0
1507153418,22774382,4219.93,0.16090314,0
1507153418,22774381,4219.93,0.00130260,0
1507153417,22774380,4219.92,0.00130187,0
1507153417,22774379,4219.91,0.00130069,0
1507153397,22774337,4214.03,0.34319278,1
1507153397,22774330,4214.16,0.13152358,1
1507153396,22774327,4217.87,1.50830541,1
1507153396,22774326,4219.59,0.00590000,1
1507153387,22774321,4220.00,0.81019819,0
1507153387,22774320,4219.99,0.00129994,0
1507153387,22774319,4219.96,0.00272203,0
1507153383,22774316,4220.00,0.05382900,0
1507153372,22774311,4214.16,0.04907000,1
1507153367,22774309,4220.00,0.87561340,0
1507153367,22774308,4219.99,0.00272306,0
1507153367,22774307,4219.98,0.00130190,0
1507153367,22774306,4219.97,0.00177456,0
1507153367,22774305,4219.59,0.00201165,0
1507153358,22774298,4219.99,0.20206107,0
1507153358,22774297,4219.60,0.72802032,0
1507153342,22774282,4219.92,0.78929902,0
1507153333,22774281,4219.97,0.01500000,0
1507153324,22774274,4220.00,0.02609527,0
1507153324,22774273,4219.97,0.00130164,0
1507153324,22774272,4219.96,0.00130098,0
1507153324,22774271,4215.90,0.00130211,0
1507153318,22774269,4219.99,0.87609231,0
1507153318,22774268,4219.98,0.00130150,0
1507153318,22774267,4215.92,0.00130342,0
1507153318,22774266,4215.91,0.00130277,0
1507153314,22774264,4219.99,0.14633867,0
1507153314,22774263,4216.98,0.00130185,0
1507153314,22774261,4215.94,0.16105542,0
1507153314,22774258,4215.93,0.00130406,0
1507153308,22774257,4214.02,0.11890359,1
1507153305,22774256,4218.11,2.32821368,0
1507153304,22774255,4216.99,0.00130064,0
1507153303,22774252,4215.01,0.37511021,1
1507153300,22774251,4217.00,0.01024538,0
1507153300,22774250,4217.00,0.00201426,0
1507153300,22774249,4215.94,0.00130119,1
1507153298,22774247,4215.95,0.46007444,0
1507153298,22774246,4215.45,0.00130135,0
1507153298,22774245,4215.06,0.00130435,0
1507153298,22774242,4214.00,0.23095031,1
1507153296,22774241,4215.95,1.83612013,0
1507153296,22774240,4215.47,0.00130413,0
1507153296,22774239,4215.46,0.00130327,0
1507153296,22774238,4215.36,0.00130348,0
1507153296,22774237,4215.27,0.00130399,0
1507153296,22774235,4214.24,0.00130451,0
1507153296,22774234,4214.23,0.00367730,0
1507153295,22774231,4214.01,1.24698882,1
1507153294,22774229,4214.00,0.08290141,1
1507153291,22774226,4214.02,0.46978190,1
1507153283,22774218,4214.01,1.90716091,1
1507153278,22774203,4214.04,0.48066176,1
1507153277,22774202,4214.01,0.31527325,1
1507153273,22774199,4214.03,1.96417095,1
1507153272,22774198,4214.25,0.86735082,0
1507153272,22774197,4214.24,0.00414918,0
1507153268,22774193,4214.23,0.23369153,1
1507153267,22774192,4214.23,0.20000000,1
1507153266,22774191,4214.28,0.87150000,1
1507153259,22774187,4220.00,0.06496145,0
1507153259,22774185,4219.99,0.00130044,0
1507153259,22774184,4219.98,0.00130189,0
1507153251,22774177,4220.00,3.35446650,0
1507153249,22774175,4220.00,4.00000000,0
1507153248,22774174,4220.00,0.05000000,1
1507153248,22774173,4220.05,0.05782282,1
1507153235,22774162,4222.83,0.00287099,0
1507153225,22774149,4220.06,0.38612200,1
1507153225,22774145,4220.05,0.20235780,0
1507153223,22774142,4220.05,0.19348400,1
1507153222,22774141,4220.05,0.48292800,1
1507153222,22774140,4220.05,0.12296666,1
1507153222,22774139,4220.05,0.03514194,1
1507153220,22774134,4220.04,0.05862300,0
1507153220,22774132,4220.04,0.00130169,0
1507153218,22774129,4224.89,0.06774793,0
1507153218,22774128,4224.89,0.00130033,0
1507153218,22774125,4224.88,0.00130060,0
1507153218,22774123,4220.05,1.81613246,0
1507153211,22774117,4224.90,0.58386754,0
1507153211,22774116,4224.89,0.00130124,0
1507153207,22774115,4226.19,2.11288265,1
1507153207,22774113,4226.19,5.00000000,1
1507153205,22774112,4226.19,0.29239492,1
1507153204,22774111,4226.68,0.02565104,0
1507153203,22774110,4226.67,0.00129896,0
1507153201,22774108,4226.68,0.04518249,0
1507153201,22774107,4226.60,0.00129779,0
1507153201,22774106,4226.13,0.00130042,0
1507153179,22774100,4226.19,2.32858393,0
1507153179,22774099,4224.51,0.00461392,0
1507153179,22774098,4224.51,0.00130085,1
1507153179,22774097,4224.50,0.00130058,1
1507153178,22774096,4224.49,0.00130151,1
1507153178,22774095,4224.45,0.00129996,0
1507153178,22774094,4224.41,0.00129956,0
1507153177,22774093,4224.37,0.00224804,0
1507153177,22774092,4224.32,0.00129958,0
1507153175,22774091,4224.28,0.00130171,0
1507153175,22774090,4224.25,0.65545036,0
1507153139,22774077,4224.57,0.02877705,0
1507153121,22774071,4224.73,0.22319059,0
1507153086,22774065,4226.62,0.05427977,0
1507153086,22774064,4226.62,0.03830223,0
1507153086,22774063,4221.00,1.20553173,0
1507153086,22774062,4220.03,0.20083492,0
1507153085,22774061,4220.03,0.00130000,1
1507153085,22774060,4220.00,0.06142899,0
1507153085,22774059,4219.98,0.00130098,0
1507153083,22774058,4219.97,0.00130115,0
1507153063,22774054,4220.03,0.80239804,0
1507153063,22774053,4219.94,0.00130216,0
1507153063,22774052,4219.89,0.00129980,0
1507153030,22774041,4220.03,7.00000000,0
1507153028,22774039,4220.03,2.49354004,0
1507153028,22774038,4220.03,5.00000000,0
1507153021,22774035,4221.00,0.00752095,0
1507153021,22774034,4221.00,0.00130215,1
1507153021,22774033,4220.99,0.00130185,0
1507153019,22774032,4220.94,0.00130068,0
1507153004,22774025,4213.79,0.00320288,0
1507153002,22774023,4212.60,0.46605800,0
1507153001,22774022,4213.80,0.98125347,0
1507152992,22774011,4221.00,0.17844078,0
1507152992,22774010,4220.99,0.00130030,0
1507152983,22774008,4221.00,0.99132669,0
1507152981,22774007,4220.98,0.00130270,1
1507152981,22774006,4220.98,0.00130070,0
1507152980,22774005,4220.06,0.99393270,0
1507152980,22774004,4220.99,0.99393270,1
1507152980,22774003,4220.99,0.99393270,0
1507152979,22774002,4220.99,0.99263206,0
1507152979,22774001,4220.99,0.18968608,0
1507152979,22774000,4220.99,0.00462141,1
1507152979,22773999,4220.97,0.50000000,0
1507152978,22773998,4217.98,0.29462860,0
1507152978,22773997,4217.97,0.00130174,0
1507152978,22773996,4217.97,0.00130346,0
1507152978,22773995,4217.96,0.00130043,0
1507152977,22773994,4217.95,0.00130296,1
1507152976,22773993,4217.95,0.00130162,0
1507152960,22773988,4217.64,0.00500922,0
1507152959,22773987,4217.61,0.00130221,1
1507152959,22773986,4217.61,0.00130102,0
1507152954,22773983,4217.64,0.02272931,0
1507152954,22773982,4217.63,0.00130221,0
1507152943,22773977,4213.26,0.14326623,1
1507152925,22773968,4217.69,0.00869933,0
1507152925,22773967,4217.68,0.00130067,0
1507152920,22773966,4214.63,0.25609548,0
1507152920,22773965,4214.62,0.00130371,0
1507152917,22773963,4215.00,0.97757543,1
1507152913,22773962,4215.01,0.48565646,1
1507152907,22773958,4215.01,2.14493028,1
1507152894,22773945,4215.02,2.13141949,1
1507152883,22773924,4215.00,0.02242457,1
1507152883,22773923,4215.03,0.86755153,1
1507152880,22773922,4215.01,0.19898402,1
1507152878,22773919,4215.01,1.16466717,1
1507152874,22773906,4215.77,1.54590400,1
1507152874,22773905,4216.00,0.00649174,1
1507152873,22773903,4216.03,0.10610930,1
1507152872,22773898,4216.03,0.01000000,1
1507152870,22773887,4216.03,0.03146675,1
1507152870,22773886,4218.49,0.00460000,1
1507152839,22773872,4221.00,0.06545842,0
1507152839,22773870,4220.98,0.00129980,0
1507152837,22773869,4220.97,0.00414274,0
1507152814,22773866,4221.00,0.10288576,0
1507152814,22773865,4220.93,0.00130008,0
1507152813,22773864,4217.75,0.01000000,0
1507152810,22773863,4220.98,0.18844675,0
1507152810,22773862,4220.97,0.16086350,0
1507152809,22773861,4220.96,0.00129995,0
1507152809,22773860,4220.96,0.00130105,1
1507152809,22773859,4220.95,0.00130188,0
1507152807,22773858,4220.94,0.00130024,0
1507152783,22773853,4215.16,0.10773630,1
1507152769,22773851,4221.00,0.90976072,0
1507152768,22773850,4220.96,0.08417022,0
1507152767,22773849,4220.96,0.99393977,1
1507152767,22773848,4220.97,0.42925440,1
1507152767,22773847,4220.99,0.49263561,1
1507152767,22773846,4220.97,0.56468301,0
1507152766,22773845,4220.96,0.50000000,1
1507152766,22773844,4220.96,0.00129967,1
1507152765,22773843,4220.99,0.00537804,0
1507152765,22773842,4220.99,0.00130028,0
1507152765,22773841,4220.98,0.00130267,0
1507152765,22773840,4220.97,0.00272257,0
1507152764,22773839,4220.96,0.00130151,0
1507152756,22773834,4221.00,0.09869758,0
1507152754,22773833,4219.94,0.00130242,0
1507152754,22773832,4216.88,0.34039250,1
1507152754,22773831,4219.37,0.13399867,1
1507152753,22773830,4219.37,0.00130023,0
1507152753,22773829,4219.37,0.01954010,0
1507152735,22773826,4220.87,0.02655328,1
1507152734,22773825,4220.88,0.03551287,1
1507152733,22773824,4220.88,0.18877764,1
1507152729,22773821,4220.99,0.99393270,0
1507152728,22773820,4220.99,0.10609981,0
1507152728,22773819,4220.99,0.10870672,0
1507152727,22773818,4220.99,0.02043909,0
1507152727,22773817,4220.98,0.00129991,1
1507152726,22773816,4220.98,0.00130227,0
1507152725,22773814,4220.93,0.00129990,0
1507152725,22773812,4220.87,0.01021038,1
1507152724,22773811,4220.99,0.03807105,0
1507152724,22773810,4220.97,0.00129931,0
1507152724,22773808,4220.96,0.00130237,0
1507152724,22773807,4220.95,0.00130054,0
1507152724,22773806,4220.94,0.00130173,0
1507152710,22773802,4221.00,0.99262970,0
1507152710,22773801,4221.00,0.71131986,0
1507152710,22773800,4221.00,0.00224722,1
1507152710,22773799,4221.00,0.11429124,1
1507152710,22773798,4220.92,0.16086540,1
1507152709,22773797,4220.92,0.00130231,0
1507152709,22773796,4215.49,0.00130356,0
1507152709,22773795,4215.48,0.00130172,0
1507152708,22773794,4215.47,0.00130226,0
1507152707,22773793,4215.46,0.00130413,0
1507152695,22773792,4215.07,0.11429124,1
1507152680,22773760,4218.98,0.04113013,1
1507152680,22773759,4220.94,0.70243714,0
1507152680,22773758,4220.94,0.00130028,0
1507152680,22773757,4220.94,0.00130237,0
1507152674,22773753,4220.95,0.00101242,0
1507152674,22773752,4220.95,0.00130222,0
1507152674,22773751,4220.94,0.00130250,0
1507152674,22773750,4220.93,0.00130144,0
1507152674,22773749,4220.92,0.00129970,0
1507152674,22773748,4220.91,0.00130182,0
1507152674,22773747,4220.90,0.00319635,0
1507152674,22773746,4220.89,0.00130016,0
1507152668,22773739,4217.01,0.07244282,1
1507152668,22773735,4217.01,0.03840333,1
1507152667,22773734,4218.97,0.15274785,1
1507152660,22773732,4220.89,0.23404994,1
1507152659,22773729,4220.87,0.00130090,0
1507152639,22773718,4220.96,1.46733377,0
1507152639,22773717,4220.90,0.36568505,0
1507152639,22773716,4220.89,0.00130230,0
1507152639,22773715,4220.86,0.00130139,0
1507152636,22773714,4216.99,0.01233610,1
1507152628,22773712,4220.90,0.03431495,0
1507152627,22773711,4220.89,0.00129927,1
1507152626,22773709,4220.89,0.00129994,1
1507152626,22773708,4220.89,0.00438025,0
1507152599,22773705,4220.97,0.99263622,0
1507152599,22773704,4220.95,0.00130119,0
1507152596,22773703,4220.96,0.99393977,0
1507152590,22773702,4220.97,0.00940311,0
1507152590,22773701,4220.97,0.00129955,0
1507152590,22773700,4220.96,0.00130244,0
1507152551,22773685,4221.00,0.95593267,0
1507152551,22773684,4221.00,0.00130021,1
1507152551,22773683,4220.98,0.00130205,1
1507152551,22773682,4220.98,0.03539450,1
1507152549,22773681,4221.00,0.98943852,0
1507152549,22773680,4221.00,0.83105662,0
1507152549,22773679,4220.99,0.16086274,0
1507152548,22773678,4216.93,0.00165527,1
1507152548,22773677,4216.93,0.00154109,1
1507152548,22773676,4216.93,0.00130078,0
1507152547,22773675,4216.92,0.00201432,0
1507152508,22773669,4214.45,0.20536641,1
1507152504,22773668,4214.68,0.01069043,1
1507152492,22773662,4214.59,0.01382000,1
1507152489,22773660,4214.55,0.04000000,1
1507152485,22773658,4220.92,0.02043973,1
1507152483,22773657,4220.92,0.00129960,0
1507152445,22773648,4217.57,0.02209500,1
1507152442,22773647,4221.07,0.99391386,0
1507152442,22773646,4221.07,0.98393298,0
1507152441,22773645,4221.06,0.00130257,0
1507152441,22773644,4221.04,0.00130035,0
1507152439,22773643,4221.03,0.00130105,1
1507152439,22773642,4221.03,0.00607672,0
1507152438,22773641,4221.03,0.99392328,0
1507152437,22773640,4216.12,2.31396152,1
1507152437,22773639,4216.20,0.14183848,1
1507152435,22773638,4221.05,0.99131732,1
1507152435,22773637,4221.04,0.00129983,1
1507152433,22773635,4221.03,0.00130050,0
1507152425,22773634,4221.06,0.04028059,0
1507152425,22773633,4221.05,0.00130086,0
1507152425,22773632,4219.70,0.00201153,0
1507152425,22773631,4219.69,0.00130202,0
1507152412,22773628,4219.67,0.20206184,1
1507152410,22773627,4219.51,0.00130055,0
1507152410,22773626,4219.50,0.00130089,0
1507152400,22773623,4221.02,0.36812429,0
1507152400,22773622,4221.01,0.62449962,0
1507152399,22773621,4221.01,0.99392799,0
1507152399,22773620,4221.01,0.99392799,0
1507152399,22773619,4221.01,0.99392799,0
1507152398,22773618,4221.01,0.99392799,1
1507152398,22773617,4221.01,0.75142442,1
1507152398,22773616,4219.72,0.24080000,0
1507152397,22773615,4219.68,0.00130227,0
1507152396,22773614,4219.66,0.00177674,0
1507152366,22773611,4221.03,0.99392328,0
1507152366,22773610,4221.03,0.99392328,0
1507152365,22773609,4221.03,0.99392328,0
1507152365,22773608,4221.03,0.96052148,0
1507152365,22773607,4214.95,0.00130392,0
1507152364,22773606,4214.94,0.02823367,1
1507152363,22773605,4214.94,0.00391211,0
1507152353,22773600,4217.18,0.02580000,1
1507152331,22773591,4218.45,0.99453116,0
1507152331,22773590,4218.45,0.02044352,0
1507152331,22773589,4218.45,0.99453116,0
1507152331,22773588,4218.45,0.99323211,0
1507152331,22773587,4218.45,0.99453116,0
1507152331,22773586,4218.45,0.97272932,0
1507152330,22773585,4218.14,0.00130208,1
1507152330,22773584,4218.14,0.01920000,0
1507152329,22773583,4218.13,0.97285999,1
1507152329,22773582,4218.13,0.00130214,0
1507152328,22773581,4218.12,0.00130021,0
1507152328,22773580,4217.84,0.00130051,0
1507152320,22773578,4217.86,0.02743294,1
1507152319,22773577,4217.86,0.00130064,0
1507152315,22773575,4218.45,0.04342487,0
1507152315,22773574,4218.44,0.00130312,0
1507152315,22773573,4218.43,0.00462092,0
1507152315,22773572,4218.42,0.00130022,0
1507152315,22773571,4217.87,0.01920000,0
1507152315,22773570,4217.86,0.00130130,0
1507152303,22773568,4218.44,0.11396451,0
1507152303,22773567,4218.44,0.00130149,0
1507152303,22773566,4218.24,0.01920000,0
1507152303,22773565,4218.23,0.00130089,0
1507152303,22773564,4216.46,0.00130365,0
1507152302,22773563,4216.44,0.00130132,0
1507152302,22773562,4216.43,0.00130369,0
1507152302,22773561,4213.87,0.00130225,0
1507152290,22773559,4215.48,0.99392951,1
1507152289,22773558,4214.54,0.00130244,0
1507152278,22773557,4215.73,0.06044112,0
1507152278,22773556,4215.73,0.16111007,1
1507152278,22773555,4214.55,0.60798560,0
1507152277,22773554,4214.52,0.00272807,1
1507152276,22773553,4214.52,0.16110969,0
1507152276,22773552,4214.50,0.00201388,0
1507152256,22773550,4214.53,0.99545620,0
1507152254,22773549,4214.55,0.39201440,0
1507152254,22773548,4213.86,0.00130460,0
1507152251,22773547,4214.55,0.02773700,0
1507152251,22773546,4213.88,0.00130340,0
1507152250,22773544,4218.44,0.01604181,0
1507152249,22773543,4216.06,0.00130391,0
1507152249,22773542,4216.05,0.00130260,0
1507152249,22773541,4216.04,0.00130312,0
1507152249,22773540,4216.02,0.00130339,0
1507152249,22773539,4216.01,0.00130273,0
1507152247,22773538,4213.89,0.14327379,1
1507152247,22773537,4214.55,0.01920000,1
1507152245,22773535,4216.03,0.55600279,0
1507152238,22773531,4218.45,0.99453117,0
1507152237,22773529,4216.03,0.98032327,1
1507152237,22773528,4216.07,0.01967673,1
1507152206,22773521,4220.66,0.12251042,1
1507152206,22773520,4220.66,0.87150000,0
1507152190,22773510,4220.80,0.00556282,0
1507152190,22773509,4215.96,0.00130318,0
1507152174,22773505,4215.99,0.99511147,0
1507152173,22773504,4215.99,0.11806030,1
1507152173,22773503,4215.99,0.00130399,0
1507152153,22773499,4216.06,0.83274008,1
1507152153,22773498,4216.06,0.00130403,1
1507152152,22773497,4216.06,0.16105084,0
1507152130,22773486,4216.09,0.10820723,0
1507152130,22773485,4216.09,0.10299446,0
1507152124,22773482,4216.09,0.10883306,0
1507152123,22773480,4216.09,0.10752857,0
1507152123,22773479,4216.09,0.00130424,0
1507152120,22773476,4216.10,0.98963497,1
1507152120,22773474,4216.09,0.00130199,0
1507152118,22773473,4216.08,0.00414953,0
1507152106,22773468,4216.11,2.37130000,1
1507152105,22773467,4218.54,0.95051131,1
1507152105,22773466,4218.43,0.04400000,0
1507152104,22773464,4217.25,0.70793763,1
1507152104,22773463,4216.15,0.00130136,0
1507152103,22773462,4216.14,0.00130425,0
1507152103,22773460,4216.12,0.00130347,0
1507152102,22773459,4216.11,0.28174020,1
1507152101,22773458,4216.11,0.00130163,0
1507152097,22773457,4216.13,0.27131042,0
1507152096,22773456,4216.13,0.99507843,0
1507152082,22773449,4212.60,0.11758951,1
1507152082,22773448,4215.96,0.01243147,1
1507152075,22773446,4218.61,3.46505128,1
1507152071,22773444,4212.76,0.04047691,0
1507152071,22773442,4212.76,0.07480000,1
1507152070,22773441,4212.85,0.03740000,1
1507152066,22773438,4215.51,0.00594514,1
1507152066,22773437,4215.95,4.00000000,1
1507152057,22773434,4215.94,0.01301354,1
1507152054,22773433,4218.66,0.11648115,0
1507152054,22773432,4218.66,0.00130032,0
1507152053,22773430,4218.64,0.00130125,0
1507152053,22773429,4218.63,0.87150000,0
1507152053,22773428,4218.62,0.00130131,0
1507152051,22773427,4218.61,0.00130288,0
1507152051,22773426,4218.60,0.00130038,0
1507152041,22773422,4218.61,0.00591920,1
1507152040,22773421,4218.57,0.00130217,0
1507152040,22773420,4218.53,0.57185135,0
1507152040,22773419,4218.53,0.00130168,1
1507152039,22773418,4218.53,0.29964865,0
1507152039,22773417,4218.53,0.65439458,1
1507152039,22773416,4217.19,0.03740000,1
1507152038,22773415,4217.16,0.00177782,1
1507152038,22773414,4215.93,0.00130381,1
1507152035,22773413,4218.53,0.51155734,1
1507152035,22773412,4217.17,0.03740000,1
1507152034,22773411,4214.86,0.00130138,0
1507152034,22773410,4214.85,0.00130417,0
1507152033,22773409,4214.84,0.44204692,1
1507152032,22773408,4214.84,0.00130233,0
1507152023,22773401,4214.83,0.99538298,0
1507152013,22773390,4213.10,0.12991745,1
1507152001,22773380,4218.65,0.58708591,1
1507152001,22773379,4214.89,0.00130203,0
1507152001,22773377,4214.88,0.40515750,1
1507152000,22773376,4214.88,0.00130137,0
1507151995,22773375,4218.00,3.84897292,1
1507151993,22773362,4218.00,1.00000000,1
1507151993,22773345,4218.00,4.00000000,1
1507151993,22773344,4216.87,0.24000000,0
1507151992,22773343,4216.86,0.00130315,0
1507151992,22773341,4216.81,0.00130366,0
1507151992,22773339,4216.80,0.00296383,0
1507151992,22773338,4214.84,0.00130242,0
1507151992,22773337,4213.19,1.00000000,0
1507151987,22773336,4212.62,0.00130298,0
1507151986,22773334,4214.82,0.15017730,0
1507151984,22773333,4213.19,0.25000000,1
1507151981,22773331,4214.83,0.31204591,0
1507151981,22773330,4214.83,0.00201577,0
1507151975,22773326,4214.85,0.55787327,1
1507151971,22773323,4214.85,0.62950078,1
1507151970,22773321,4214.85,0.05194259,1
1507151970,22773319,4214.85,1.00000000,1
1507151970,22773318,4214.85,0.26068336,1
1507151957,22773306,4218.65,0.99448401,0
1507151957,22773305,4218.65,0.93998316,0
1507151956,22773304,4216.93,0.05191692,0
1507151956,22773303,4216.92,0.00130363,0
1507151955,22773302,4212.61,0.00130340,1
1507151954,22773300,4213.10,0.86098402,0
1507151953,22773299,4212.61,0.13350000,0
1507151952,22773298,4218.65,0.54748969,1
1507151952,22773297,4218.65,0.00130198,1
1507151952,22773296,4216.93,0.15000000,0
1507151951,22773295,4216.92,0.00130269,0
1507151951,22773294,4216.06,0.00130296,0
1507151950,22773292,4216.04,0.00130229,0
1507151950,22773291,4216.04,0.00130434,1
1507151950,22773290,4212.44,0.15000000,0
1507151949,22773289,4211.88,0.14099167,0
1507151946,22773287,4212.60,0.02021900,1
1507151944,22773286,4211.95,0.02178796,0
1507151929,22773279,4206.79,0.05484778,1
1507151929,22773278,4206.79,0.87150000,1
1507151928,22773277,4214.04,0.07365222,1
1507151925,22773276,4206.77,1.00000000,1
1507151922,22773275,4206.76,0.01660000,1
1507151921,22773274,4216.08,0.99248385,1
1507151921,22773273,4216.08,0.00130411,0
1507151921,22773272,4216.07,0.00130227,0
1507151914,22773271,4212.65,0.10500000,0
1507151910,22773270,4211.97,0.12850000,1
1507151909,22773269,4212.00,0.87150000,1
1507151895,22773267,4214.02,0.04726000,1
1507151893,22773266,4221.06,0.90810838,1
1507151893,22773265,4216.17,0.02729171,0
1507151893,22773264,4216.17,0.04788992,0
1507151893,22773263,4216.16,0.00130166,0
1507151892,22773261,4216.15,0.00296234,0
1507151892,22773259,4214.04,0.00130294,0
1507151892,22773258,4214.03,0.00130456,0
1507151891,22773257,4214.02,0.05864524,0
1507151888,22773254,4214.03,0.02177725,0
1507151887,22773253,4214.03,0.01774884,1
1507151887,22773252,4214.03,0.00272562,0
1507151885,22773248,4214.02,0.00130179,0
1507151838,22773206,4216.17,0.08692259,1
1507151835,22773202,4211.72,0.12974907,0
1507151835,22773201,4216.16,0.00000001,1
1507151833,22773199,4216.16,0.12299470,1
1507151826,22773194,4218.71,0.21859087,1
1507151825,22773193,4217.41,0.00130139,1
1507151822,22773191,4211.57,0.04708826,1
1507151821,22773190,4219.69,0.00172648,0
1507151821,22773189,4218.25,0.00130229,0
1507151821,22773187,4217.91,0.00224914,0
1507151821,22773186,4217.90,0.00130054,0
1507151820,22773185,4217.42,0.00130372,0
1507151820,22773184,4217.41,0.00130254,0
1507151786,22773161,4217.96,0.01335418,0
1507151786,22773160,4217.95,0.00296132,0
1507151784,22773159,4216.73,0.00165531,1
1507151779,22773157,4216.16,0.00131016,1
1507151778,22773156,4216.16,0.00177792,1
1507151778,22773155,4217.96,0.00549392,0
1507151778,22773154,4217.18,0.00130192,0
1507151775,22773153,4216.16,0.00130211,0
1507151775,22773152,4216.15,0.00130080,0
1507151775,22773151,4216.14,0.00130369,0
1507151775,22773150,4216.13,0.00130272,0
1507151775,22773148,4215.82,0.00130260,0
1507151772,22773147,4210.00,0.10468945,0
1507151772,22773146,4210.00,0.05000000,1
1507151772,22773145,4215.21,0.02148299,1
1507151760,22773142,4215.20,0.01391287,1
1507151759,22773141,4217.19,0.19443488,1
1507151759,22773140,4216.16,0.00130195,0
1507151757,22773139,4216.15,0.00296100,0
1507151757,22773138,4216.13,0.00130217,0
1507151753,22773137,4216.14,0.00130402,1
1507151744,22773133,4216.17,0.00106494,1
1507151742,22773132,4216.11,0.00130326,0
1507151740,22773130,4216.18,0.01113056,0
1507151740,22773129,4216.13,0.00130246,0
1507151739,22773127,4216.12,0.00130298,0
1507151673,22773112,4216.05,0.21601211,0
1507151647,22773103,4217.48,0.02231885,0
1507151645,22773102,4215.69,0.19511636,1
1507151645,22773101,4215.68,0.00130364,0
1507151645,22773100,4215.68,0.00130140,0
1507151636,22773093,4215.97,0.00985693,1
1507151633,22773091,4216.91,0.02770268,0
1507151619,22773087,4214.88,0.46654858,1
1507151599,22773064,4218.47,0.00680246,0
1507151598,22773063,4218.46,0.00130323,0
1507151598,22773062,4218.46,0.00130162,0
1507151598,22773061,4217.97,0.00130342,0
1507151598,22773060,4217.96,0.00130290,0
1507151594,22773054,4214.84,0.07058071,1
1507151585,22773044,4217.98,0.01493252,0
1507151585,22773043,4217.85,0.00130179,0
1507151585,22773042,4215.97,0.00130369,0
1507151563,22773027,4214.82,0.07128776,1
1507151562,22773025,4214.82,0.00201200,1
1507151552,22773022,4226.83,0.45272375,0
1507151552,22773021,4225.70,0.04900000,0
1507151552,22773020,4224.28,0.03000000,0
1507151552,22773019,4224.00,0.10000000,0
1507151551,22773018,4223.80,0.58000000,0
1507151551,22773017,4223.00,0.00191025,0
1507151551,22773016,4222.99,1.02494000,0
1507151551,22773015,4222.00,0.10000000,0
1507151551,22773014,4221.00,1.00000000,0
1507151551,22773013,4220.00,0.02106336,0
1507151551,22773012,4219.98,4.37732513,0
1507151551,22773011,4216.38,0.01812099,0
1507151551,22773010,4216.00,0.13500000,0
1507151550,22773009,4215.99,0.00319913,0
1507151550,22773008,4215.98,0.00130231,0
1507151538,22772992,4214.18,0.00130347,0
1507151538,22772991,4214.18,0.07375790,0
1507151536,22772989,4214.17,0.00130414,1
1507151535,22772987,4214.18,0.03554036,0
1507151535,22772986,4214.17,0.00130373,0
1507151535,22772985,4213.50,0.07245591,0
1507151531,22772983,4214.17,0.00130478,1
1507151530,22772982,4214.17,0.00130319,1
1507151529,22772981,4214.17,0.00520000,1
1507151529,22772980,4214.17,0.00130385,0
1507151529,22772979,4214.15,0.00130214,0
1507151527,22772978,4214.18,0.00040776,0
1507151527,22772977,4214.17,0.11498576,0
1507151527,22772976,4214.17,0.04613731,1
1507151526,22772975,4214.17,0.00130331,0
1507151526,22772974,4214.16,0.00130451,1
1507151526,22772972,4213.46,0.00177774,0
1507151525,22772971,4213.45,0.00130467,0
1507151525,22772970,4213.44,0.00130178,0
1507151523,22772968,4213.43,0.00130468,0
1507151519,22772964,4212.67,0.09989186,1
1507151519,22772963,4212.98,0.00910814,1
1507151469,22772930,4214.18,0.23644742,0
1507151468,22772929,4214.99,0.01355258,1
1507151437,22772922,4219.95,1.29228692,0
1507151436,22772921,4217.92,0.87150000,0
1507151436,22772920,4216.37,0.00130391,0
1507151436,22772919,4216.37,0.00130163,0
1507151430,22772916,4216.38,0.99644541,0
1507151430,22772915,4216.37,0.00225105,0
1507151430,22772914,4216.36,0.00130354,0
1507151428,22772913,4216.36,0.87150000,0
1507151426,22772910,4216.38,1.00000000,0
1507151423,22772909,4219.98,5.62267487,0
1507151423,22772908,4219.19,6.54560515,0
1507151423,22772907,4219.00,0.10000000,0
1507151423,22772906,4219.00,1.00000000,0
1507151423,22772905,4218.99,2.37030000,0
1507151422,22772904,4218.93,5.80000000,0
1507151422,22772903,4218.93,0.89900000,0
1507151422,22772902,4218.00,0.01568627,0
1507151422,22772901,4216.39,0.00130118,0
1507151422,22772899,4216.38,0.00272474,0
1507151419,22772896,4216.40,0.06478000,0
1507151419,22772895,4216.37,0.00130260,0
1507151419,22772894,4216.36,0.00462129,0
1507151416,22772893,4216.38,0.00130140,0
1507151414,22772890,4216.39,0.00153988,1
1507151410,22772889,4216.39,0.00130232,1
1507151409,22772888,4216.39,0.00414848,0
1507151409,22772887,4216.38,0.00130298,0
1507151404,22772884,4215.00,0.00130327,0
1507151404,22772883,4215.00,0.61739212,0
1507151398,22772879,4214.99,0.11879934,1
1507151398,22772878,4214.99,0.00391088,1
1507151397,22772876,4214.99,0.00391178,0
1507151397,22772874,4214.99,0.59000000,0
1507151397,22772873,4214.98,0.09825301,0
1507151394,22772870,4214.99,1.00000000,0
1507151391,22772867,4214.97,0.29445535,1
1507151388,22772863,4214.97,0.00320124,0
1507151379,22772849,4214.97,0.00130391,0
1507151377,22772848,4214.98,0.00130166,1
1507151376,22772840,4214.98,0.00130325,0
1507151376,22772838,4214.97,0.00130206,0
1507151376,22772837,4214.96,0.00130431,0
1507151369,22772830,4213.99,0.00130211,0
1507151369,22772826,4214.95,0.04204563,1
1507151368,22772823,4214.95,0.05907103,1
1507151368,22772819,4214.94,0.05654907,0
1507151367,22772818,4214.94,0.00130235,0
1507151367,22772816,4214.93,0.00130289,0
1507151362,22772813,4211.81,0.86267775,1
1507151361,22772810,4214.00,0.00130336,1
1507151360,22772809,4214.00,0.02500000,0
1507151360,22772808,4212.15,0.05654907,0
1507151360,22772807,4212.15,0.22945764,0
1507151359,22772805,4212.15,0.27399329,0
1507151358,22772803,4213.99,0.00130490,1
1507151358,22772802,4213.97,0.00130319,0
1507151355,22772800,4213.99,0.00320069,0
1507151355,22772799,4213.98,0.00130267,0
1507151353,22772797,4213.91,0.02637486,1
1507151349,22772793,4213.91,0.00130467,0
1507151348,22772792,4209.65,4.00000000,1
1507151346,22772789,4213.84,0.05899297,1
1507151344,22772780,4213.92,0.10888911,0
1507151344,22772779,4213.92,0.02000000,0
1507151344,22772778,4213.84,0.00130494,1
1507151343,22772775,4213.84,0.23705100,1
1507151342,22772773,4213.84,0.52659497,1
1507151342,22772771,4213.84,0.00130401,0
1507151342,22772770,4213.84,0.00130467,0
1507151340,22772768,4212.54,0.38155700,1
1507151339,22772762,4212.54,0.54000000,1
1507151338,22772756,4207.38,0.38155700,1
1507151334,22772750,4212.55,0.00130316,1
1507151333,22772749,4212.54,0.00130206,0
1507151332,22772748,4208.96,0.00025536,0
1507151332,22772747,4209.00,0.00104847,1
1507151330,22772746,4209.00,0.00130433,1
1507151330,22772745,4209.00,0.05619000,0
1507151330,22772744,4209.00,3.09765461,0
1507151330,22772743,4208.96,0.36630259,0
1507151328,22772742,4208.95,0.00225429,0
1507151328,22772741,4208.94,0.00130434,0
1507151323,22772740,4204.80,0.57417242,1
1507151316,22772739,4208.96,0.02307591,0
1507151316,22772738,4208.94,0.00201617,0
1507151316,22772737,4208.93,0.00130499,0
1507151316,22772736,4208.92,0.00130621,0
1507151309,22772732,4208.96,0.02409881,0
1507151309,22772731,4208.95,0.00130459,0
1507151308,22772729,4208.94,0.00130366,0
1507151308,22772728,4208.94,0.00130539,1
1507151308,22772727,4208.93,0.00130371,0
1507151307,22772726,4208.92,0.00130523,0
1507151307,22772725,4208.91,0.00130473,0
1507151307,22772724,4208.90,0.00130645,0
1507151306,22772723,4208.89,0.00130606,1
1507151305,22772721,4208.89,0.00130447,1
1507151305,22772720,4208.89,0.00415690,0
1507151286,22772531,4208.96,0.10652269,0
1507151286,22772530,4208.94,0.00249243,0
1507151272,22772522,4209.00,1.66434539,0
1507151271,22772521,4208.60,4.00000000,1
1507151271,22772519,4206.70,0.50000000,0
1507151271,22772518,4206.68,0.00130531,0
1507151271,22772517,4204.04,0.99650349,0
1507151270,22772516,4204.00,1.83434930,0
1507151180,22772470,4200.68,0.57083682,1
1507151175,22772456,4200.64,0.02919096,1
1507151108,22772402,4203.99,0.00130567,0
1507151106,22772400,4204.00,0.04457421,0
1507151105,22772399,4204.00,0.99869552,0
1507151105,22772398,4203.99,0.00130448,0
1507151103,22772396,4202.97,0.01000000,0
1507151100,22772383,4204.00,0.98583914,0
1507151100,22772382,4203.99,0.00130674,0
1507151100,22772381,4203.99,0.00130791,0
1507151100,22772380,4202.04,0.01000000,0
1507151099,22772379,4202.03,0.00154621,0
1507151093,22772374,4204.00,0.49000000,0
1507151093,22772373,4202.04,0.01000000,0
1507151090,22772371,4204.00,1.74654183,0
1507151089,22772370,4203.00,0.24084653,0
1507151089,22772369,4202.95,0.00130647,0
1507151089,22772368,4202.26,0.00130517,0
1507151089,22772367,4202.02,0.01000000,0
1507151088,22772366,4198.95,0.01219253,1
1507151086,22772364,4203.00,2.03915347,0
1507151086,22772363,4203.00,0.01000000,0
1507151086,22772362,4202.99,0.01009394,0
1507151086,22772359,4202.98,0.00130810,0
1507151086,22772358,4202.97,0.00130625,0
1507151086,22772357,4202.96,0.00130593,0
1507151086,22772356,4202.29,0.01000000,0
1507151085,22772354,4202.28,0.00130566,0
1507151085,22772352,4202.27,0.00297368,0
1507151085,22772351,4201.16,0.00130826,0
1507151085,22772349,4201.16,0.38823870,0
1507151085,22772348,4201.10,0.03300601,0
1507151066,22772339,4196.99,0.03302990,1
1507151063,22772334,4201.16,0.02777566,0
1507151063,22772333,4201.15,0.00130620,0
1507151062,22772332,4201.14,0.00130620,0
1507151062,22772331,4201.14,0.00130667,1
1507151062,22772330,4200.75,0.00130594,0
1507151061,22772329,4200.72,0.00130712,0
1507151060,22772328,4200.71,0.00130852,0
1507151005,22772312,4200.87,0.00615245,0
1507151004,22772310,4201.16,0.00507560,0
1507151004,22772309,4200.90,0.00130816,0
1507151004,22772308,4200.89,0.00130578,0
1507150995,22772303,4200.93,0.01145594,0
1507150995,22772300,4200.90,0.00392431,0
1507150986,22772294,4200.94,0.09212770,0
1507150986,22772293,4200.94,0.00130714,0
1507150986,22772292,4200.92,0.00130816,0
1507150984,22772290,4200.93,0.02706300,0
1507150940,22772279,4201.16,0.05891004,0
1507150940,22772278,4201.15,0.00130592,0
1507150940,22772277,4201.05,0.00130660,0
1507150932,22772273,4201.08,0.12306994,0
1507150932,22772272,4200.05,0.00130762,0
1507150915,22772265,4202.73,1.74140010,0
