date,tid,price,amount,type
1507161301,22778195,0.06951944,5.00000000,0
1507161299,22778192,0.06937000,0.77114600,1
1507161298,22778191,0.06937000,1.42885400,1
1507161178,22778170,0.06923117,3.18492580,1
1507160751,22778064,0.06939953,14.08863230,1
1507160751,22778063,0.06938500,1.59300000,1
1507160749,22778062,0.06938500,0.50000000,0
1507160602,22778039,0.06924700,0.20000000,1
1507160598,22778038,0.06925000,0.50000000,1
1507160526,22778013,0.06931200,0.50000000,0
1507160516,22778007,0.06935988,5.98310435,0
1507160514,22778006,0.06930400,0.50000000,0
1507160514,22778004,0.06930400,0.50000000,0
1507160380,22777944,0.06911800,0.34200000,1
1507160341,22777881,0.06916600,0.30000000,0
1507159563,22777636,0.06925377,0.66949871,1
1507159563,22777635,0.06924700,0.50000000,0
1507159562,22777633,0.06919000,3.00000000,0
1507159562,22777632,0.06911200,0.50000000,0
1507159561,22777631,0.06909313,0.33050129,0
1507159427,22777568,0.06905401,4.82237611,1
1507159356,22777541,0.06900001,0.62443870,1
1507159356,22777540,0.06900002,3.99274130,1
1507159185,22777497,0.06900002,0.84403481,1
1507159185,22777496,0.06908800,0.50000000,1
1507158832,22777314,0.06911500,0.33194465,0
1507158832,22777313,0.06911000,0.31700000,0
1507158648,22777277,0.06910999,0.07216800,0
1507158496,22777209,0.06917000,2.20000000,1
1507158300,22777113,0.06920989,5.00000000,0
1507158089,22777030,0.06921996,21.61601004,1
1507157766,22776925,0.06919000,2.20000000,1
1507157558,22776834,0.06926992,0.50000000,0
1507157555,22776829,0.06900000,58.22071177,1
1507157555,22776828,0.06900000,28.56300000,0
1507157554,22776827,0.06900001,1.90264481,1
1507157554,22776826,0.06904572,29.07400000,1
1507157553,22776825,0.06904581,9.72665913,0
1507157553,22776824,0.06911200,0.59890155,0
1507157552,22776823,0.06911202,3.91408274,0
1507157513,22776791,0.06930963,0.90615519,0
1507157381,22776751,0.06911058,1.14797900,1
1507157268,22776715,0.06911000,0.22418100,0
1507157267,22776712,0.06911000,9.94607109,1
1507157267,22776711,0.06911026,1.34568250,1
1507157221,22776699,0.06919998,3.00000000,0
1507157193,22776686,0.06911193,1.95300000,1
1507156889,22776547,0.06924015,0.31700000,0
1507156823,22776511,0.06920007,0.36320000,1
1507156791,22776490,0.06945993,0.55087775,0
1507156280,22776319,0.06925007,10.97723159,0
1507156234,22776293,0.06921003,0.82039778,1
1507155901,22776124,0.06934000,0.70000000,0
1507154973,22775650,0.06942600,0.38793334,0
1507154813,22775545,0.06924007,0.30000000,1
1507154763,22775487,0.06952988,0.63065234,1
1507154763,22775485,0.06935200,0.50000000,1
1507154761,22775481,0.06934599,0.15608766,0
1507154505,22775196,0.06925787,0.27551234,0
1507154230,22775116,0.06919004,0.43160000,1
1507153920,22774978,0.06950969,5.00000000,0
1507153876,22774937,0.06922500,0.50000000,0
1507153876,22774936,0.06922000,0.31700000,0
1507153800,22774866,0.06937993,4.12019000,0
1507153705,22774779,0.06923400,0.50000000,1
1507153705,22774777,0.06934400,0.50000000,1
1507153660,22774652,0.06951000,0.98259703,0
1507153660,22774651,0.06941300,0.50000000,0
1507153655,22774636,0.06956655,1.06163024,0
1507153654,22774632,0.06956658,1.54930058,0
1507153650,22774629,0.06950000,0.16938942,0
1507153650,22774628,0.06943790,0.43230000,0
1507153649,22774627,0.06937800,0.37784550,0
1507153649,22774626,0.06937800,0.12215450,0
1507153640,22774612,0.06935697,2.59631460,0
1507153380,22774315,0.06911000,1.43898316,1
1507153380,22774314,0.06911001,0.38295315,1
1507153374,22774312,0.06911000,0.84946909,1
1507153370,22774310,0.06911002,2.16589736,1
1507153361,22774301,0.06911014,1.07981620,1
1507153361,22774300,0.06911015,0.43230000,1
1507153361,22774299,0.06913400,0.50000000,1
1507153356,22774296,0.06916500,0.50000000,1
1507153345,22774286,0.06916617,1.15816716,1
1507153345,22774285,0.06919300,0.50000000,1
1507153331,22774280,0.06922600,0.50000000,1
1507153319,22774270,0.06921803,6.01062963,1
1507153304,22774254,0.06933294,5.01062963,1
1507153304,22774253,0.06933293,1.44537491,0
1507153295,22774233,0.06911197,1.19380274,0
1507153295,22774232,0.06911197,0.25157217,0
1507153295,22774230,0.06924300,0.50000000,1
1507153282,22774208,0.06943988,8.98704606,0
1507153282,22774206,0.06943987,8.40346864,0
1507153280,22774205,0.06933300,0.50000000,0
1507152885,22773925,0.06937100,0.44444158,0
1507152643,22773719,0.06938000,1.80034200,1
1507152626,22773707,0.06938000,0.39965800,1
1507152481,22773653,0.06943915,1.00000000,1
1507152200,22773517,0.06911000,5.24636812,1
1507152200,22773515,0.06911003,2.24375995,1
1507152200,22773514,0.06913135,0.20000000,1
1507152199,22773513,0.06924100,0.50000000,1
1507152198,22773512,0.06924103,9.86064176,1
1507152078,22773447,0.06939194,1.28962000,1
1507152071,22773443,0.06938900,0.50000000,0
1507152054,22773431,0.06935000,2.20000000,1
1507152001,22773378,0.06944881,1.61310000,0
1507151969,22773316,0.06941429,3.71346159,0
1507151668,22773111,0.06926807,0.11667655,1
1507151376,22772842,0.06936000,0.31700000,1
1507150912,22772254,0.06940494,4.65075672,0
1507150881,22772177,0.06918614,5.93488652,1
1507150261,22771685,0.06938741,1.29381000,0
1507150047,22771506,0.06942997,0.19970238,0
1507149600,22771206,0.06934925,1.00000000,0
1507149503,22771176,0.06921763,0.09955111,1
1507149325,22771129,0.06929997,2.19670414,0
1507148979,22771045,0.06938000,0.00000040,1
1507148978,22771044,0.06938000,2.15511200,1
1507148882,22771020,0.06939700,0.50000000,1
1507148881,22771019,0.06939700,0.50000000,0
1507148525,22770774,0.06927212,1.54000000,1
1507148348,22770680,0.06938500,0.20293000,1
1507148342,22770671,0.06959265,0.57457000,1
1507148340,22770670,0.06948500,0.50000000,0
1507148120,22770531,0.06952956,0.26965035,0
1507148114,22770529,0.06952967,0.08000000,0
1507147982,22770424,0.06953940,10.00000000,0
1507147905,22770319,0.06942000,0.50912449,1
1507147905,22770317,0.06942001,0.10885551,1
1507147748,22770254,0.06937001,1.04424800,1
1507147736,22770248,0.06937001,0.21725137,1
1507147710,22770246,0.06937000,1.55575179,1
1507147710,22770245,0.06937002,0.43313021,1
1507147677,22770224,0.06925080,0.55259596,1
1507147670,22770221,0.06925078,0.38179600,1
1507147670,22770220,0.06933600,0.50000000,1
1507147669,22770219,0.06940000,0.20140000,1
1507147587,22770161,0.06940003,7.78155700,1
1507147579,22770152,0.06937607,6.80958900,1
1507147563,22770130,0.06940207,1.72624481,0
1507147561,22770129,0.06940210,6.45136700,1
1507147560,22770126,0.06957999,0.20000000,0
1507147442,22770041,0.06957999,0.19354100,0
1507147396,22770006,0.06959998,2.86205555,0
1507147352,22769986,0.06989370,248.01216948,1
1507147352,22769985,0.06988682,0.18000000,0
1507147351,22769984,0.06988681,0.64181828,0
1507147351,22769983,0.06988681,2.15196441,1
1507147351,22769982,0.06988681,3.00000000,1
1507147351,22769980,0.06988681,0.27586101,1
1507147350,22769979,0.06975779,3.20909141,0
1507147350,22769978,0.06975000,0.31600000,0
1507147349,22769977,0.06974997,75.68000000,1
1507147349,22769976,0.06974997,13.90959536,0
1507147320,22769965,0.06958841,0.32332900,0
1507147260,22769920,0.06958940,3.00000000,0
1507146688,22769683,0.06940135,1.20018906,1
1507146688,22769682,0.06940138,1.79981094,1
1507146478,22769515,0.06937563,12.19354342,0
1507146476,22769513,0.06951000,0.09333861,1
1507146297,22769434,0.06961963,2.84666681,0
1507146270,22769410,0.06961963,17.71347000,0
1507146246,22769389,0.06951000,0.27842039,1
1507146166,22769368,0.06951000,1.82824100,1
1507146122,22769322,0.06961963,0.50000000,0
1507146121,22769320,0.06960900,0.50000000,0
1507145615,22769088,0.06956300,1.41911700,1
1507145606,22769086,0.06956300,1.21606100,1
1507145574,22769057,0.06956300,1.22896000,1
1507145562,22769049,0.06956300,2.15034400,1
1507145559,22769048,0.06956300,3.86413800,1
1507145545,22769046,0.06956300,1.34860000,1
1507145525,22769041,0.06956300,3.37278000,1
1507145492,22769036,0.06956200,0.50000000,0
1507145445,22769013,0.06954000,1.60000000,1
1507145005,22768761,0.06954000,0.50000000,1
1507144980,22768753,0.06961999,0.56000000,0
1507144680,22768531,0.06965999,1.00000000,0
1507144659,22768523,0.06937594,0.23957000,0
1507144657,22768522,0.06950000,0.31600000,1
1507144441,22768421,0.06973999,10.00000000,0
1507144382,22768253,0.06965900,0.34000000,0
1507144379,22768252,0.06961175,1.80284981,0
1507144262,22768181,0.06961177,0.32291682,1
1507144260,22768178,0.06952900,0.00000018,0
1507144139,22768101,0.06950000,0.50000000,0
1507143633,22767733,0.06952899,2.47780363,0
1507143589,22767718,0.06952900,1.39236500,0
1507143545,22767710,0.06952900,0.14327500,0
1507143422,22767626,0.06948000,1.15424200,1
1507143276,22767528,0.06948000,1.04575800,1
1507143117,22767454,0.06940857,1.00000000,1
1507142104,22766925,0.06964999,0.07213000,0
1507141864,22766708,0.06958091,3.25216261,0
1507141864,22766707,0.06952900,2.08989989,0
1507141667,22766575,0.06961000,2.20000000,1
1507141398,22766304,0.06972997,4.70037000,0
1507141145,22766036,0.06980993,6.76481039,1
1507141143,22766033,0.06978500,0.50000000,0
1507141080,22765978,0.06980298,1.00000000,0
1507141048,22765931,0.06978786,10.00000000,1
1507141020,22765908,0.06980196,0.20000000,0
1507140927,22765870,0.06978793,2.97925000,0
1507140927,22765869,0.06976300,0.50000000,0
1507140927,22765868,0.06970000,1.47900000,0
1507140878,22765845,0.06970000,0.15000000,0
1507140503,22765711,0.06975763,0.41835700,0
1507140064,22765436,0.06967947,0.09955323,0
1507140063,22765434,0.06963980,0.10044677,0
1507139906,22765349,0.06961000,0.20956000,1
1507139850,22765318,0.06968976,1.24851872,1
1507139850,22765317,0.06966000,0.31500000,1
1507139792,22765295,0.06961000,1.47208300,1
1507139728,22765245,0.06911000,7.51910854,1
1507139728,22765244,0.06916264,0.18000000,1
1507139727,22765243,0.06917000,0.14000000,1
1507139727,22765242,0.06917000,3.60000000,0
1507139727,22765241,0.06918607,0.20000000,1
1507139726,22765239,0.06920000,0.10000000,1
1507139726,22765238,0.06920000,0.10044677,0
1507139726,22765237,0.06920001,0.11946009,1
1507139726,22765236,0.06929517,4.35856930,1
1507139725,22765235,0.06930000,0.20000000,1
1507139725,22765234,0.06930001,0.59693616,1
1507139724,22765233,0.06940893,8.22547914,0
1507139723,22765232,0.06940893,73.66000000,1
1507139533,22765096,0.06940797,2.68500000,1
1507139533,22765095,0.06949000,0.31500000,1
1507139209,22764951,0.06954000,2.00000000,1
1507139200,22764947,0.06940654,30.00000000,1
1507138657,22764474,0.06957900,0.03358436,1
1507138656,22764473,0.06957897,9.79099991,0
1507138656,22764472,0.06950000,9.96981573,0
1507138601,22764402,0.06949999,0.16985000,0
1507138583,22764372,0.06950000,0.03018427,0
1507138583,22764371,0.06949999,0.12363900,0
1507138511,22764209,0.06965200,0.00000350,0
1507138511,22764208,0.06950801,0.10851622,0
1507138511,22764207,0.06950000,0.11738028,0
1507138507,22764197,0.06950000,0.19761972,0
1507138268,22764058,0.06975996,0.30596100,0
1507138118,22763943,0.06963612,0.96396200,1
1507138118,22763942,0.06965000,0.31500000,1
1507138118,22763941,0.06966005,0.42960000,1
1507137735,22763720,0.06962001,0.20000000,0
1507137619,22763650,0.06979999,3.08892135,1
1507137617,22763649,0.06979998,0.10243599,0
1507137363,22763433,0.06987999,0.12414377,0
1507137361,22763431,0.06979000,0.10244423,0
1507137299,22763381,0.06969542,0.10243599,1
1507137280,22763378,0.06989999,9.78790655,0
1507137279,22763377,0.06989998,0.49999995,1
1507137278,22763376,0.06989998,0.42910000,0
1507137278,22763375,0.06989998,0.49990969,0
1507137278,22763374,0.06969541,0.50000000,1
1507137274,22763371,0.06969542,0.42910000,1
1507137268,22763365,0.06969542,0.50000000,1
1507137245,22763351,0.06991001,1.90218763,0
1507137245,22763350,0.06991000,0.43589606,0
1507137212,22763324,0.06991000,0.51789630,0
1507137212,22763322,0.06990000,0.10000000,0
1507137212,22763321,0.06989000,0.13900000,0
1507137197,22763295,0.06987000,3.00000000,0
1507137197,22763294,0.06986999,0.31937651,0
1507137190,22763291,0.06969518,0.74000000,1
1507137186,22763284,0.06986998,0.43013619,0
1507137005,22763180,0.06969510,0.11730000,0
1507136965,22763164,0.06970201,0.38270000,1
1507136965,22763163,0.06970300,0.50000000,1
1507136883,22763084,0.06984997,0.32110000,0
1507136823,22763024,0.06973200,0.16518440,1
1507136700,22762902,0.06969503,3.74452000,1
1507136685,22762884,0.06969504,0.36853619,1
1507136685,22762883,0.06970400,0.50000000,1
1507136650,22762865,0.06971100,0.35103000,1
1507136607,22762822,0.06969503,2.03914000,1
1507136606,22762821,0.06969700,0.50000000,1
1507136324,22762634,0.06988999,0.99737839,0
1507136324,22762633,0.06988999,0.43020000,1
1507136324,22762632,0.06975318,0.14496784,0
1507136324,22762631,0.06975318,0.12554584,0
1507136324,22762629,0.06975318,0.10040775,0
1507136323,22762628,0.06975318,0.00210000,0
1507136323,22762627,0.06975318,0.07248392,0
1507136323,22762626,0.06973350,1.20000000,0
1507136321,22762625,0.06969500,0.50000000,0
1507136317,22762618,0.06954444,0.19940080,1
1507136060,22762417,0.06948591,5.97486203,0
1507136059,22762416,0.06954600,0.50000000,1
1507136059,22762415,0.06954602,0.43020000,1
1507136059,22762414,0.06954603,0.15604665,1
1507135648,22762096,0.06951900,0.29201401,1
1507135537,22761985,0.06970000,12.48536785,1
1507135536,22761984,0.06970000,0.50000000,1
1507135532,22761983,0.06970000,0.50000000,1
1507135527,22761980,0.06970000,0.50000000,1
1507135521,22761973,0.06970000,0.50000000,1
1507135516,22761968,0.06970000,0.50000000,1
1507135508,22761960,0.06970000,0.50000000,1
1507135507,22761954,0.06970000,12.07070000,1
1507135504,22761945,0.06970000,20.05963100,1
1507135503,22761941,0.06970000,2.59619400,1
1507135497,22761921,0.06970000,0.50000000,1
1507135495,22761915,0.06969000,5.00000000,0
1507135495,22761914,0.06968971,5.66810715,0
1507135495,22761913,0.06968970,38.12000000,0
1507135495,22761912,0.06954000,0.50000000,0
1507135473,22761879,0.06953600,0.50000000,0
1507135462,22761873,0.06953200,0.50000000,0
1507135385,22761728,0.06943088,5.58839014,1
1507135268,22761685,0.06956100,0.12816300,0
1507135191,22761647,0.06960800,0.50000000,0
1507135171,22761621,0.06960700,0.50000000,0
1507135145,22761606,0.06957900,0.50000000,0
1507134812,22761414,0.06951000,0.31600000,0
1507134812,22761413,0.06945799,0.20000000,0
1507134748,22761376,0.06938600,0.26030400,0
1507134677,22761355,0.06930600,0.50000000,1
1507134677,22761354,0.06934000,0.31600000,1
1507134677,22761353,0.06938205,0.31700000,1
1507134666,22761350,0.06931000,0.31700000,0
1507134653,22761321,0.06931928,1.44210390,1
1507134531,22761238,0.06943464,0.19636509,1
1507134276,22760975,0.06924725,5.50882097,1
1507134270,22760969,0.06924725,1.51671032,1
1507134270,22760967,0.06933600,0.50000000,1
1507134257,22760962,0.06936000,0.50000000,1
1507134245,22760952,0.06940600,0.50000000,1
1507134232,22760945,0.06939500,0.50000000,1
1507134221,22760932,0.06944000,0.31700000,1
1507134220,22760931,0.06945300,0.50000000,1
1507134153,22760897,0.06948902,0.20000000,1
1507134060,22760806,0.06951703,0.15880000,1
1507134050,22760796,0.06954600,0.15879000,1
1507134009,22760763,0.06960400,0.20000000,1
1507133996,22760758,0.06958700,0.14624000,1
1507133950,22760699,0.06962997,6.73317000,0
1507133868,22760595,0.06948900,0.15813000,1
1507133545,22760381,0.06960998,1.50032632,0
1507133335,22760017,0.06943142,0.15793000,1
1507132960,22759527,0.06943003,0.15901000,1
1507132779,22759383,0.06943800,0.15911000,1
1507132752,22759367,0.06947000,0.15907000,1
1507132520,22759135,0.06964269,2.99583871,0
1507132520,22759134,0.06964269,0.31148012,0
1507132520,22759133,0.06962998,0.18795987,0
1507132520,22759132,0.06961000,3.00000000,0
1507132411,22759070,0.06964269,0.96925149,0
1507132411,22759069,0.06964269,0.67892160,0
1507132410,22759068,0.06964269,2.33290945,0
1507132410,22759067,0.06964269,0.48651353,0
1507132410,22759066,0.06964268,0.22331865,0
1507132410,22759065,0.06955000,0.02454203,0
1507132405,22759058,0.06955000,0.65092897,0
1507132142,22758772,0.06955000,0.32452900,0
1507131663,22758368,0.06948997,1.00000000,0
1507131541,22758264,0.06948997,0.35345000,0
1507131072,22758017,0.06954999,0.21719356,0
1507131070,22758016,0.06953900,0.50000000,0
1507130881,22757835,0.06956999,1.50000000,0
1507130870,22757830,0.06956999,4.05030747,0
1507130401,22757618,0.06949995,1.00000000,0
1507130366,22757610,0.06949995,1.20000000,0
1507130347,22757598,0.06949995,1.20000000,0
1507130258,22757573,0.06949999,4.99470806,0
1507130161,22757537,0.06951999,0.50000000,0
1507129922,22757373,0.06956999,0.34000000,0
1507129897,22757357,0.06944600,0.50000000,1
1507129745,22757235,0.06955896,0.50000000,1
1507129743,22757234,0.06952900,0.50000000,0
1507129698,22757210,0.06936005,0.20000000,1
1507129623,22757158,0.06952981,0.18312620,0
1507129387,22756981,0.06952999,5.23845063,0
1507129163,22756800,0.06952999,6.50000000,0
1507129107,22756760,0.06950000,3.49284900,1
1507128721,22756491,0.06952999,4.71357600,0
1507128721,22756490,0.06952998,0.28642400,0
1507128603,22756453,0.06953000,0.14477600,1
1507128601,22756452,0.06952800,0.50000000,0
1507128527,22756379,0.06938509,0.07220000,1
1507128409,22756313,0.06938508,1.98838799,1
1507128409,22756312,0.06938509,0.43120000,1
1507128407,22756308,0.06938510,0.58041201,1
1507128319,22756240,0.06941936,2.00000000,1
1507128319,22756239,0.06941940,1.32280392,1
1507128170,22756108,0.06962299,18.33355313,0
1507128170,22756107,0.06962299,1.12463589,0
1507128168,22756105,0.06958000,8.70200000,1
1507128168,22756104,0.06958000,0.50000000,0
1507127998,22756014,0.06958398,0.38232391,0
1507127996,22756013,0.06951400,0.50000000,0
1507127451,22755654,0.06939994,0.98273400,1
1507127435,22755640,0.06942200,0.29842000,1
1507127422,22755621,0.06942200,2.70158000,1
1507127293,22755494,0.06942200,0.42551000,1
1507127281,22755489,0.06947998,1.12840000,0
1507127275,22755487,0.06939386,2.00000000,1
1507127213,22755449,0.06938584,0.00015800,1
1507127213,22755448,0.06938800,0.50000000,1
1507126930,22755299,0.06938000,0.50000000,1
1507126888,22755245,0.06945900,0.50000000,1
1507126564,22754968,0.06951999,8.04717000,0
1507126561,22754967,0.06951999,1.00000000,0
1507126401,22754855,0.06941000,31.23854298,1
1507126400,22754854,0.06941000,17.37108500,1
1507126393,22754852,0.06941900,0.50000000,1
1507126393,22754851,0.06942700,0.50000000,1
1507126375,22754847,0.06941000,1.10044200,1
1507126339,22754837,0.06955999,0.08604127,0
1507126273,22754814,0.06941000,0.28993002,1
1507126267,22754808,0.06942000,0.50000000,1
1507126259,22754806,0.06943100,0.50000000,1
1507126259,22754805,0.06950000,17.51112700,1
1507126258,22754804,0.06950000,3.00000000,1
1507126255,22754802,0.06950000,0.20000000,1
1507126243,22754795,0.06950000,2.59000000,1
1507126238,22754794,0.06950000,3.00239200,1
1507126238,22754793,0.06950000,1.17260000,1
1507126235,22754771,0.06950000,3.76270000,1
1507126228,22754763,0.06950000,15.03518100,1
1507126226,22754760,0.06950000,3.72600000,1
1507126097,22754715,0.06946700,0.14536212,1
1507126074,22754699,0.06959999,0.71659938,0
1507126021,22754664,0.06961298,0.60000000,0
1507125975,22754647,0.06950000,5.61989729,1
1507125966,22754644,0.06950000,14.86045100,1
1507125963,22754643,0.06950000,0.12819900,1
1507125962,22754642,0.06952700,0.33865400,1
1507125960,22754641,0.06952700,0.16134600,1
1507125952,22754637,0.06961298,0.79099991,0
1507125952,22754636,0.06961297,0.20900009,0
1507125944,22754633,0.06950000,0.20000000,1
1507125935,22754632,0.06950000,0.12121500,1
1507125908,22754625,0.06950000,0.12002600,1
1507125846,22754585,0.06950000,5.10464000,1
1507125809,22754578,0.06950000,15.54026100,1
1507125774,22754468,0.06950000,0.14800000,1
1507125761,22754464,0.06950000,0.57000000,1
1507125758,22754463,0.06950000,0.67858600,1
1507125758,22754462,0.06950000,0.14790000,1
1507125757,22754461,0.06950000,0.20000000,1
1507125753,22754459,0.06950000,0.14790000,1
1507125697,22754428,0.06950000,2.46500000,1
1507125670,22754416,0.06950000,0.20000000,1
1507125649,22754406,0.06950000,0.28411300,1
1507125645,22754405,0.06950000,0.28411300,1
1507125627,22754396,0.06950000,3.17969871,0
1507125388,22754248,0.06950000,0.09434072,0
1507125218,22753967,0.06944700,0.16264550,1
1507125211,22753916,0.06950000,0.50000000,0
1507125198,22753875,0.06947600,0.50000000,1
1507125069,22753731,0.06941039,0.27986000,1
1507125069,22753729,0.06946700,0.50000000,1
1507125069,22753728,0.06948600,0.50000000,1
1507124975,22753656,0.06949900,0.20000000,1
1507124942,22753637,0.06960997,2.13699000,0
1507124865,22753583,0.06950900,0.22962107,1
1507124852,22753577,0.06951900,0.15886000,1
1507124837,22753570,0.06960997,2.00000000,0
1507124834,22753569,0.06952400,0.15885525,1
1507124834,22753568,0.06952401,0.15885000,1
1507124820,22753563,0.06951500,0.15886000,1
1507124808,22753556,0.06951500,0.20000000,1
1507124643,22753467,0.06968000,0.80000000,1
1507124643,22753464,0.06963526,0.20000000,0
1507124642,22753463,0.06961000,0.50000000,0
1507124457,22753362,0.06962303,18.85196349,0
1507124455,22753361,0.06961520,0.20000000,0
1507124431,22753346,0.06945900,0.20000000,1
1507124390,22753303,0.06945300,0.10182000,1
1507124356,22753259,0.06950000,0.08816961,0
1507124356,22753258,0.06950000,2.00000000,0
1507124356,22753257,0.06949047,0.11822594,0
1507124354,22753255,0.06947013,9.49799262,0
1507124354,22753254,0.06947013,2.20639600,0
1507124353,22753253,0.06947013,1.89892400,0
1507124283,22753181,0.06947013,0.80000000,0
1507124281,22753180,0.06940940,0.20000000,0
1507124228,22753165,0.06940940,10.26590018,0
1507124228,22753163,0.06940940,6.58530300,0
1507124228,22753161,0.06940650,2.56885522,0
1507124102,22753069,0.06940650,6.00000000,0
1507123980,22753038,0.06940650,1.33114478,0
1507123968,22753036,0.06939000,3.00000000,0
1507123956,22753033,0.06940400,0.50000000,0
1507123956,22753032,0.06940000,0.12514777,0
1507123956,22753031,0.06940000,0.50000000,0
1507123942,22753006,0.06939700,0.50000000,0
1507123929,22752999,0.06940000,0.35725640,0
1507123929,22752998,0.06939503,0.02830893,0
1507123929,22752997,0.06938100,0.50000000,0
1507123759,22752889,0.06934000,0.62621712,0
1507123756,22752888,0.06934000,0.34242288,0
1507123749,22752878,0.06934000,0.50000000,0
1507123745,22752876,0.06939503,0.17169107,0
1507123744,22752874,0.06937000,0.51030893,0
1507123744,22752871,0.06935000,2.00000000,0
1507123743,22752866,0.06934000,0.31800000,0
1507123740,22752863,0.06933999,4.22201557,0
1507123740,22752862,0.06933999,2.31800000,0
1507123730,22752845,0.06918999,1.58671664,0
1507123730,22752844,0.06918996,12.73292436,0
1507123729,22752842,0.06914000,2.00287705,0
1507123441,22752587,0.06916949,1.50000000,0
1507123182,22752466,0.06900004,7.21884075,1
1507123152,22752447,0.06910900,0.36938112,1
1507123150,22752440,0.06909999,0.43390000,0
1507123141,22752435,0.06910000,0.10430046,0
1507123033,22752321,0.06900000,0.13846000,1
1507123031,22752320,0.06900000,0.15706000,1
1507123028,22752319,0.06900000,0.19930600,1
1507123014,22752313,0.06900000,0.18851800,1
1507122995,22752293,0.06900000,0.24709553,1
1507122995,22752292,0.06900001,1.07639147,1
1507122979,22752283,0.06900000,5.17628200,1
1507122975,22752280,0.06900000,1.77813700,1
1507122971,22752277,0.06900001,1.18942850,1
1507122930,22752261,0.06900200,0.17361100,1
1507122921,22752260,0.06900000,13.50332373,1
1507122921,22752259,0.06900001,1.31433129,1
1507122920,22752258,0.06900003,6.03031298,1
1507122920,22752257,0.06900004,0.28530000,1
1507122919,22752255,0.06900004,0.14860000,1
1507122880,22752233,0.06900001,1.08809000,1
1507122878,22752232,0.06900003,4.10185400,1
1507122878,22752231,0.06902000,1.08809000,1
1507122858,22752212,0.06902100,0.15720600,1
1507122661,22752145,0.06913545,0.32454800,0
1507122660,22752144,0.06902000,0.20000000,1
1507122592,22752122,0.06902800,0.19075400,1
1507122421,22752054,0.06913885,1.00000000,0
1507122387,22752046,0.06902000,0.15991000,1
1507122382,22752040,0.06913933,0.07213738,0
1507122302,22752015,0.06900001,1.73394253,1
1507122288,22751998,0.06900003,5.39131700,1
1507122150,22751893,0.06902000,0.31800000,1
1507121843,22751676,0.06900024,0.10302000,1
1507121508,22751359,0.06925983,0.10081658,0
1507121341,22751194,0.06922000,2.00000000,0
1507121182,22750905,0.06900017,7.67150000,1
1507121181,22750899,0.06911200,0.32800000,1
1507121176,22750881,0.06920897,62.56418600,0
1507121164,22750843,0.06920892,0.15649000,0
1507121016,22750630,0.06919000,1.01841000,0
1507120983,22750605,0.06911200,7.47200000,1
1507120974,22750600,0.06920871,1.45636895,0
1507120739,22750230,0.06911200,1.29600000,0
1507120623,22750104,0.06914000,2.00000000,0
1507120623,22750103,0.06912300,0.50000000,1
1507120621,22750101,0.06911200,0.50000000,0
1507120561,22749967,0.06910912,1.00000000,0
1507120468,22749922,0.06904800,0.48433000,1
1507120441,22749905,0.06910922,3.00000000,0
1507120439,22749903,0.06910923,0.66648082,0
1507120439,22749902,0.06910800,0.50000000,0
1507120439,22749901,0.06908000,0.24734918,0
1507120425,22749884,0.06900002,0.08432200,1
1507120381,22749817,0.06904995,1.10000000,0
1507120345,22749804,0.06900001,0.31763511,1
1507120345,22749803,0.06900002,0.17868789,1
1507120314,22749754,0.06900001,0.42810100,1
1507120299,22749741,0.06900001,0.09951454,1
1507120292,22749736,0.06900001,0.62046600,1
1507120290,22749734,0.06900001,0.39161800,1
1507120284,22749733,0.06900001,0.06027913,1
1507120282,22749729,0.06900001,0.29613800,1
1507120031,22749634,0.06880981,0.33374952,1
1507120031,22749633,0.06885100,0.50000000,1
1507120024,22749629,0.06900979,1.29913000,0
1507120022,22749627,0.06900000,0.31800000,0
1507119741,22749472,0.06875555,0.28973100,1
1507119740,22749471,0.06875555,0.30288200,1
1507119517,22749351,0.06875980,0.17420000,1
1507119442,22749302,0.06878000,0.31800000,1
1507117831,22748572,0.06908000,0.18771323,0
1507117434,22748323,0.06908000,0.22210885,0
1507117432,22748320,0.06907400,0.50000000,0
1507117292,22748277,0.06908000,0.00282874,0
1507117292,22748276,0.06907000,0.22000000,0
1507117290,22748274,0.06896900,0.50000000,0
1507117281,22748267,0.06903859,0.59851265,1
1507117280,22748265,0.06898000,0.50000000,0
1507117263,22748261,0.06903863,0.79493000,0
1507117261,22748260,0.06900000,0.31700000,0
1507117261,22748259,0.06892100,0.50000000,0
1507117023,22748164,0.06883000,0.31700000,1
1507116916,22748122,0.06905999,15.00000000,0
1507116543,22747802,0.06895983,9.50000000,1
1507116541,22747800,0.06876300,0.50000000,0
1507116362,22747743,0.06872993,1.08200000,0
1507116362,22747742,0.06872992,0.10000000,0
1507116361,22747740,0.06872000,0.31800000,0
1507116180,22747662,0.06875993,6.52818873,0
1507116179,22747660,0.06875993,0.08704241,0
1507116107,22747528,0.06873800,0.20000000,1
1507115947,22747413,0.06906906,10.92442373,0
1507115946,22747412,0.06911100,0.50000000,1
1507115826,22747375,0.06906844,5.50000000,1
1507115825,22747374,0.06910200,0.50000000,0
1507115332,22747098,0.06901524,0.13767500,1
1507115233,22747038,0.06912900,0.50000000,1
1507115173,22746997,0.06910000,1.00000000,1
1507115172,22746992,0.06915000,0.08816961,1
1507115171,22746991,0.06926500,0.50000000,1
1507114985,22746828,0.06917000,1.16860000,0
1507114947,22746792,0.06916104,1.16860000,1
1507114903,22746769,0.06915181,0.10000000,1
1507114901,22746768,0.06936996,4.80840049,0
1507114901,22746767,0.06934100,0.50000000,1
1507114900,22746764,0.06934099,1.16821238,0
1507114772,22746670,0.06915112,1.16860000,1
1507114761,22746666,0.06936999,0.41556745,1
1507114759,22746641,0.06928111,0.00000022,0
1507114718,22746592,0.06928111,2.78074900,0
1507114442,22746449,0.06928111,0.14379400,0
1507114441,22746448,0.06924700,0.50000000,0
1507114339,22746406,0.06928111,0.07545678,0
1507114337,22746405,0.06928110,0.43240000,0
1507114337,22746404,0.06921300,0.50000000,0
1507114041,22746153,0.06910002,1.59955900,1
1507114039,22746147,0.06918400,0.50000000,1
1507114008,22746127,0.06912000,0.40000000,0
1507113681,22745903,0.06930000,2.50000000,0
1507113681,22745902,0.06925900,0.50000000,0
1507112856,22745293,0.06915200,0.33862500,0
1507112856,22745292,0.06917000,0.31800000,1
1507112814,22745277,0.06917300,0.20387620,1
1507112775,22745271,0.06916030,0.30343228,1
1507112775,22745270,0.06919700,0.50000000,1
1507112752,22745266,0.06930000,0.73586400,1
1507112743,22745242,0.06930000,5.00000000,1
1507112736,22745241,0.06930000,0.44130000,1
1507112697,22745233,0.06930000,8.19668400,1
1507112669,22745227,0.06930000,2.96770800,1
1507112653,22745223,0.06930000,2.65844400,1
1507112527,22745187,0.06921702,1.70430276,1
1507112518,22745182,0.06921703,0.43240000,1
1507112475,22745170,0.06921700,0.10000000,1
1507112473,22745167,0.06936000,5.40345700,1
1507112473,22745166,0.06936000,0.10000000,1
1507112472,22745165,0.06936001,3.21394442,1
1507112470,22745164,0.06936001,0.05435884,1
1507112470,22745163,0.06936001,0.04564116,1
1507112469,22745162,0.06936001,0.10000000,1
1507112467,22745159,0.06936000,0.10000000,1
1507112465,22745156,0.06936000,0.10000000,1
1507112463,22745153,0.06936000,0.10000000,1
1507112463,22745151,0.06936000,1.19654300,1
1507112341,22745076,0.06936000,1.00000000,0
1507112287,22745009,0.06937992,9.90344000,0
1507112287,22745008,0.06930000,8.48260000,0
1507112200,22744934,0.06927900,0.14482941,1
1507112196,22744930,0.06930000,1.51740000,0
1507112183,22744912,0.06929999,3.92698432,0
1507112114,22744819,0.06929999,0.36769515,0
1507112114,22744817,0.06920000,0.03312551,0
1507112112,22744804,0.06920000,0.36432923,0
1507112112,22744803,0.06920000,0.00053101,0
1507112102,22744718,0.06920000,0.09946899,0
1507112032,22744374,0.06918800,11.06963900,0
1507112030,22744372,0.06918800,1.50084100,0
1507112000,22744315,0.06918799,17.90012197,0
1507112000,22744314,0.06917000,3.00000000,0
1507111998,22744310,0.06916999,2.16895372,0
1507111000,22743750,0.06910000,0.03764526,0
1507111000,22743748,0.06910000,5.00982597,0
1507110416,22743469,0.06905000,2.60448147,0
1507110416,22743468,0.06904999,0.39335029,0
1507109972,22743163,0.06898400,0.11000000,1
1507109968,22743158,0.06898200,0.21000000,1
1507109948,22743129,0.06894700,0.18000000,1
1507109924,22743041,0.06909991,0.43510000,0
1507109923,22743039,0.06903500,0.50000000,0
1507109923,22743036,0.06902000,3.00000000,0
1507109746,22742575,0.06880999,0.32000023,0
1507109717,22742554,0.06880999,4.71753000,0
1507109717,22742553,0.06880000,0.32000000,0
1507108858,22742027,0.06840660,1.70604533,1
1507108858,22742026,0.06840661,0.75421439,1
1507108858,22742025,0.06840662,0.10446989,1
1507108858,22742024,0.06842000,0.32000000,1
1507108845,22742006,0.06846277,2.13381616,1
1507108845,22742005,0.06846279,0.83273288,1
1507108845,22742004,0.06863283,0.43510000,1
1507107593,22741103,0.06882002,0.73463200,0
1507107590,22741099,0.06876200,0.50000000,0
1507107590,22741097,0.06876199,0.43430000,0
1507107564,22741089,0.06869400,0.50000000,0
1507107221,22740973,0.06845114,0.82846367,1
1507107043,22740834,0.06847233,0.19550994,1
1507107032,22740827,0.06854838,0.38121267,1
1507107019,22740809,0.06854184,8.06274395,1
1507107019,22740808,0.06854185,0.43430000,1
1507107019,22740807,0.06854186,0.76012819,1
1507107004,22740792,0.06854183,1.51538920,1
1507106993,22740764,0.06864769,3.01641820,1
1507106915,22740619,0.06877100,0.00829745,0
1507106915,22740618,0.06870000,0.39221255,0
1507106522,22740366,0.06860200,0.31980700,1
1507106027,22740174,0.06862198,2.18043738,0
1507105643,22740024,0.06850002,0.23506000,1
1507105639,22740012,0.06850002,0.21900000,1
1507105634,22740008,0.06850001,0.50000000,1
1507105629,22740007,0.06850002,0.39269608,1
1507105623,22740006,0.06850002,0.50000000,1
1507105619,22739990,0.06850001,0.50000000,1
1507105614,22739989,0.06850001,0.16138000,1
1507105609,22739987,0.06859393,0.50366570,0
1507105609,22739986,0.06855900,0.50000000,0
1507105608,22739984,0.06850000,0.00000034,0
1507105605,22739983,0.06843700,0.16138000,1
1507105596,22739981,0.06843400,0.16138000,1
1507105588,22739978,0.06843309,0.16138000,1
1507105579,22739977,0.06843308,0.20000000,1
1507105569,22739974,0.06843306,0.20000000,0
1507105545,22739958,0.06843306,0.50000000,1
1507105540,22739957,0.06844000,0.50000000,1
1507105535,22739952,0.06843305,0.50000000,1
1507105531,22739947,0.06843305,0.33200000,1
1507105527,22739945,0.06844300,0.50000000,1
1507105522,22739937,0.06845000,0.33857000,1
1507105518,22739935,0.06845000,0.16143000,1
1507105508,22739924,0.06843301,0.16143000,1
1507105502,22739918,0.06843301,0.20000000,1
1507105492,22739912,0.06843301,0.16143000,1
1507105448,22739899,0.06850000,0.14598506,0
1507105448,22739898,0.06849600,0.50000000,0
1507105447,22739897,0.06849599,0.36659894,0
1507105442,22739895,0.06839518,0.20000000,1
1507105415,22739882,0.06839502,0.16148000,1
1507105215,22739747,0.06836902,0.20000000,1
1507105108,22739689,0.06835000,0.09000000,1
1507105032,22739616,0.06832994,0.27839000,0
1507104793,22739513,0.06832998,0.07306471,0
1507104423,22739253,0.06824322,1.57744651,0
1507104421,22739252,0.06820000,0.42255349,0
1507104200,22739118,0.06810700,0.50000000,1
1507104182,22739116,0.06824326,0.87189700,0
1507104182,22739115,0.06823487,1.62810300,0
1507104181,22739114,0.06821200,0.50000000,0
1507104122,22739107,0.06821994,1.56070000,0
1507104121,22739106,0.06821993,0.43930000,0
1507103742,22738952,0.06818997,0.36570848,0
1507103702,22738946,0.06820997,1.00000000,0
1507103486,22738858,0.06809200,0.13700000,1
1507103436,22738811,0.06812200,0.06121000,1
1507103436,22738810,0.06813801,0.43930000,1
1507103423,22738790,0.06812000,0.09000000,1
1507103000,22738632,0.06825977,2.02287094,0
1507102802,22738494,0.06824993,1.49119386,1
1507102802,22738493,0.06824000,0.32100000,0
1507102801,22738491,0.06823999,0.10439614,0
1507102750,22738465,0.06796231,0.00310576,1
1507102750,22738464,0.06802000,0.32100000,1
1507102707,22738452,0.06817126,0.85025498,0
1507102505,22738412,0.06797900,0.12782800,1
1507102504,22738409,0.06817377,0.50000000,1
1507102502,22738406,0.06812200,0.50000000,0
1507102442,22738396,0.06806700,0.00027953,1
1507102442,22738395,0.06808000,0.25047547,1
1507102441,22738394,0.06808000,0.11514200,1
1507102262,22738330,0.06825000,0.65545523,1
1507102260,22738329,0.06816200,0.50000000,0
1507102085,22738227,0.06812601,0.10439614,1
1507101536,22738040,0.06819400,0.50000000,0
1507101536,22738039,0.06817100,0.50000000,0
1507101348,22737951,0.06811389,5.82449275,0
1507101162,22737859,0.06808900,0.10000000,1
1507101080,22737828,0.06811000,0.50000000,1
1507101017,22737813,0.06820022,5.38854361,0
1507101015,22737812,0.06820021,0.63000590,0
1507100953,22737795,0.06810800,0.50000000,1
1507100877,22737789,0.06812800,0.50000000,1
1507100830,22737777,0.06813400,0.50000000,1
1507100781,22737768,0.06811800,0.50000000,1
1507100738,22737762,0.06805002,0.27583032,1
1507100221,22737632,0.06809964,0.31988800,0
1507100204,22737631,0.06808979,14.34290442,0
1507100204,22737630,0.06808978,10.59936458,0
1507100192,22737629,0.06808983,0.10000000,0
1507100190,22737628,0.06808983,0.10000000,0
1507100189,22737627,0.06808983,0.10000000,0
1507100187,22737626,0.06808983,0.10000000,0
1507100186,22737624,0.06808984,0.10000000,0
1507100184,22737623,0.06808984,0.10000000,0
1507100182,22737622,0.06808985,0.10000000,0
1507100181,22737620,0.06808986,0.10000000,0
1507100179,22737619,0.06808982,0.10000000,0
1507100177,22737618,0.06809867,0.10000000,0
1507100176,22737617,0.06809867,0.10000000,0
1507100174,22737612,0.06809990,0.08375435,0
1507100174,22737610,0.06809000,0.01624565,0
1507100172,22737606,0.06809000,0.10000000,0
1507100171,22737605,0.06809992,0.10000000,0
1507100169,22737604,0.06809993,0.10000000,0
1507100168,22737603,0.06809994,0.10000000,0
1507100166,22737602,0.06809995,0.10000000,0
1507100164,22737600,0.06809995,0.10000000,0
1507100163,22737598,0.06810000,0.10000000,0
1507100161,22737597,0.06809997,0.10000000,0
1507100146,22737591,0.06795500,0.50000000,0
1507100145,22737589,0.06795500,0.50000000,1
1507099972,22737530,0.06790664,71.61534635,0
1507099972,22737529,0.06790665,11.08710321,0
1507099972,22737528,0.06790667,1.56754454,0
1507099971,22737527,0.06804492,0.93000590,1
1507099971,22737526,0.06817000,0.50000000,0
1507099969,22737524,0.06818000,0.50000000,1
1507099935,22737517,0.06819003,7.31416470,0
1507099931,22737515,0.06819004,1.09589418,1
1507099930,22737514,0.06821100,0.50000000,1
1507099923,22737512,0.06820000,0.19813900,1
1507099919,22737511,0.06819003,13.76127400,1
1507099911,22737508,0.06870000,7.59914774,0
1507099911,22737507,0.06850000,5.33576308,0
1507099911,22737506,0.06850000,0.10000000,0
1507099910,22737505,0.06843570,0.20000000,0
1507099910,22737504,0.06842710,5.00000000,0
1507099910,22737503,0.06842710,0.50000000,1
1507099910,22737502,0.06842710,0.47165000,1
1507099909,22737501,0.06842709,15.02019773,0
1507099909,22737500,0.06835000,0.40000000,0
1507099909,22737499,0.06835000,0.50000000,0
1507099909,22737498,0.06833719,0.50004242,0
1507099908,22737497,0.06833518,9.57226274,0
1507099908,22737496,0.06833518,16.90000000,1
1507099908,22737495,0.06822987,2.63477932,0
1507099908,22737494,0.06822000,0.50000000,0
1507099907,22737493,0.06818971,77.76356400,1
1507099907,22737492,0.06818971,71.17300000,0
1507099907,22737491,0.06818971,4.78000700,1
1507099906,22737489,0.06815500,0.50000000,0
1507099881,22737486,0.06810600,0.10000000,0
1507099880,22737485,0.06810600,0.10000000,0
1507099878,22737484,0.06810600,0.10000000,0
1507099876,22737483,0.06810600,0.10000000,0
1507099874,22737482,0.06810600,0.10000000,0
1507099869,22737481,0.06809600,0.10000000,0
1507099867,22737480,0.06809600,0.10000000,0
1507099865,22737479,0.06809600,0.10000000,0
1507099864,22737478,0.06809600,0.10000000,0
1507099859,22737476,0.06809000,0.10000000,0
1507099857,22737475,0.06809000,0.10000000,0
1507099856,22737474,0.06809000,0.10000000,0
1507099854,22737472,0.06809000,0.10000000,0
1507099853,22737471,0.06809000,0.10000000,0
1507099848,22737470,0.06808900,0.10000000,0
1507099847,22737468,0.06808900,0.10000000,0
1507099845,22737467,0.06808900,0.10000000,0
1507099844,22737466,0.06808900,0.10000000,0
1507099842,22737465,0.06808900,0.10000000,0
1507099822,22737464,0.06802000,0.01810665,1
1507099822,22737463,0.06803600,0.10000000,1
1507099822,22737462,0.06805900,0.50000000,1
1507099796,22737444,0.06818981,63.06930465,1
1507099796,22737443,0.06818981,2.91125623,0
1507099760,22737435,0.06810600,0.10000000,0
1507099759,22737433,0.06810600,0.10000000,0
1507099757,22737432,0.06810600,0.10000000,0
1507099755,22737430,0.06810597,0.10000000,0
1507099754,22737426,0.06810600,0.10000000,0
1507099750,22737425,0.06808900,0.10000000,0
1507099748,22737424,0.06808900,0.10000000,0
1507099747,22737423,0.06808900,0.10000000,0
1507099745,22737422,0.06808900,0.10000000,0
1507099744,22737421,0.06808900,0.10000000,0
1507099736,22737417,0.06808700,0.10000000,0
1507099735,22737416,0.06808700,0.10000000,0
1507099733,22737415,0.06808700,0.10000000,0
1507099731,22737414,0.06808700,0.10000000,0
1507099729,22737413,0.06810000,0.10000000,0
1507099728,22737411,0.06810000,0.10000000,0
1507099725,22737410,0.06810600,0.10000000,1
1507099717,22737406,0.06819955,0.10000000,0
1507099716,22737405,0.06811100,0.10000000,0
1507099715,22737404,0.06811100,0.10000000,0
1507099713,22737403,0.06811100,0.10000000,0
1507099711,22737402,0.06811100,0.10000000,0
1507099710,22737401,0.06811100,0.10000000,0
1507099702,22737400,0.06810800,0.10000000,0
1507099700,22737399,0.06810800,0.10000000,0
1507099699,22737397,0.06810800,0.10000000,0
1507099698,22737395,0.06810800,0.10000000,0
1507099696,22737394,0.06810600,0.10000000,0
1507099694,22737393,0.06810600,0.08346224,0
1507099694,22737392,0.06810000,0.01653776,0
1507099692,22737391,0.06810000,0.10000000,0
1507099691,22737388,0.06810000,0.10000000,0
1507099689,22737387,0.06810597,0.10000000,0
1507099688,22737384,0.06810600,0.10000000,0
1507099686,22737383,0.06819976,0.10000000,0
1507099675,22737381,0.06819995,0.10000000,0
1507099673,22737380,0.06804100,0.10000000,0
1507099671,22737379,0.06804100,0.10000000,0
1507099669,22737378,0.06804100,0.10000000,0
1507099662,22737376,0.06803600,0.10000000,0
1507099662,22737375,0.06803600,0.10000000,0
1507099660,22737374,0.06803600,0.10000000,0
1507099655,22737373,0.06803600,0.10000000,0
1507099391,22737328,0.06798600,0.46614000,1
1507099383,22737320,0.06810800,0.03686459,0
1507099383,22737319,0.06810077,0.11736241,0
1507099382,22737318,0.06807608,0.50000000,0
1507099382,22737317,0.06807423,3.26830300,0
1507099381,22737316,0.06800000,0.07747000,0
1507098990,22737155,0.06800000,0.17653000,0
1507098851,22737010,0.06791124,0.11736241,1
1507098851,22737009,0.06791124,0.09593889,1
1507098648,22736941,0.06780150,3.00000000,0
1507098648,22736940,0.06788700,0.50000000,1
1507098646,22736939,0.06792300,0.50000000,1
1507098318,22736817,0.06807980,1.25952881,0
1507098316,22736816,0.06802400,0.50000000,0
1507098294,22736809,0.06791000,0.21653776,1
1507098269,22736803,0.06784345,0.00044547,0
1507098265,22736802,0.06784345,1.48800000,0
1507098250,22736799,0.06784345,3.21160900,0
1507098244,22736798,0.06784345,1.16545475,0
1507098244,22736797,0.06783000,0.32299025,0
1507098020,22736735,0.06801400,0.27306653,0
1507097907,22736702,0.06793072,0.50000000,1
1507097907,22736700,0.06796400,0.50000000,1
1507097818,22736646,0.06793100,0.50000000,1
1507097805,22736643,0.06794400,0.50000000,1
1507097792,22736641,0.06796800,0.50000000,1
1507096779,22736369,0.06802100,0.14885411,1
1507096772,22736367,0.06802100,0.20000000,1
1507096730,22736360,0.06813970,0.10247389,0
1507096658,22736345,0.06795301,2.63395191,1
1507096549,22736292,0.06800000,0.32299025,1
1507096441,22736274,0.06823805,5.00000000,1
1507096295,22736237,0.06818100,0.27481891,1
1507096256,22736222,0.06821100,0.50000000,1
1507096246,22736214,0.06821800,0.50000000,1
1507096244,22736213,0.06829951,1.49102548,1
1507096200,22736198,0.06830000,1.00000000,0
1507095722,22735943,0.06829951,1.50000000,1
1507095721,22735941,0.06815700,0.50000000,0
1507095442,22735659,0.06802900,0.16193557,1
1507095430,22735627,0.06799003,3.19972000,1
1507094933,22735228,0.06790115,0.71287728,1
1507094593,22735151,0.06803003,0.89436111,1
1507094309,22735102,0.06796015,0.20000000,1
1507094262,22735093,0.06794448,0.68803648,1
1507094060,22735044,0.06820987,0.10000036,0
1507094027,22735035,0.06821000,2.58424028,1
1507094025,22735034,0.06820988,3.26830300,0
1507093773,22734986,0.06810000,1.39128100,1
1507093728,22734962,0.06810000,0.60871864,1
1507093127,22734794,0.06815000,2.00000000,1
1507091251,22734466,0.06823977,1.15894400,0
1507090563,22734351,0.06826995,7.00000000,0
1507090382,22734314,0.06830999,0.72188000,0
1507090381,22734313,0.06815800,0.50000000,0
1507090357,22734310,0.06815034,1.28078866,0
1507090322,22734306,0.06819478,0.96491000,1
1507090320,22734305,0.06806700,0.50000000,0
1507090302,22734302,0.06797960,0.44030000,0
1507089821,22734163,0.06792401,0.11548731,1
1507089802,22734156,0.06793401,0.44030000,1
1507088069,22733824,0.06814000,0.16206000,1
1507088060,22733823,0.06814000,0.16206000,1
1507087965,22733806,0.06815100,0.20000000,1
1507087965,22733805,0.06815100,0.17304400,1
1507087945,22733798,0.06815700,0.16206000,1
1507087562,22733726,0.06820438,1.00000000,1
1507087561,22733725,0.06820200,0.50000000,0
1507085625,22733444,0.06797000,0.15432600,1
1507085314,22733401,0.06812700,0.18905849,0
1507085106,22733383,0.06822000,0.03000000,0
1507085104,22733382,0.06820090,0.29000000,0
1507085101,22733381,0.06820090,6.10000000,0
1507084826,22733340,0.06794000,0.01871800,1
1507084826,22733339,0.06797300,0.50000000,1
1507084802,22733333,0.06808299,0.50000000,0
1507084743,22733294,0.06808299,2.72054000,1
1507084741,22733293,0.06803791,0.50000000,0
1507083182,22733038,0.06803791,0.48802328,0
1507083180,22733037,0.06803000,0.20674472,0
1507083062,22733008,0.06794988,0.02944375,1
1507083060,22733007,0.06794988,0.17009925,0
1507082810,22732980,0.06787900,0.50000000,1
1507082682,22732880,0.06797700,0.50000000,1
1507082480,22732834,0.06808686,0.07325246,0
1507082402,22732811,0.06808687,7.50800000,0
1507082400,22732810,0.06806500,0.50000000,0
1507081861,22732738,0.06801276,0.43903800,1
1507081615,22732711,0.06807000,0.50000000,1
1507081564,22732683,0.06819962,0.70000000,0
1507081564,22732682,0.06818000,0.50000000,0
1507081562,22732681,0.06809463,0.20000000,0
1507081532,22732673,0.06804600,0.08547951,1
1507081472,22732666,0.06806600,0.20000000,1
1507081192,22732583,0.06811015,0.20000000,1
1507081135,22732580,0.06811000,0.20000000,1
1507080963,22732565,0.06824999,0.50000000,0
1507080962,22732564,0.06814000,0.50000000,0
1507080376,22732476,0.06802900,0.16227000,1
1507080369,22732475,0.06803699,0.10000000,0
1507080302,22732445,0.06822000,1.50000000,1
1507080301,22732444,0.06813800,0.50000000,0
1507080121,22732396,0.06801100,0.10000000,0
1507080119,22732395,0.06801100,0.10000000,0
1507080118,22732393,0.06801100,0.10000000,0
1507080115,22732389,0.06801100,0.10000000,0
1507080113,22732383,0.06812481,0.10000000,0
1507080111,22732382,0.06801500,0.10000000,0
1507080110,22732381,0.06801500,0.10000000,0
1507080108,22732380,0.06801500,0.10000000,0
1507080103,22732379,0.06812481,0.10000000,0
1507080101,22732378,0.06802400,0.10000000,0
1507080099,22732376,0.06802400,0.10000000,0
1507080097,22732374,0.06802400,0.10000000,0
1507080095,22732373,0.06802400,0.10000000,0
1507080060,22732356,0.06812481,0.62690600,0
1507079941,22732342,0.06812481,4.17000616,0
1507079941,22732341,0.06812481,0.82999384,0
1507079298,22732226,0.06811596,0.07629783,1
1507079150,22732190,0.06796909,0.20000000,1
1507078537,22732068,0.06809697,1.32999437,0
1507078537,22732067,0.06809697,4.28877563,0
1507078457,22732025,0.06808187,8.23640800,0
1507078408,22732017,0.06803688,13.65570100,0
1507078381,22732013,0.06790016,12.49739793,1
1507078381,22732012,0.06790019,13.74839903,1
1507078031,22731968,0.06802000,0.28781153,0
1507077943,22731935,0.06778625,0.48452533,0
1507077943,22731934,0.06785500,0.50000000,1
1507077941,22731933,0.06786401,0.16353341,1
1507077671,22731825,0.06781997,13.33193350,0
1507077592,22731795,0.06781994,0.23380988,0
1507076332,22731497,0.06764000,0.49999957,1
1507076331,22731496,0.06764635,0.66646043,1
1507075740,22731392,0.06778944,5.00000000,0
