date,tid,price,amount,type
1507160387,22777946,249.34,0.19576931,0
1507160264,22777857,249.03,0.24430000,1
1507159997,22777794,249.03,0.04998221,1
1507159505,22777610,249.04,1.12709308,1
1507159505,22777609,249.04,0.24430000,1
1507159389,22777555,249.03,1.30808975,1
1507159362,22777544,249.03,5.37757129,1
1507159362,22777543,249.04,4.88399800,1
1507159077,22777443,249.04,2.44820550,1
1507159070,22777436,249.04,0.29368214,1
1507159070,22777435,249.04,1.56461800,1
1507158717,22777287,249.04,2.73777907,1
1507158319,22777125,249.09,4.44718000,1
1507158196,22777043,249.29,0.17080508,1
1507158041,22777010,249.89,0.00000056,1
1507158040,22777009,249.89,0.02401000,1
1507157732,22776918,249.90,0.17618521,0
1507157628,22776889,249.90,0.95724083,0
1507157626,22776888,249.89,0.59890155,0
1507157619,22776884,249.96,0.12369979,0
1507157550,22776822,249.99,15.13504127,0
1507157550,22776821,249.99,6.98200000,0
1507157550,22776820,249.99,24.97099825,0
1507157550,22776819,249.99,1.90000000,1
1507157550,22776818,249.98,11.63436092,0
1507157549,22776817,249.91,0.17047917,0
1507157549,22776816,249.88,0.74195464,0
1507157549,22776815,249.81,0.48000000,0
1507157548,22776814,249.80,1.90000000,0
1507157548,22776813,249.80,0.08192564,1
1507157548,22776812,249.75,4.69288400,0
1507157546,22776811,249.74,1.34568250,0
1507157278,22776723,249.06,2.17098300,1
1507157061,22776626,249.05,3.30578102,1
1507157052,22776625,249.55,4.04201019,0
1507157048,22776622,249.09,1.38860972,1
1507156858,22776532,249.08,0.07039000,1
1507156595,22776409,249.28,0.01153564,1
1507156593,22776408,249.38,0.56603774,1
1507156469,22776371,249.38,9.43396226,1
1507156144,22776206,249.50,2.42276553,0
1507156138,22776203,249.50,0.70126000,0
1507155714,22776045,249.68,0.39963153,1
1507155636,22775943,249.68,0.07273309,0
1507155634,22775941,249.25,0.32744511,0
1507155626,22775923,249.21,0.19963083,0
1507155327,22775781,249.03,1.50000000,1
1507155286,22775771,249.04,0.88379377,1
1507155198,22775730,249.21,0.02173000,0
1507155033,22775680,249.21,0.15609325,0
1507155031,22775679,249.20,0.24429899,0
1507154964,22775646,249.04,0.14057500,1
1507154963,22775645,249.04,4.85942500,1
1507154948,22775637,249.02,1.45877635,1
1507154796,22775537,249.04,1.15917588,1
1507154790,22775506,249.03,1.30232491,1
1507154775,22775493,249.05,1.07965740,1
1507154748,22775469,249.02,0.87018000,1
1507154709,22775427,249.10,0.12836700,0
1507154696,22775413,249.00,0.27899996,1
1507154695,22775412,249.05,0.32100000,1
1507154691,22775404,249.10,0.36474768,1
1507154667,22775381,249.23,0.00644511,1
1507154666,22775379,249.43,3.11561558,1
1507154621,22775345,249.43,3.54669227,1
1507154619,22775344,249.43,13.72796603,1
1507154619,22775343,249.43,1.85125802,1
1507154613,22775338,249.43,2.75846810,1
1507154610,22775333,249.43,15.00000000,1
1507154497,22775193,249.65,0.39248013,0
1507154468,22775180,249.67,0.55949854,0
1507154357,22775141,249.67,0.08631393,1
1507154357,22775140,249.40,0.27384126,1
1507154355,22775139,249.40,0.19983962,0
1507154342,22775132,249.39,1.00020048,0
1507154189,22775101,249.40,0.80016038,0
1507154138,22775080,249.10,0.74195464,1
1507153958,22774997,249.86,0.16417193,0
1507153958,22774996,249.64,0.03614299,0
1507153956,22774995,249.63,0.39910069,0
1507153951,22774991,249.59,1.40278471,0
1507153847,22774913,249.14,3.79612797,0
1507153847,22774912,249.14,3.39256200,1
1507153847,22774911,249.18,0.17047917,1
1507153847,22774910,249.30,0.80000000,1
1507153753,22774854,249.30,0.43368000,1
1507153739,22774843,249.29,0.39916473,1
1507153718,22774824,249.25,0.03372336,1
1507153707,22774785,249.96,1.34801794,0
1507153689,22774711,249.96,30.95355530,1
1507153688,22774702,249.95,2.84000000,0
1507153688,22774700,249.94,0.48689530,0
1507153674,22774682,249.96,1.58000000,1
1507153674,22774680,249.95,1.95021900,0
1507153669,22774670,249.84,1.59862032,0
1507153667,22774662,249.84,1.89874846,0
1507153667,22774661,249.84,0.74148253,0
1507153662,22774656,249.96,0.41478636,1
1507153661,22774655,249.95,0.10000000,0
1507153661,22774654,249.90,3.40637989,0
1507153661,22774653,249.82,0.17019996,0
1507153660,22774650,249.81,4.69147700,0
1507153660,22774649,249.81,0.80081460,0
1507153658,22774647,249.74,10.38301772,0
1507153626,22774585,249.70,0.47907428,0
1507153626,22774584,249.70,1.00000000,0
1507153613,22774556,249.55,2.45148715,0
1507153601,22774545,249.53,3.44756306,0
1507153600,22774544,249.53,1.62007872,0
1507153599,22774542,249.52,1.54112031,0
1507153593,22774527,249.55,1.50778193,0
1507153593,22774526,249.54,0.32100000,0
1507153540,22774460,248.71,0.21786725,1
1507153539,22774459,249.00,0.00321285,1
1507153447,22774403,249.00,0.99678715,0
1507153396,22774325,249.00,2.00321285,0
1507153348,22774290,248.99,0.04149120,0
1507153274,22774200,248.99,0.20028917,0
1507153255,22774181,248.78,0.42214609,1
1507153255,22774180,248.81,3.73756932,1
1507153255,22774179,248.81,0.39642968,1
1507153240,22774166,248.73,4.69660000,1
1507153240,22774165,248.75,2.06000000,1
1507153236,22774163,248.60,1.18529271,0
1507153235,22774161,248.60,4.18492800,0
1507153234,22774160,249.05,1.79532308,1
1507153229,22774151,249.05,2.89633992,1
1507153224,22774143,249.68,0.77901678,0
1507152970,22773992,248.86,3.10580000,1
1507152968,22773991,249.03,0.24420000,1
1507152890,22773934,249.03,0.25542773,1
1507152852,22773878,248.99,0.13908057,1
1507152852,22773877,249.00,4.23394400,1
1507152852,22773876,249.02,0.32100000,1
1507152668,22773741,248.90,0.00595644,1
1507152668,22773738,249.16,4.69086800,1
1507152422,22773630,249.20,1.15585168,1
1507152238,22773532,249.69,1.00072000,0
1507152237,22773530,249.20,4.05245259,1
1507151752,22773136,249.82,1.55447297,0
1507151590,22773051,249.21,0.19124179,1
1507151590,22773050,249.50,0.36078515,1
1507151481,22772942,249.82,0.39929555,0
1507151472,22772937,249.50,10.00000000,1
1507151449,22772923,249.50,0.68586500,1
1507151428,22772912,249.50,0.76037385,1
1507151427,22772911,249.50,3.19297600,1
1507151304,22772719,249.52,0.49886874,1
1507151303,22772718,249.54,8.41000000,1
1507151302,22772714,249.53,2.60000000,0
1507151295,22772586,249.33,0.93000000,1
1507151294,22772569,249.33,2.62358385,0
1507151200,22772491,249.28,3.21781958,0
1507151199,22772490,249.33,6.33704729,0
1507151198,22772489,249.33,1.11906642,0
1507151198,22772486,249.30,1.18487423,0
1507151166,22772450,248.83,1.04621500,0
1507151113,22772405,248.83,1.95276510,1
1507150996,22772304,249.29,0.74426568,0
1507150995,22772301,248.83,7.33670698,1
1507150994,22772298,248.83,0.32200000,1
1507150933,22772274,248.69,0.80207709,0
1507150912,22772256,248.05,2.32175315,1
1507150894,22772215,248.06,1.47956900,1
1507150894,22772213,248.11,0.32200000,1
1507150892,22772211,248.10,2.76578775,1
1507150883,22772182,249.00,0.21484515,0
1507150881,22772178,249.00,22.39884910,0
1507150878,22772170,249.03,8.63211257,1
1507150877,22772169,249.03,2.81481944,1
1507150877,22772168,249.03,2.81481944,1
1507150877,22772166,249.03,10.11747852,1
1507150876,22772158,249.03,1.56484655,1
1507150875,22772154,248.77,1.56735800,0
1507150875,22772153,248.67,0.24480000,0
1507150870,22772150,248.30,0.07423072,0
1507150870,22772149,248.28,0.33684500,0
1507150757,22772052,248.10,0.69801902,1
1507150755,22772048,248.09,1.00438000,1
1507150753,22772047,248.27,0.11857669,0
1507150170,22771622,248.07,1.26061635,1
1507150092,22771549,248.27,0.04026188,0
1507149989,22771416,249.14,0.96090551,0
1507149895,22771344,248.94,0.96179802,0
1507149893,22771340,248.58,0.03998000,0
1507149847,22771321,248.07,0.71320000,1
1507149783,22771287,248.07,0.99727649,1
1507149769,22771285,248.13,0.24480000,0
1507149626,22771220,249.24,6.00212653,1
1507149626,22771219,248.72,1.56756200,0
1507149624,22771214,248.58,1.21327209,0
1507149623,22771211,248.58,0.09925513,0
1507149502,22771174,247.88,0.17432768,1
1507149501,22771173,247.88,0.66690200,1
1507149499,22771171,247.89,1.33225800,1
1507149299,22771121,247.94,3.92558808,1
1507149151,22771102,247.91,1.45260323,0
1507149150,22771101,247.91,1.30027100,0
1507149149,22771100,247.91,0.93622540,1
1507149014,22771061,248.48,1.17295468,0
1507148953,22771035,248.50,0.38126000,0
1507148898,22771026,248.41,0.14767232,0
1507148897,22771025,248.40,0.24420000,0
1507148617,22770814,248.01,0.20024092,1
1507148572,22770795,248.78,0.40095667,0
1507148217,22770595,248.06,0.32025502,0
1507148217,22770594,248.20,0.35774498,1
1507148215,22770593,248.21,0.32200000,1
1507148168,22770557,248.20,1.77775780,1
1507148166,22770556,248.30,0.21453268,1
1507148113,22770527,248.30,0.46446732,1
1507148109,22770526,248.30,0.32100000,1
1507148102,22770516,248.31,2.35355400,1
1507148102,22770515,248.31,3.92193400,1
1507148102,22770514,248.44,0.32100000,1
1507148101,22770513,248.50,0.24859794,1
1507148094,22770508,248.50,7.69016711,1
1507148088,22770503,248.51,2.37407300,1
1507148081,22770497,248.51,10.07969756,1
1507148075,22770496,248.52,2.09638128,1
1507148070,22770495,248.52,2.52403700,1
1507147951,22770395,248.51,0.27395000,1
1507147945,22770385,249.05,0.20024092,1
1507147939,22770339,248.51,6.98000000,1
1507147937,22770334,248.54,0.00000100,1
1507147937,22770332,248.54,2.47862000,1
1507147586,22770160,248.53,2.22752452,0
1507147586,22770158,248.53,1.16278719,0
1507147586,22770155,248.55,4.69555000,1
1507147579,22770153,248.52,2.07650146,1
1507147574,22770149,248.87,0.04018162,1
1507147574,22770148,248.90,4.46772263,1
1507147573,22770147,248.90,1.57357600,1
1507147534,22770112,248.90,0.00204413,1
1507147534,22770111,248.91,2.42985600,1
1507147516,22770100,248.98,1.67511332,1
1507147494,22770085,248.90,1.90623610,1
1507147494,22770084,248.91,0.86411834,1
1507147488,22770081,248.91,0.94845319,1
1507147488,22770080,248.91,0.65999847,1
1507147488,22770079,248.91,1.00000000,1
1507147488,22770077,248.92,0.24420000,1
1507147476,22770070,248.96,0.81742006,1
1507147316,22769961,249.74,0.36790277,0
1507147315,22769958,249.71,0.43751112,1
1507147314,22769957,249.71,0.19584611,0
1507147157,22769834,249.75,0.38999825,0
1507146960,22769790,249.13,1.24804930,1
1507146777,22769727,249.74,0.39306802,0
1507146769,22769724,249.01,0.13430800,1
1507146745,22769714,249.75,0.06490490,0
1507146745,22769713,249.64,1.56404600,0
1507146745,22769712,249.61,9.35961993,0
1507146743,22769711,249.60,1.00000000,0
1507146680,22769680,249.58,0.02982594,0
1507146678,22769679,249.28,0.07394349,0
1507146678,22769678,249.28,0.89749057,0
1507146552,22769608,248.92,0.84839900,1
1507146535,22769600,248.91,0.65544500,1
1507146523,22769567,249.28,0.10688943,0
1507146490,22769554,248.91,2.05279222,1
1507146488,22769548,248.90,0.30460600,1
1507146484,22769542,248.90,0.77804834,1
1507146483,22769534,248.91,1.20225300,1
1507146481,22769525,248.91,0.77180400,1
1507146479,22769522,248.91,0.46274300,1
1507146479,22769519,248.91,0.61331700,1
1507146476,22769512,248.95,0.07104300,1
1507146476,22769509,249.28,1.00438000,1
1507146455,22769481,248.94,0.39974360,1
1507146279,22769425,248.91,0.38668300,1
1507146276,22769423,248.93,0.00070000,1
1507146276,22769422,249.30,1.00000000,1
1507146264,22769396,249.30,1.00000000,0
1507146085,22769311,249.61,0.29970754,0
1507146034,22769299,249.61,7.00953487,0
1507146006,22769292,249.61,0.39974360,0
1507146004,22769291,249.60,0.72548076,0
1507146002,22769290,249.45,0.07390447,0
1507145993,22769286,249.45,0.12605100,0
1507145984,22769282,249.58,0.12605176,0
1507145983,22769281,249.45,0.07389393,0
1507145795,22769168,248.88,0.80215526,1
1507145747,22769152,248.77,1.60789657,1
1507145736,22769140,249.61,0.87987755,0
1507145736,22769139,249.61,0.05151651,0
1507145736,22769138,249.60,1.44974349,0
1507145736,22769136,249.60,0.51025641,0
1507145735,22769135,249.53,0.04571078,0
1507145735,22769134,249.53,0.12310163,0
1507145735,22769133,249.53,0.08031964,0
1507145734,22769132,249.45,1.06936169,0
1507145733,22769129,249.39,0.03998000,0
1507145707,22769113,249.49,2.58651649,0
1507145706,22769112,249.45,0.95956777,0
1507145706,22769111,249.39,2.37061700,1
1507145706,22769110,249.31,0.40000000,0
1507145706,22769109,249.31,0.07240635,0
1507145705,22769108,249.20,0.80000000,0
1507145705,22769107,249.18,0.09139812,0
1507145704,22769106,249.16,0.71929861,0
1507145653,22769098,249.16,0.04022588,0
1507145233,22768906,249.16,0.04047551,0
1507145221,22768902,249.11,1.92149865,0
1507145221,22768901,249.00,2.14886098,0
1507144816,22768670,249.00,1.00126000,0
1507144701,22768556,248.84,0.72697315,0
1507144699,22768554,248.83,11.55990888,0
1507144669,22768528,248.30,5.00000000,1
1507144394,22768264,249.06,0.10275051,0
1507144393,22768262,249.05,0.04025718,0
1507144364,22768247,248.93,0.60000000,0
1507144274,22768190,248.43,0.00001800,0
1507144273,22768189,248.43,1.56800000,0
1507144268,22768188,248.34,70.07960000,0
1507144263,22768183,248.34,14.96020000,0
1507144263,22768182,248.34,14.96020000,0
1507144262,22768180,248.33,3.88000000,1
1507144261,22768179,248.33,3.88000000,0
1507144217,22768155,248.83,0.95263913,0
1507144216,22768153,248.82,0.04862087,0
1507144215,22768152,248.82,0.19637913,0
1507144214,22768151,248.81,0.97639666,0
1507144202,22768141,248.30,3.00228000,0
1507144162,22768115,247.84,2.90489270,1
1507144162,22768114,248.00,0.10000000,1
1507144162,22768113,248.00,2.97050200,0
1507144161,22768112,248.14,0.24500000,0
1507144045,22768030,248.50,0.24480000,1
1507144044,22768028,248.46,9.76520000,0
1507144044,22768027,248.46,0.24480000,0
1507144043,22768025,248.47,0.24480000,0
1507144021,22768021,248.54,0.23563848,0
1507143954,22767969,248.57,0.80263899,0
1507143836,22767889,248.72,1.00126000,0
1507143743,22767810,248.05,1.12955900,1
1507143673,22767763,248.49,3.92081689,0
1507143496,22767674,248.42,0.28195984,1
1507143494,22767673,248.42,4.06000000,1
1507143493,22767672,247.61,52.92935556,0
1507143492,22767671,247.70,0.10000000,1
1507143492,22767670,247.80,0.10000000,1
1507143492,22767669,247.80,3.56820700,0
1507143492,22767668,247.81,0.04570621,1
1507143491,22767667,247.90,2.00000000,1
1507143491,22767666,247.90,0.10000000,1
1507143491,22767665,248.00,0.24166942,1
1507143491,22767664,248.00,4.00000000,1
1507143491,22767663,248.00,0.50000000,1
1507143490,22767661,248.00,5.00000000,1
1507143490,22767660,248.10,8.80000000,1
1507143490,22767658,248.10,8.00000000,1
1507143490,22767657,248.10,2.53666981,1
1507143490,22767656,248.10,4.69740900,0
1507143489,22767655,248.12,3.56809700,0
1507143489,22767654,248.35,0.24480000,1
1507143488,22767653,248.36,3.56808600,1
1507143317,22767549,248.95,8.77351130,0
1507143308,22767541,248.93,1.40641948,0
1507143075,22767440,249.00,1.00704000,0
1507143019,22767409,248.70,1.00000000,1
1507142746,22767306,248.10,16.88287330,1
1507142746,22767305,248.10,1.00000000,1
1507142746,22767304,248.11,2.99688170,1
1507142745,22767303,248.12,3.40166600,1
1507142745,22767301,248.22,4.69857900,1
1507142744,22767300,248.23,11.02000000,1
1507142666,22767271,248.43,4.69622200,1
1507142658,22767264,248.49,1.27984900,1
1507142636,22767255,249.14,0.80215526,0
1507142609,22767242,249.18,0.19808973,0
1507142607,22767241,249.01,0.80000000,0
1507142589,22767237,248.44,3.00000000,1
1507142539,22767200,249.00,0.04004016,0
1507142436,22767122,248.19,2.37300000,0
1507142435,22767121,248.19,0.32200000,1
1507142417,22767100,248.17,1.13951503,1
1507142415,22767092,249.01,0.00000497,0
1507142414,22767091,249.01,1.13951503,1
1507142413,22767090,249.01,2.00000000,0
1507142406,22767074,248.17,0.32100000,1
1507142405,22767073,248.15,2.00000000,0
1507142353,22767046,249.24,1.17053009,0
1507142195,22766957,248.25,0.67900000,1
1507142193,22766956,248.42,0.32100000,1
1507142096,22766921,249.31,0.25112089,1
1507142095,22766919,249.31,0.85370770,1
1507142093,22766917,249.31,0.99592798,1
1507142092,22766914,249.31,0.42973342,0
1507142092,22766913,249.30,1.40412460,0
1507142092,22766912,249.29,0.07390895,0
1507142084,22766909,248.46,0.07390895,1
1507142052,22766883,249.31,0.04026658,0
1507141971,22766784,249.40,1.41804931,0
1507141971,22766783,249.39,1.02000000,0
1507141959,22766780,249.42,4.69444200,0
1507141947,22766772,249.17,2.82313807,0
1507141947,22766771,249.16,0.24400000,0
1507141945,22766770,249.17,1.87102893,0
1507141945,22766769,249.15,0.45000000,0
1507141945,22766768,248.90,0.11120775,0
1507141945,22766767,248.61,0.32100000,0
1507141936,22766761,248.62,0.12926400,0
1507141932,22766756,248.40,13.00000000,0
1507141929,22766755,248.40,2.00000000,1
1507141816,22766683,248.90,2.96777319,0
1507141571,22766515,248.10,5.78592214,0
1507141570,22766514,248.11,7.90000000,1
1507141570,22766513,248.20,2.00000000,1
1507141569,22766512,248.44,3.25216261,1
1507141569,22766511,248.66,17.34105925,1
1507141569,22766510,248.68,3.39985600,1
1507141567,22766507,248.79,0.32100000,1
1507141514,22766480,249.45,0.04043223,0
1507141403,22766311,249.50,0.09879759,0
1507141401,22766310,249.48,0.32100000,0
1507141365,22766231,249.47,1.94507624,0
1507141277,22766185,249.29,8.00276786,0
1507141082,22765983,248.66,0.65894075,1
1507141081,22765981,248.67,8.61000000,1
1507141081,22765980,248.67,0.32100000,0
1507141080,22765979,248.70,3.17777853,1
1507141080,22765977,248.71,0.09139244,1
1507141080,22765976,248.71,3.44071700,0
1507141079,22765975,248.93,4.68944200,1
1507141079,22765974,249.03,0.12310163,1
1507141079,22765973,249.03,0.08031964,1
1507141079,22765972,249.03,0.16930281,1
1507141078,22765971,249.05,10.97000000,0
1507141078,22765970,249.05,3.44066800,0
1507141077,22765969,249.05,0.24400000,1
1507141077,22765968,249.34,3.98333720,1
1507140933,22765874,249.03,0.53148998,1
1507140933,22765873,249.03,3.86590467,1
1507140933,22765872,249.03,0.38966965,1
1507140933,22765871,249.36,0.17019570,1
1507140917,22765863,249.98,0.70079279,0
1507140916,22765862,249.98,3.86590467,0
1507140914,22765860,249.96,0.02153721,0
1507140909,22765859,249.40,9.59614600,1
1507140909,22765858,249.41,3.41285300,1
1507140856,22765834,249.98,0.38966965,0
1507140856,22765833,249.96,0.00000201,0
1507140855,22765832,249.96,0.02154799,1
1507140854,22765830,249.96,0.09642800,0
1507140793,22765814,249.96,0.40357200,0
1507140699,22765782,249.91,2.71325677,0
1507140698,22765781,249.83,12.38318285,0
1507140698,22765780,249.83,0.12293747,0
1507140698,22765779,249.83,0.08022300,0
1507140698,22765778,249.56,4.69113200,0
1507140696,22765776,249.53,0.01306515,0
1507140590,22765730,249.53,0.08954302,0
1507140554,22765722,249.48,0.19587069,0
1507140541,22765714,249.49,0.06793859,0
1507140492,22765703,249.47,1.00126000,0
1507140401,22765662,249.21,0.11160000,1
1507140401,22765661,249.21,0.20940000,1
1507140399,22765660,249.19,0.06997647,0
1507140398,22765659,249.19,0.06940000,0
1507140398,22765658,249.18,0.07000000,0
1507140257,22765577,248.66,0.10260817,1
1507140149,22765484,248.69,96.41517540,0
1507140147,22765482,248.75,3.26382460,1
1507140147,22765481,248.75,0.32100000,1
1507140102,22765449,249.50,0.04018058,0
1507140074,22765443,249.21,0.10432353,0
1507140074,22765442,249.20,0.29693647,0
1507140002,22765412,249.34,0.02406353,0
1507139570,22765116,248.78,0.08345201,0
1507139569,22765115,248.78,0.32100000,1
1507139479,22765056,249.78,0.32391652,0
1507139477,22765055,249.64,0.16994460,0
1507139477,22765054,249.63,0.32000000,0
1507139413,22765027,248.60,1.00000000,1
1507139216,22764964,248.69,8.43688113,0
1507139215,22764963,248.70,0.00021440,1
1507139215,22764962,249.33,0.12293747,1
1507139215,22764961,249.33,0.08022300,1
1507139214,22764959,248.70,1.72166140,1
1507139213,22764958,249.00,4.68683900,1
1507139213,22764957,249.01,0.24370000,1
1507139213,22764956,249.01,2.61859900,1
1507139213,22764955,249.14,0.16994460,1
1507139213,22764954,249.33,0.32000000,1
1507139199,22764944,250.29,2.22429570,0
1507139199,22764943,250.08,0.48000000,0
1507139198,22764942,250.01,1.56249900,0
1507139198,22764941,250.00,14.84280624,0
1507139198,22764940,249.94,0.26000000,0
1507139196,22764939,249.93,0.04213000,0
1507139195,22764938,249.31,0.04213000,1
1507139186,22764931,249.92,0.03989276,1
1507139093,22764886,249.87,0.01037000,1
1507139092,22764885,249.88,0.25225505,0
1507138839,22764694,249.92,0.81747961,0
1507138815,22764644,249.88,0.50296142,0
1507138813,22764642,249.88,0.10185200,0
1507138811,22764641,249.87,0.16963000,0
1507138683,22764503,249.86,1.15640759,1
1507138662,22764480,249.35,12.43785664,0
1507138662,22764479,249.37,4.68606700,1
1507138636,22764452,249.35,0.16962574,1
1507138636,22764451,249.36,0.00000426,1
1507138595,22764387,249.85,1.00704000,0
1507138586,22764374,249.36,0.16963000,1
1507138516,22764222,249.37,0.22585000,1
1507138215,22763996,249.98,0.03729800,0
1507138213,22763994,249.97,0.96396200,0
1507137992,22763862,249.51,0.74615082,1
1507137915,22763826,250.00,0.33995418,0
1507137914,22763824,250.00,1.33231958,0
1507137913,22763823,249.95,0.24390000,0
1507137912,22763822,249.94,1.66894042,0
1507137875,22763808,249.51,0.83310652,1
1507137811,22763769,249.37,0.83583390,1
1507137811,22763768,249.38,2.20892400,1
1507137811,22763767,249.48,0.24390000,1
1507137760,22763730,249.97,1.79804000,1
1507137740,22763721,249.97,0.19996000,1
1507137676,22763690,249.99,2.01278000,0
1507137651,22763676,250.00,1.48492000,0
1507137651,22763675,249.99,0.37000000,0
1507137651,22763674,249.99,1.55000000,0
1507137649,22763672,249.97,7.17754648,0
1507137333,22763411,249.99,0.43685035,0
1507137333,22763409,249.96,0.28629452,0
1507137319,22763397,249.95,0.38976492,0
1507137317,22763395,249.96,0.08126000,0
1507137276,22763372,249.96,0.10244548,0
1507137265,22763360,249.95,0.10244151,0
1507137234,22763345,249.96,0.05260841,1
1507137234,22763344,249.93,1.56209900,0
1507137233,22763343,249.70,0.38116900,0
1507136973,22763167,249.94,0.28421806,0
1507136973,22763166,249.93,3.14170356,0
1507136962,22763160,249.99,0.73000000,0
1507136962,22763159,249.93,0.16942629,0
1507136961,22763158,249.90,6.00000000,0
1507136961,22763157,249.85,4.68580200,0
1507136951,22763151,249.87,5.85712188,0
1507136951,22763150,249.86,1.45839812,0
1507136950,22763149,249.86,3.22978088,0
1507136944,22763148,248.75,1.99028520,0
1507136944,22763146,249.00,0.10000000,1
1507136943,22763144,249.20,0.60971480,1
1507136940,22763143,249.67,3.95549900,0
1507136940,22763142,249.67,0.73152000,0
1507136836,22763034,249.71,0.19285248,0
1507136835,22763032,249.50,0.19929500,0
1507136800,22763006,249.46,0.86891500,0
1507136800,22763005,249.46,4.69108500,0
1507136790,22762998,249.47,0.69344314,0
1507136764,22762962,248.94,1.00000000,1
1507136725,22762928,249.59,0.26775912,0
1507136696,22762896,249.51,0.00000157,0
1507136696,22762895,249.26,1.74526843,0
1507136695,22762894,249.25,2.00000000,0
1507136645,22762863,249.26,0.35110000,0
1507136602,22762814,249.26,2.53965000,0
1507136597,22762811,249.26,2.54219500,0
1507136581,22762800,249.76,2.85504645,1
1507136581,22762798,249.76,0.30006245,0
1507136567,22762790,249.78,0.01993755,0
1507136556,22762780,248.78,2.53198876,1
1507136555,22762779,249.34,2.36801124,0
1507136428,22762678,249.87,1.09426622,0
1507136414,22762666,249.12,3.32784005,1
1507136414,22762665,249.13,1.36290800,0
1507136412,22762663,249.17,0.32000000,1
1507136290,22762609,249.89,0.49927373,1
1507136277,22762601,249.82,0.09796056,0
1507136174,22762550,249.65,0.05808609,0
1507136172,22762548,249.64,0.14317391,0
1507136117,22762476,248.75,6.02037025,1
1507136104,22762468,249.17,2.15363900,1
1507136062,22762421,249.20,0.24410000,1
1507135905,22762331,249.85,0.17682609,1
1507135903,22762329,249.80,0.24400000,0
1507135787,22762268,248.88,0.99740819,1
1507135772,22762262,249.29,0.32000000,1
1507135772,22762261,249.35,0.00364550,1
1507135772,22762260,249.35,1.99635450,1
1507135702,22762199,249.34,0.52769326,1
1507135702,22762198,249.35,0.24400000,1
1507135679,22762148,249.87,1.02745428,0
1507135623,22762050,249.77,0.05989510,1
1507135514,22761966,249.79,0.35647601,0
1507135514,22761965,249.79,2.27000000,0
1507135514,22761964,249.74,0.37580399,0
1507135513,22761963,249.74,0.04014161,0
1507135419,22761740,249.81,0.28514942,1
1507135417,22761739,249.76,0.10712706,0
1507135396,22761731,248.63,0.09924050,1
1507135367,22761721,249.76,0.20407591,1
1507135365,22761720,249.74,0.63570610,0
1507135365,22761719,249.74,0.24420000,0
1507135017,22761558,249.61,0.03993400,0
1507135005,22761554,249.66,0.03993431,0
1507134993,22761542,249.65,3.48219704,0
1507134987,22761533,248.11,1.75580000,1
1507134985,22761529,248.13,0.24420000,1
1507134910,22761483,249.45,0.39987974,0
1507134890,22761468,249.61,0.35619566,0
1507134890,22761467,249.59,0.04016550,0
1507134889,22761466,249.55,0.14821265,0
1507134889,22761465,249.06,0.44239772,0
1507134887,22761464,249.05,0.24460000,0
1507134884,22761461,249.06,0.05760228,0
1507134878,22761455,249.05,0.31311344,0
1507134779,22761391,247.84,2.31440000,0
1507134779,22761390,247.84,0.24460000,1
1507134778,22761389,248.00,0.12000000,1
1507134778,22761388,248.50,0.32100000,1
1507134732,22761374,248.97,0.32100000,0
1507134732,22761373,248.86,1.44210390,0
1507134676,22761352,248.56,2.13001600,1
1507134654,22761323,248.56,0.08353253,1
1507134654,22761322,248.60,2.13001647,1
1507134653,22761320,248.77,0.32100000,1
1507134641,22761313,248.96,2.76812200,1
1507134636,22761311,248.96,0.23187800,1
1507134635,22761310,248.97,0.25945500,1
1507134486,22761181,248.97,2.00000000,1
1507134374,22761080,249.56,0.27977240,0
1507134174,22760907,249.84,0.99807885,0
1507134106,22760846,249.88,0.52457179,0
1507134104,22760844,249.68,1.07306131,0
1507134077,22760814,249.68,0.29263869,0
1507134047,22760793,249.17,1.36570000,1
1507133965,22760732,249.68,3.99511375,0
1507133957,22760716,249.87,2.92339226,0
1507133957,22760715,249.75,2.38743174,0
1507133957,22760713,249.73,4.68917600,0
1507133937,22760678,249.81,0.50310236,0
1507133774,22760524,249.91,3.88837374,0
1507133747,22760497,248.93,1.12255742,1
1507133747,22760496,249.82,0.20417761,1
1507133740,22760490,249.82,1.12445439,1
1507133735,22760487,249.82,0.56140000,1
1507133734,22760486,249.82,0.55118400,1
1507133728,22760481,249.82,0.38422600,1
1507133726,22760477,249.82,0.16455800,1
1507133703,22760459,249.88,0.25038028,0
1507133682,22760441,249.82,0.02967329,1
1507133681,22760440,249.81,0.02021566,0
1507133489,22760320,249.85,1.00712000,1
1507133482,22760317,249.62,0.29978434,0
1507133482,22760316,249.61,0.22185830,0
1507133482,22760315,249.33,0.24380000,0
1507133463,22760294,249.34,3.20141173,0
1507133376,22760089,248.36,0.49030986,1
1507133369,22760066,248.35,3.05825162,1
1507133369,22760064,248.36,1.98843200,1
1507133356,22760047,248.48,1.54375881,1
1507133355,22760044,248.48,0.77416319,1
1507133342,22760027,249.01,2.86000000,1
1507133342,22760026,249.01,0.41199736,1
1507133331,22760015,249.01,2.97907106,1
1507133331,22760014,249.01,1.56039297,1
1507133330,22760013,249.01,0.19999641,1
1507133330,22760011,249.10,2.11861167,1
1507133330,22760010,249.13,3.19581100,1
1507133322,22760004,249.20,2.12541226,1
1507133316,22759992,249.18,3.26830300,1
1507133316,22759990,249.18,1.45552427,1
1507133308,22759978,249.18,2.09702770,1
1507133308,22759977,249.18,1.13276503,1
1507133302,22759961,249.16,1.56641876,1
1507133290,22759940,249.23,0.93519602,1
1507133282,22759928,249.34,0.64794662,1
1507133281,22759927,249.34,0.79041506,1
1507133225,22759885,249.91,0.01992717,0
1507133217,22759878,249.35,4.44841487,1
1507133204,22759866,249.28,2.21255131,1
1507133204,22759865,249.42,0.32000000,1
1507133204,22759864,249.43,0.16942629,1
1507133195,22759855,249.46,1.49838979,1
1507133189,22759846,249.51,3.19908292,1
1507133183,22759838,249.47,0.36196737,1
1507133183,22759837,249.47,2.16907526,1
1507133154,22759800,249.52,4.44498959,1
1507133137,22759780,249.51,2.00310848,1
1507133137,22759778,249.52,0.24380000,1
1507133078,22759730,250.13,1.60926561,0
1507133034,22759653,249.65,0.30023282,1
1507132943,22759512,249.64,0.51123300,1
1507132924,22759494,250.07,0.02500000,0
1507132924,22759493,250.63,0.16877468,0
1507132924,22759492,250.61,2.17000000,0
1507132923,22759490,250.60,0.16000000,0
1507132923,22759489,250.60,0.10000000,0
1507132922,22759487,250.59,0.24350000,1
1507132922,22759486,250.57,0.12250970,0
1507132922,22759485,250.57,0.07997761,0
1507132921,22759484,250.50,0.10000000,0
1507132921,22759482,250.43,0.78315488,0
1507132919,22759480,250.33,0.06105730,0
1507132906,22759471,249.73,2.71867900,0
1507132905,22759469,249.73,0.23132100,1
1507132730,22759356,249.57,0.57079800,0
1507132730,22759352,249.76,0.24350000,1
1507132728,22759350,249.77,0.18570200,1
1507132723,22759269,250.33,0.38894270,0
1507132693,22759263,250.43,0.19511683,0
1507132680,22759251,249.74,0.55638393,1
1507132583,22759191,250.43,1.98418719,0
1507132583,22759190,250.42,1.56000000,0
1507132583,22759189,250.39,0.04432275,0
1507132581,22759180,250.37,6.39090000,0
1507132560,22759168,250.38,0.19917725,0
1507132550,22759146,250.38,1.33460000,0
1507132472,22759106,249.70,7.72550000,1
1507132472,22759105,249.74,0.24350000,1
1507132375,22759015,250.43,4.74522241,0
1507132369,22759009,249.71,0.13000358,1
1507132353,22758992,249.69,2.17496548,0
1507132351,22758990,250.00,0.82503452,1
1507132327,22758970,250.43,2.25686912,0
1507132315,22758965,250.43,0.70111408,0
1507132314,22758964,250.41,3.22447400,0
1507132268,22758918,250.43,1.64205566,0
1507132268,22758917,250.40,0.10000000,0
1507132268,22758916,250.30,0.10000000,0
1507132267,22758915,250.16,4.68066900,1
1507132267,22758914,250.12,2.00000000,0
1507132267,22758913,250.10,0.04008340,0
1507132265,22758912,250.08,1.80461312,0
1507132219,22758865,250.00,0.41396548,1
1507132190,22758821,250.06,1.67760902,0
1507132181,22758817,250.03,1.96947632,0
1507132176,22758808,249.99,0.41199736,0
1507132176,22758807,249.99,2.97907106,0
1507132176,22758806,249.99,1.56039297,0
1507132149,22758774,249.93,5.98667627,0
1507132118,22758682,249.99,3.81871749,1
1507132117,22758680,249.99,0.19999641,0
1507132117,22758679,249.90,1.56151100,0
1507132117,22758677,249.79,0.19958869,0
1507132116,22758676,249.79,0.29041131,0
1507132116,22758675,249.60,0.04016390,0
1507132115,22758674,249.50,0.09997646,0
1507132080,22758662,249.10,0.16890338,1
1507131996,22758625,249.10,0.71248495,1
1507131921,22758591,249.50,3.50000000,0
1507131839,22758507,249.50,12.88522700,0
1507131798,22758489,249.50,2.43807615,0
1507131796,22758487,249.49,1.57000000,0
1507131789,22758482,249.50,18.20010500,0
1507131770,22758470,249.50,1.93154308,0
1507131768,22758469,249.48,0.28736030,0
1507131750,22758441,249.50,1.14862800,0
1507131750,22758440,249.49,0.38000000,0
1507131749,22758439,249.48,0.47263200,0
1507131727,22758419,249.06,0.77262716,1
1507131687,22758392,249.06,1.31894734,1
1507131675,22758379,249.50,1.31599272,0
1507131673,22758376,249.49,0.45000000,0
1507131628,22758345,249.05,0.64090371,1
1507131622,22758334,249.05,0.86045993,1
1507131616,22758331,249.05,1.89534874,1
1507131615,22758325,249.05,0.71106204,1
1507131614,22758321,249.05,0.94166051,1
1507131600,22758305,249.05,1.42212408,1
1507131588,22758303,249.49,0.40296249,0
1507131575,22758292,249.00,0.56930519,1
1507131562,22758283,249.00,3.45315503,1
1507131551,22758275,249.50,0.39983968,0
1507131551,22758274,249.50,1.37142284,0
1507131549,22758271,249.49,0.63000000,0
1507131545,22758268,249.49,0.10000000,0
1507131532,22758253,249.50,1.79406813,0
1507131530,22758251,249.49,0.75000000,0
1507131494,22758235,249.50,0.39229599,0
1507131334,22758151,249.49,1.06000000,1
1507131334,22758149,249.50,2.17414200,0
1507131237,22758107,248.97,0.09342611,1
1507131200,22758080,249.49,0.21830000,0
1507131010,22757983,249.50,1.25931383,0
1507131010,22757982,249.49,1.30000000,0
1507130920,22757861,249.48,0.03996312,0
1507130768,22757794,249.50,3.31835671,0
1507130719,22757777,249.50,0.30733780,0
1507130679,22757760,249.53,3.26521186,0
1507130660,22757746,249.53,3.99791608,0
1507130613,22757697,249.00,8.87009974,0
1507130609,22757696,249.00,8.01208835,0
1507130425,22757629,249.00,7.89319486,0
1507130359,22757606,249.00,1.85959905,0
1507130354,22757605,249.00,0.80126000,0
1507130306,22757585,249.00,0.29129917,0
1507130296,22757584,249.00,0.39116915,0
1507130281,22757580,249.00,0.17726551,0
1507130171,22757548,249.00,0.33147638,0
1507130126,22757511,249.00,0.03018486,0
1507130113,22757506,249.00,0.09902680,0
1507130072,22757467,249.00,2.00126000,0
1507130031,22757460,249.00,0.36903345,0
1507130031,22757459,249.00,3.12529407,0
1507130017,22757452,249.00,0.36166125,0
1507129966,22757424,248.99,0.25756054,0
1507129913,22757371,249.00,0.29399319,0
1507129904,22757358,249.00,2.80425703,0
1507129840,22757297,249.00,8.25811931,0
1507129840,22757296,249.00,4.02971783,0
1507129801,22757263,248.98,0.49500000,1
1507129793,22757261,248.99,0.10767717,0
1507129793,22757260,248.99,4.69236500,0
1507129661,22757196,248.98,1.47663842,0
1507129639,22757184,249.19,2.84009397,0
1507129639,22757183,249.01,0.09864392,0
1507129639,22757182,249.01,0.06438373,0
1507129639,22757180,248.92,0.83302965,0
1507129599,22757136,248.85,2.43166335,0
1507129599,22757135,248.84,0.33000000,0
1507129593,22757124,248.84,10.59224952,0
1507129592,22757123,248.83,0.32000000,0
1507129446,22757041,248.50,0.21369536,1
1507129434,22756999,248.50,4.09250182,1
1507129417,22756993,248.50,12.22883106,1
1507129404,22756992,248.51,1.81000000,1
1507129404,22756991,248.51,0.09864392,1
1507129404,22756990,248.51,0.06438373,1
1507129404,22756989,248.52,3.19249300,1
1507129397,22756987,249.47,0.19990380,0
1507129366,22756965,248.53,0.01728952,1
1507129366,22756964,248.53,4.58884553,1
1507129346,22756959,248.51,8.27819599,1
1507129334,22756955,249.45,0.24400000,0
1507129334,22756954,249.40,4.68830500,0
1507129245,22756862,248.54,0.82310000,1
1507129112,22756761,249.33,3.24060482,0
1507129039,22756711,248.79,2.56860621,1
1507129038,22756710,249.00,0.00000022,1
1507129024,22756687,249.14,1.56143500,1
1507129017,22756675,249.34,0.05612809,1
1507129003,22756669,249.02,3.82698030,1
1507129003,22756668,249.03,0.24400000,1
1507128990,22756660,249.35,0.00213509,1
1507128990,22756659,249.50,1.58331342,1
1507128983,22756643,249.50,2.50918840,1
1507128937,22756599,249.96,2.35029502,1
1507128937,22756598,249.96,0.24360000,0
1507128891,22756577,250.11,5.35456399,1
1507128891,22756576,249.98,0.75628890,0
1507128889,22756575,249.95,0.67000000,0
1507128750,22756515,249.34,5.08459106,1
1507128738,22756503,249.34,1.94798811,1
1507128737,22756502,249.38,1.56113600,1
1507128737,22756501,249.39,0.32000000,1
1507128665,22756470,249.42,0.66559122,1
1507128633,22756463,249.39,1.01105084,1
1507128608,22756455,249.34,1.28743872,1
1507128589,22756444,249.43,0.14538600,1
1507128538,22756384,249.51,1.56595699,1
1507128525,22756378,249.57,0.43443267,1
1507128519,22756372,249.57,0.14534768,1
1507128519,22756371,249.57,0.19863848,1
1507128506,22756359,249.57,0.14534768,1
1507128499,22756355,249.57,0.14555770,1
1507128492,22756347,249.57,0.84273617,1
1507128486,22756345,249.58,0.66251678,1
1507128480,22756341,249.57,0.20918695,1
1507128480,22756340,249.70,3.93762182,1
1507128474,22756337,249.70,0.06237818,1
1507128474,22756336,249.71,0.09766830,1
1507128467,22756334,249.71,0.14593170,1
1507128450,22756328,250.14,1.31418405,0
1507128450,22756327,250.10,0.03998000,0
1507128449,22756326,250.00,0.58041201,1
1507128448,22756325,250.00,10.03471625,0
1507128407,22756311,249.59,4.11145451,1
1507128407,22756310,249.59,3.07778330,1
1507128407,22756309,249.59,1.97665750,1
1507128404,22756305,250.20,0.09668265,0
1507128404,22756304,250.10,2.58137891,0
1507128404,22756303,250.08,0.50000000,0
1507128403,22756301,250.07,0.14600136,0
1507128402,22756300,250.07,0.66445549,0
1507128401,22756298,249.58,0.14600136,1
1507128395,22756282,249.57,0.56259399,1
1507128344,22756257,250.07,0.65834843,0
1507128342,22756255,250.05,0.12000000,0
1507128258,22756163,250.07,5.98332467,0
1507128207,22756142,250.07,1.00126000,0
1507128162,22756100,250.05,5.00000000,0
1507128137,22756084,250.10,1.41862109,0
1507128137,22756083,250.10,0.10000000,0
1507128137,22756082,250.09,1.34000000,0
1507128137,22756081,250.00,3.00000000,0
1507128137,22756080,250.00,2.12067608,0
1507128137,22756079,250.00,0.24005749,0
1507128137,22756078,249.99,0.46000000,0
1507128137,22756077,249.96,1.53000000,0
1507128136,22756076,249.90,0.10000000,0
1507128136,22756075,249.88,4.68551300,0
1507128136,22756074,249.80,0.00513234,0
1507128103,22756050,249.80,0.04012604,0
1507128044,22756028,249.80,0.04037412,0
1507127877,22755979,249.70,0.00017100,0
1507127877,22755978,249.66,0.24420000,0
1507127514,22755713,249.22,0.29680100,0
1507127511,22755711,249.24,0.56012800,0
1507127504,22755708,249.25,0.78077419,0
1507127487,22755695,249.01,2.08944028,1
1507127469,22755673,249.22,0.03021028,0
1507127454,22755656,249.01,0.24420000,0
1507127443,22755648,249.00,2.14095000,1
1507127442,22755647,249.20,2.65905000,1
1507127442,22755646,249.20,2.14095000,1
1507127441,22755645,249.20,2.00000000,1
1507127419,22755613,249.20,5.00000000,1
1507127354,22755527,249.68,0.10222563,0
1507127076,22755397,249.80,0.01436750,0
1507127076,22755396,249.78,0.09794879,0
1507127076,22755395,249.70,0.10000000,0
1507127074,22755394,249.60,0.10000000,0
1507126925,22755295,249.53,0.00600000,1
1507126925,22755294,249.54,2.39400000,1
1507126923,22755291,249.53,2.39410000,1
1507126922,22755289,249.50,1.50021450,0
1507126922,22755288,249.50,2.39420000,0
1507126921,22755287,249.50,2.39410000,0
1507126921,22755286,249.50,2.39420000,0
1507126904,22755283,249.45,0.00000307,0
1507126904,22755282,249.45,1.82510000,0
1507126876,22755219,249.45,3.12409693,0
1507126876,22755218,249.41,4.68695100,0
1507126867,22755208,249.43,1.00000000,0
1507126763,22755064,249.44,0.09783795,0
1507126236,22754788,249.45,0.05080000,1
1507126215,22754754,249.50,0.80187826,0
1507126174,22754739,249.45,9.94920000,1
1507126174,22754738,249.45,1.05080000,1
1507126167,22754734,249.50,1.19939880,0
1507126087,22754712,249.46,3.99903792,1
1507126086,22754710,249.46,1.99222566,0
1507126074,22754698,249.50,10.88000000,0
1507126073,22754696,249.49,1.50458987,0
1507126073,22754695,249.49,0.50000000,0
1507126052,22754686,249.46,0.32605900,0
1507126021,22754666,249.45,0.73734453,0
1507126021,22754665,249.44,0.45000000,0
1507126009,22754661,249.44,0.73792538,0
1507125995,22754655,248.53,1.19392010,0
1507125914,22754627,249.19,4.00126000,0
1507125851,22754593,249.21,4.20280085,0
1507125524,22754344,249.50,2.47370614,0
1507125523,22754342,249.50,0.11419666,0
1507125510,22754339,249.50,0.10000000,0
1507125510,22754338,249.40,0.10000000,0
1507125509,22754337,249.30,0.10000000,0
1507125509,22754336,249.20,0.00281490,0
1507125495,22754329,249.20,2.33820180,0
1507125475,22754312,249.20,4.46228106,0
1507125443,22754291,249.20,0.04729770,0
1507125438,22754288,249.20,1.84677700,0
1507125438,22754287,249.19,2.00000000,0
1507125436,22754283,249.20,3.89665760,0
1507125435,22754281,249.20,1.29651145,0
1507125346,22754206,248.25,2.00000000,1
1507125337,22754153,249.20,0.44751306,0
1507125308,22754100,249.20,0.66194543,0
1507125296,22754094,248.11,1.00000000,0
1507125250,22754019,249.29,8.70023170,0
1507125250,22754018,249.28,0.04021560,0
1507125250,22754017,249.20,0.10000000,0
1507125250,22754016,249.16,11.15955270,0
1507125225,22753987,249.16,0.14768839,0
1507125202,22753891,249.16,0.48041419,0
1507125200,22753879,248.70,0.51147200,1
1507125199,22753876,249.16,0.19623216,0
1507125197,22753872,249.16,4.21611256,0
1507125197,22753870,249.00,6.65777060,0
1507125196,22753865,248.99,1.58000000,1
1507125195,22753860,248.99,14.56901339,0
1507125064,22753724,248.99,1.28012000,0
1507125059,22753720,248.99,1.28139900,0
1507124987,22753665,248.99,0.12016547,0
1507124960,22753649,248.99,2.63852517,0
1507124960,22753648,248.60,0.00622515,0
1507124928,22753632,248.60,2.39940471,0
1507124923,22753626,248.60,0.59437014,0
1507124788,22753535,248.98,0.24490000,0
1507124740,22753515,248.67,0.58285112,0
1507124588,22753439,247.55,1.73226823,1
1507124586,22753435,247.62,0.24490000,1
1507124519,22753409,248.76,0.10657697,0
1507124369,22753275,248.61,10.00000000,1
1507124228,22753166,248.60,6.58222940,0
1507124228,22753164,248.59,7.76000000,0
1507124228,22753162,248.59,0.19909160,0
1507124227,22753160,248.58,2.83000000,0
1507124179,22753129,247.51,4.12955894,1
1507124040,22753044,248.71,0.19641051,0
1507123830,22752956,248.66,1.13918603,0
1507123829,22752954,248.29,0.50000000,0
1507123829,22752953,248.28,0.32745330,0
1507123827,22752951,248.14,0.04040080,0
1507123750,22752884,247.99,1.47580459,0
1507123742,22752865,248.00,2.09313944,0
1507123742,22752864,247.69,0.48000000,0
1507123733,22752856,247.00,10.00000000,0
1507123713,22752827,246.99,4.12955894,0
1507123639,22752761,246.99,0.10491113,0
1507123633,22752760,246.99,0.98396556,0
1507123486,22752623,246.53,0.04025930,1
1507123486,22752622,246.97,0.28594797,1
1507123486,22752620,246.97,0.03824708,1
1507123461,22752609,246.97,0.67580495,1
1507123461,22752608,246.98,2.26000000,1
1507123459,22752605,246.98,0.20179038,0
1507123395,22752564,246.64,0.63812450,0
1507123393,22752562,246.63,0.24560000,0
1507123383,22752549,246.63,0.04024310,1
1507123376,22752546,246.64,0.90049896,1
1507123334,22752526,246.64,10.52269800,1
1507123333,22752525,246.66,2.73500300,1
1507123329,22752524,246.67,0.49874900,1
1507123274,22752490,246.99,0.04048247,0
1507123230,22752479,246.64,0.84325461,1
1507123163,22752454,247.36,0.84682245,0
1507123080,22752416,247.56,1.61173049,0
1507123015,22752316,246.64,0.04126860,1
1507123015,22752315,246.64,0.04024140,1
1507123001,22752298,247.10,0.03816269,1
1507123000,22752297,247.11,2.97652200,1
1507123000,22752296,247.12,0.51000000,1
1507122997,22752294,247.11,0.06871900,1
1507122991,22752290,247.11,5.15980600,1
1507122988,22752288,247.11,0.06871800,1
1507122966,22752273,247.11,4.96623500,1
1507122843,22752205,248.01,0.04048405,0
1507122735,22752172,247.52,0.50643392,0
1507122445,22752060,246.65,5.87377046,1
1507122445,22752059,246.91,1.56433400,1
1507122445,22752058,247.09,0.80889554,1
1507122443,22752057,247.11,9.43000000,0
1507122443,22752056,247.11,0.32300000,1
1507122262,22751977,247.64,0.07882409,0
1507122260,22751975,247.63,0.32400000,0
1507122254,22751961,246.66,4.86284660,1
1507122075,22751831,246.66,0.20000000,1
1507122027,22751807,246.66,0.12000000,1
1507122024,22751805,246.66,2.71893877,1
1507121952,22751767,246.66,2.16613013,1
1507121950,22751766,246.67,0.83386987,1
1507121909,22751739,246.67,0.67072000,1
1507121907,22751737,246.69,0.32400000,1
1507121888,22751731,247.66,0.16086570,0
1507121886,22751728,247.34,0.04053180,0
1507121683,22751509,247.17,4.03568394,0
1507121681,22751508,247.17,0.02014808,0
1507121675,22751503,247.19,5.14114200,0
1507121662,22751498,247.21,0.03632539,0
1507121656,22751495,246.70,0.22114500,1
1507121646,22751491,247.27,5.14114126,0
1507121629,22751484,247.32,0.20164159,0
1507121617,22751478,246.72,0.31019679,1
1507121617,22751477,246.75,0.04022360,1
1507121617,22751476,246.77,0.03957961,1
1507121617,22751475,246.77,0.11000000,0
1507121613,22751473,246.77,0.00064079,1
1507121613,22751472,246.99,0.91610721,1
1507121578,22751459,247.00,0.02779100,1
1507121578,22751458,247.00,0.45089249,0
1507121557,22751440,246.85,1.93224400,1
1507121511,22751366,246.99,4.69473300,1
1507121510,22751364,247.00,0.00000027,1
1507121483,22751316,247.00,4.18639973,1
1507121482,22751314,247.00,0.10000000,1
1507121482,22751313,247.00,8.57288327,1
1507121481,22751312,247.00,4.68489200,1
1507121480,22751311,247.00,19.62516300,1
1507121480,22751310,247.08,4.68489200,1
1507121422,22751271,247.41,0.10126000,0
1507121395,22751251,247.00,10.30617100,1
1507121394,22751250,247.18,4.69382900,1
1507121384,22751235,247.16,0.19069400,1
1507121331,22751182,247.00,0.83684900,1
1507121295,22751163,247.00,1.46595573,1
1507121291,22751157,247.00,2.96121200,1
1507121256,22751117,247.00,4.04687400,1
1507121255,22751115,247.00,3.00000000,1
1507121240,22751069,248.23,0.58539494,1
1507121237,22751055,247.01,0.24560000,1
1507121237,22751054,247.01,0.50000000,1
1507121237,22751052,247.03,2.43181330,1
1507121237,22751051,247.05,1.56354200,1
1507121237,22751050,247.10,0.10000000,1
1507121237,22751049,247.12,0.00942297,1
1507121236,22751048,247.12,0.03073933,1
1507121236,22751047,247.20,0.10000000,1
1507121236,22751046,247.30,0.10000000,1
1507121236,22751045,247.40,0.07249394,1
1507121236,22751044,247.40,0.10000000,1
1507121218,22750976,247.47,1.04997575,1
1507121216,22750967,247.48,1.56281200,1
1507121216,22750964,247.49,32.85212606,1
1507121216,22750963,247.50,19.88922303,1
1507121216,22750961,247.50,0.10000000,1
1507121215,22750959,247.51,2.92000000,1
1507121215,22750957,247.60,0.10000000,1
1507121215,22750955,247.70,0.10000000,1
1507121215,22750953,248.09,0.08435400,1
1507121182,22750906,248.09,0.75918600,1
1507121170,22750871,248.09,0.15646000,1
1507121046,22750667,248.44,0.12905100,1
1507121040,22750665,248.44,7.35268200,0
1507121005,22750624,249.10,1.01702127,0
1507121004,22750622,249.10,2.00220795,0
1507121003,22750621,249.09,0.98543470,0
1507120997,22750617,248.04,0.66168566,1
1507120983,22750604,249.10,1.13625050,0
1507120983,22750603,249.08,0.27173540,0
1507120982,22750602,249.07,0.32100000,1
1507120981,22750601,249.07,0.27353600,0
1507120970,22750597,247.94,2.50000000,1
1507120875,22750434,248.00,0.62797836,1
1507120875,22750433,248.00,1.56120600,1
1507120875,22750432,248.00,1.00000000,1
1507120857,22750390,248.04,0.37379600,1
1507120843,22750369,248.32,0.24003701,1
1507120843,22750368,248.32,0.15634999,1
1507120842,22750367,248.32,0.77367700,1
1507120838,22750363,248.32,0.07603500,1
1507120838,22750362,248.35,0.32100000,1
1507120764,22750300,248.34,0.20683539,1
1507120761,22750295,248.34,0.27354188,1
1507120707,22750187,249.28,0.36384600,0
1507120707,22750186,249.03,0.18615400,0
1507120619,22750096,249.68,2.52000000,0
1507120619,22750095,249.68,0.48000000,0
1507120564,22749971,249.89,0.36115890,1
1507120562,22749969,249.78,0.09791121,0
1507120516,22749950,249.60,0.77425095,0
1507120514,22749949,249.49,0.58776500,0
1507120437,22749899,249.29,0.50344300,1
1507120422,22749878,249.78,0.00000082,1
1507120421,22749869,249.78,1.41153000,1
1507120419,22749866,249.78,0.17868789,0
1507120419,22749865,249.47,0.04978129,0
1507120418,22749861,249.55,4.62579871,1
1507120337,22749799,249.81,2.87777953,0
1507120335,22749797,249.69,1.00918165,0
1507120198,22749694,249.79,0.07800000,0
1507120115,22749661,249.79,0.19559800,0
1507119793,22749511,249.51,0.07266121,1
1507119790,22749508,249.51,0.09791689,1
1507119786,22749505,249.51,0.09787674,1
1507119782,22749501,249.51,0.09783658,0
1507119697,22749460,249.99,0.22804376,0
1507119697,22749459,249.68,0.17420000,0
1507119695,22749458,249.51,0.09775624,0
1507119679,22749453,249.98,0.73280120,1
1507119679,22749452,249.98,2.33228400,0
1507119678,22749451,249.70,0.35662728,0
1507119678,22749450,249.69,0.18057110,0
1507119676,22749449,249.50,0.09771943,0
1507119676,22749448,249.50,0.09768262,0
1507119323,22749263,249.20,1.64000000,1
1507119139,22749185,249.50,2.99385927,1
1507119136,22749182,249.50,0.09768262,1
1507119132,22749177,249.50,0.09764247,1
1507119081,22749163,249.70,1.64337272,0
1507119080,22749162,249.70,4.21930249,1
1507119080,22749161,249.61,0.00942297,0
1507119080,22749160,249.46,0.46000000,0
1507119078,22749159,249.43,0.66000000,0
1507119039,22749137,249.45,2.00126000,0
1507119021,22749133,249.57,0.79937492,0
1507118950,22749092,249.55,1.78885606,1
1507118950,22749091,249.55,0.22993777,0
1507118894,22749029,249.61,0.03073933,0
1507118894,22749028,249.40,0.09799364,0
1507118894,22749026,249.40,0.00200636,0
1507118892,22749023,249.10,0.09860016,0
1507118892,22749022,249.10,0.06435237,0
1507118880,22749012,249.00,0.15894000,1
1507118877,22749010,249.01,0.16738280,0
1507118809,22748990,249.09,1.78622185,0
1507118725,22748968,249.00,18.26618459,0
1507118706,22748962,249.00,0.03212851,0
1507118696,22748953,249.00,18.19220900,0
1507118680,22748949,249.00,0.80120482,0
1507118679,22748947,249.00,0.75835341,0
1507118663,22748937,248.99,4.00618499,0
1507118411,22748816,248.99,0.02409735,0
1507118365,22748772,249.00,10.90000000,0
1507118365,22748771,249.00,1.04991967,0
1507118363,22748769,248.99,2.98000000,0
1507118315,22748743,248.99,0.29442949,0
1507118313,22748740,248.95,0.70320374,0
1507118308,22748737,248.95,2.65317474,0
1507118193,22748669,248.95,2.00000000,0
1507118174,22748665,248.95,2.01278000,0
1507118173,22748662,248.95,2.00000000,0
1507118156,22748657,248.95,1.40204860,0
1507118104,22748653,248.95,0.39666600,0
1507118033,22748629,248.95,5.00000000,0
1507117847,22748587,248.95,1.11594355,0
1507117845,22748584,248.93,1.90247645,0
1507117729,22748539,248.95,2.09103234,0
1507117729,22748538,248.94,2.07219382,0
1507117729,22748537,248.94,1.51780618,0
1507117674,22748512,248.96,0.76076478,0
1507117672,22748511,248.90,3.25431658,0
1507117544,22748464,248.90,0.84774503,1
1507117513,22748420,248.96,0.58621770,0
1507117511,22748417,248.96,1.04173361,0
1507117490,22748347,248.90,3.16863779,1
1507117488,22748346,248.92,0.64006067,1
1507117425,22748313,248.92,2.34794500,1
1507117364,22748298,248.92,1.80232198,1
1507117306,22748279,248.96,0.04607166,0
1507117281,22748266,248.96,5.00000000,1
1507117106,22748195,248.99,0.66273580,0
1507117106,22748193,248.99,7.35047758,0
1507117022,22748163,248.96,0.75100000,1
1507117022,22748162,248.96,10.00000000,1
1507116935,22748128,248.93,0.09812181,0
1507116895,22748118,248.92,5.05200636,1
1507116884,22748113,248.92,0.31259036,1
1507116880,22748108,248.92,1.54404251,1
1507116879,22748102,248.92,1.87780589,1
1507116877,22748097,248.92,3.88311587,1
1507116875,22748096,248.92,5.74000000,1
1507116874,22748094,248.92,4.57000000,0
1507116874,22748092,248.92,0.33379769,0
1507116811,22748022,248.94,0.57668514,0
1507116811,22748021,248.93,0.32300000,1
1507116809,22748020,248.60,0.09820198,0
1507116721,22747988,248.30,1.40025018,0
1507116485,22747787,247.27,0.67700000,0
1507116485,22747786,247.27,0.32300000,1
1507116455,22747775,248.09,3.80869846,0
1507116384,22747753,247.20,0.05200636,0
1507116344,22747739,247.14,0.02200000,0
1507116339,22747736,247.17,0.10000000,0
1507116331,22747735,247.19,5.00000000,0
1507116311,22747726,247.18,0.10000000,0
1507116293,22747718,247.19,0.10000000,0
1507116287,22747712,247.19,0.10000000,0
1507116282,22747711,247.19,0.10000000,0
1507116271,22747706,247.20,0.10000000,0
1507116270,22747705,247.20,0.09799364,1
1507116166,22747651,247.20,0.00200636,1
1507116166,22747650,247.30,2.66902364,1
1507116162,22747640,247.30,1.95891000,1
1507116152,22747597,247.30,2.25094800,1
1507116152,22747596,247.30,1.56276700,1
1507116149,22747587,247.30,2.67053000,1
1507116146,22747582,247.30,2.67053000,1
1507116136,22747566,247.30,5.59214033,1
1507116136,22747565,247.31,0.25858237,1
1507116136,22747564,247.43,0.04011230,1
1507116136,22747563,247.68,0.30000000,1
1507116051,22747503,248.49,1.61044336,0
1507116051,22747502,248.49,0.24410000,0
1507116031,22747493,247.70,2.07251300,1
1507116031,22747492,247.70,0.32200000,1
1507116012,22747480,248.10,0.17500525,1
1507116011,22747479,248.59,1.68551675,1
1507116011,22747478,248.59,0.32100000,0
1507115998,22747470,248.02,1.56018100,1
1507115996,22747465,248.00,7.08811519,1
1507115996,22747464,248.00,1.39713877,1
1507115995,22747462,248.01,0.16295223,1
1507115995,22747461,248.01,6.26704777,1
1507115995,22747460,248.01,0.65015670,1
1507115995,22747458,248.60,0.09860016,1
1507115995,22747457,248.60,0.06435237,1
1507115975,22747438,248.00,8.86522362,1
1507115975,22747437,248.00,0.24005749,1
1507115975,22747436,248.02,7.10000000,1
1507115975,22747435,248.03,0.56000000,1
1507115975,22747433,248.22,1.55973500,1
1507115975,22747432,248.28,4.34712850,1
1507115975,22747431,248.34,0.07572280,1
1507115975,22747430,248.60,0.10584759,1
1507115963,22747422,249.70,0.40000000,0
1507115948,22747414,249.11,0.24410000,1
1507115832,22747381,249.90,0.09852635,0
1507115329,22747096,249.36,0.05999358,1
1507115307,22747083,248.60,0.20615241,1
1507115306,22747082,249.40,0.11992302,0
1507115281,22747062,248.70,0.32100000,1
1507115171,22746989,249.10,10.93999984,0
1507115171,22746987,249.10,1.60142216,1
1507115170,22746985,249.10,1.60115000,1
1507115125,22746920,249.70,5.85046797,1
1507115125,22746918,249.70,4.07953203,0
1507114932,22746784,249.69,1.55762200,1
1507114920,22746775,249.73,2.12000000,0
1507114920,22746774,249.72,0.21228400,0
1507114762,22746667,248.64,0.21228400,1
1507114719,22746596,250.03,18.53253609,0
1507114718,22746595,250.00,0.10000000,0
1507114718,22746594,250.00,1.00000000,0
1507114718,22746593,249.99,19.66541205,0
1507114718,22746591,249.98,3.77000000,1
1507114717,22746590,249.92,0.04011230,0
1507114717,22746589,249.90,0.10000000,0
1507114717,22746585,249.80,0.10000000,0
1507114716,22746584,249.76,0.36493611,0
1507114716,22746583,249.70,0.10000000,0
1507114716,22746582,249.65,0.10733707,0
1507114715,22746581,249.65,0.23989629,1
1507114715,22746580,249.60,0.10000000,0
1507114715,22746578,249.50,0.11068425,0
1507114715,22746577,249.50,0.10000000,0
1507114714,22746576,249.50,50.00000000,0
1507114714,22746575,249.49,3.77000000,0
1507114714,22746574,249.39,1.19390195,0
1507114712,22746573,249.36,3.26830326,0
1507114506,22746485,248.96,0.33933162,0
1507114500,22746476,248.98,4.07953203,0
1507114456,22746459,249.04,4.40591873,0
1507114370,22746421,248.48,0.23989629,1
1507114263,22746362,249.33,0.03048169,0
1507114257,22746358,249.34,2.85176866,0
1507114257,22746355,249.33,0.20697070,0
1507114255,22746352,249.32,0.02200000,0
1507114232,22746281,247.98,3.54382777,1
1507114232,22746280,248.36,0.06212463,1
1507114230,22746279,248.37,0.34575336,1
1507114220,22746275,248.51,0.02200000,1
1507114122,22746236,249.36,0.23090469,1
1507114121,22746235,249.36,1.78191531,0
1507114119,22746234,249.36,2.15808469,0
1507114119,22746233,249.10,1.86985147,0
1507114119,22746232,249.03,0.34041230,0
1507114117,22746231,249.02,0.32200000,0
1507114048,22746167,248.36,0.06208650,0
1507114045,22746162,248.36,0.03679997,0
1507114045,22746161,248.36,0.06454450,0
1507114041,22746155,247.83,1.18096600,1
1507114041,22746154,247.83,0.09888647,0
1507114040,22746152,247.86,0.06454450,0
1507114040,22746150,247.86,0.32200000,0
1507114040,22746148,247.86,0.34567303,1
1507114032,22746142,249.16,0.75342750,0
1507113934,22746094,249.29,0.78982219,0
1507113926,22746091,249.30,0.19291049,0
1507113924,22746087,249.39,0.63584044,1
1507113920,22746086,249.30,1.86818050,0
1507113919,22746085,248.10,0.09896607,0
1507113919,22746084,248.10,0.06459612,0
1507113918,22746083,248.09,0.32100000,0
1507113907,22746073,247.24,4.52702917,0
1507113907,22746072,247.26,0.46000000,1
1507113906,22746069,247.30,0.10000000,1
1507113906,22746066,247.38,15.00000000,1
1507113905,22746064,247.38,0.09896607,0
1507113905,22746063,247.38,0.06459612,0
1507113905,22746062,247.39,4.60000000,0
1507113904,22746061,247.40,0.10000000,1
1507113904,22746060,247.50,0.10000000,1
1507113903,22746059,247.55,3.60940864,0
1507113903,22746058,247.55,1.00000000,0
1507113903,22746057,247.55,0.07776536,0
1507113902,22746053,247.60,0.10000000,1
1507113902,22746051,247.68,0.10079621,1
1507113902,22746050,247.68,2.00000000,0
1507113901,22746048,247.70,0.10000000,1
1507113901,22746047,247.75,0.65513359,1
1507113900,22746046,247.80,0.10000000,1
1507113900,22746045,247.81,5.27000000,0
1507113899,22746044,247.90,0.10000000,1
1507113899,22746043,248.00,2.00000000,1
1507113899,22746042,248.00,0.10000000,1
1507113899,22746041,248.00,0.23989629,1
1507113898,22746040,248.10,1.56095780,1
1507113898,22746039,248.10,0.10000000,1
1507113898,22746038,248.11,4.38809980,0
1507113897,22746037,248.13,0.04000000,1
1507113897,22746036,248.20,0.10000000,1
1507113897,22746035,248.27,3.61226900,1
1507113896,22746034,248.30,2.12067608,1
1507113896,22746033,248.30,0.10000000,1
1507113896,22746032,248.40,0.10000000,1
1507113895,22746031,248.50,0.10000000,1
1507113895,22746030,248.58,0.06330287,1
1507113893,22746028,248.69,0.32100000,1
1507113885,22746016,249.34,0.40005615,0
1507113710,22745910,249.11,0.20019269,0
1507113667,22745894,248.58,2.80000000,0
1507113667,22745893,248.60,0.10000000,1
1507113667,22745891,248.60,1.00000000,1
1507113665,22745888,248.70,0.10000000,1
1507113649,22745880,249.01,1.00144573,0
1507113647,22745879,249.00,0.00000016,1
1507113627,22745871,249.00,1.75480200,1
1507113600,22745853,249.00,1.00000000,1
1507113584,22745836,249.00,7.35386900,1
1507113583,22745831,249.26,0.09604429,0
1507113582,22745830,249.00,2.42480200,1
1507113580,22745829,249.00,0.33000000,1
1507113561,22745819,249.00,1.48401500,1
1507113560,22745818,249.01,0.10000000,1
1507113255,22745623,249.00,0.43991000,1
1507113252,22745621,249.00,0.09799638,1
1507113237,22745605,249.00,0.86126651,1
1507113237,22745604,249.01,0.48168749,1
1507113192,22745596,249.01,3.16386300,1
1507113138,22745506,249.00,3.04875100,1
1507112834,22745284,249.40,2.13295674,0
1507112832,22745283,249.39,3.26830326,0
1507112809,22745276,249.00,0.87000000,1
1507112809,22745275,249.00,0.40000000,1
1507112677,22745230,249.38,0.33847942,0
1507112675,22745228,249.37,0.24390000,0
1507112538,22745192,249.41,0.88011707,0
1507112537,22745191,249.20,0.58182204,0
1507112536,22745190,249.19,0.32000000,0
1507112518,22745181,248.82,4.67641700,1
1507112302,22745036,249.20,0.77987164,0
1507112298,22745030,248.71,1.10000000,1
1507112298,22745029,248.79,5.09339749,1
1507112298,22745028,248.79,5.15000000,1
1507112298,22745027,248.79,2.21726600,1
1507112297,22745025,248.79,2.21726600,1
1507112296,22745023,248.79,2.84944251,1
1507112296,22745022,248.80,0.10000000,1
1507112296,22745021,248.80,0.10077545,1
1507112296,22745019,248.90,0.10000000,1
1507112296,22745018,249.00,0.10000000,1
1507112296,22745017,249.00,2.21935304,1
1507112292,22745012,249.00,18.38237000,1
1507112285,22745005,249.00,4.26416200,1
1507112285,22745004,249.00,23.69242900,1
1507112285,22745003,249.00,1.99396700,1
1507112284,22745002,249.01,0.24390000,1
1507112131,22744850,249.00,47.58248500,1
1507112077,22744629,249.00,4.44705600,1
1507112077,22744626,249.00,1.00000000,1
1507112077,22744623,249.00,41.52960406,1
1507112076,22744617,249.01,6.02000000,1
1507112075,22744604,249.00,9.00000000,1
1507112071,22744571,249.00,0.68585574,1
1507112071,22744570,249.01,3.13175726,1
1507112070,22744565,249.01,4.48824274,1
1507112070,22744563,249.01,1.14220656,1
1507112070,22744561,249.02,0.17124370,1
1507112070,22744558,249.02,2.60000000,1
1507111995,22744308,249.01,1.84364441,1
1507111995,22744306,249.06,0.04403021,1
1507111994,22744305,249.10,0.10000000,1
1507111994,22744304,249.20,0.10000000,1
1507111994,22744303,249.30,0.10000000,1
1507111993,22744301,249.40,0.10000000,1
1507111993,22744299,249.50,0.10000000,1
1507111993,22744298,249.60,0.10000000,1
1507111991,22744297,249.70,0.10000000,1
1507111861,22744151,249.76,0.03991832,0
1507111825,22744144,249.76,0.10000000,0
1507111814,22744141,249.76,1.00126000,0
1507111789,22744132,249.76,3.98000000,0
1507111782,22744126,249.74,2.23000000,1
1507111782,22744125,249.74,3.98000000,1
1507111763,22744116,249.75,4.67061800,1
1507111761,22744115,249.76,4.68000000,0
1507111661,22744096,249.75,0.40000000,0
1507111644,22744089,249.75,0.97170000,0
1507111597,22744066,249.75,0.38948255,0
1507111519,22744040,249.71,0.24360000,1
1507111075,22743801,249.34,3.00000000,1
1507110985,22743736,249.07,0.25752006,1
1507110985,22743735,249.12,0.24360000,1
1507110985,22743734,249.13,1.18234810,1
1507110984,22743733,249.64,0.32000000,1
1507110912,22743702,250.20,0.77885448,0
1507110907,22743701,250.20,3.53665068,0
1507110839,22743673,250.12,1.96393736,0
1507110827,22743665,250.12,1.55728200,0
1507110818,22743661,250.00,0.61043491,0
1507110818,22743660,249.61,0.46000000,0
1507110490,22743509,249.94,0.54324557,1
1507110490,22743507,249.94,0.45447388,0
1507110215,22743386,249.94,0.02552612,0
1507110213,22743385,249.75,0.37386179,0
1507110211,22743384,249.75,1.72172172,0
1507110210,22743383,249.44,4.67446800,1
1507110104,22743301,249.41,1.99971934,0
1507110036,22743197,249.01,2.32270700,1
1507110020,22743183,249.01,1.02705104,1
1507109972,22743162,249.05,2.92948660,1
1507109971,22743161,249.06,4.08000000,0
1507109935,22743090,249.05,1.00000000,1
1507109929,22743062,249.05,0.57051340,1
1507109929,22743061,249.13,0.04011560,1
1507109929,22743059,249.14,3.32368100,1
1507109910,22742983,249.14,4.67631900,1
1507109900,22742956,249.14,2.00000000,1
1507109864,22742906,249.15,2.62358931,0
1507109864,22742905,249.15,0.79344878,0
1507109861,22742898,249.15,0.66097532,1
1507109859,22742886,249.16,0.44000000,1
1507109850,22742855,249.21,0.22108615,0
1507109846,22742843,249.17,0.61441000,0
1507109845,22742842,249.17,0.54990200,0
1507109824,22742790,249.23,0.44910536,0
1507109815,22742779,249.22,2.67671194,0
1507109815,22742777,249.18,0.17698967,0
1507109790,22742708,249.16,3.87678060,0
1507109790,22742705,249.16,0.79806340,1
1507109774,22742642,249.15,0.23902468,1
1507109774,22742641,249.20,5.00000000,1
1507109773,22742639,249.21,0.99241340,1
1507109773,22742637,249.36,0.90563362,1
1507109772,22742630,249.50,0.05585000,0
1507109771,22742624,249.50,0.06215231,1
1507109771,22742622,249.50,0.02400802,1
1507109770,22742615,249.51,1.72000000,0
1507109764,22742600,249.70,1.71902100,0
1507109705,22742539,249.87,4.00008004,0
1507109660,22742505,249.92,1.19561309,0
1507109659,22742504,250.00,2.67599520,1
1507109657,22742500,250.00,10.00000000,1
1507109649,22742490,250.00,4.67111800,1
1507109629,22742463,250.05,0.19944011,0
1507109599,22742455,250.00,4.67097600,1
1507109590,22742452,250.04,3.64376566,0
1507109589,22742451,250.05,1.02762434,1
1507109555,22742442,250.11,2.00207909,0
1507109450,22742414,250.05,0.39805666,1
1507109448,22742413,250.18,0.91240211,0
1507109448,22742412,250.17,0.10446989,0
1507109445,22742411,250.18,0.58307400,0
1507109374,22742398,250.26,0.79717094,0
1507109343,22742392,250.19,0.20000000,0
1507109342,22742391,250.18,0.20000000,1
1507109340,22742390,250.19,0.40000000,0
1507109331,22742385,250.20,1.92131900,0
1507109263,22742356,250.22,0.59578600,0
1507109263,22742355,250.22,0.17754400,0
1507109262,22742354,250.22,0.06545600,0
1507109219,22742319,250.42,0.15793466,1
1507109217,22742318,250.14,0.05316920,0
1507109192,22742305,250.05,4.00000000,1
1507109074,22742281,250.14,0.39877669,0
1507109042,22742226,250.14,0.39877669,0
1507108997,22742219,250.05,3.91979999,1
1507108962,22742204,250.16,0.27910138,0
1507108862,22742033,250.08,1.09140277,1
1507108848,22742017,250.05,0.65451901,1
1507108848,22742016,250.06,0.24300000,1
1507108848,22742015,250.07,0.12250970,1
1507108848,22742014,250.07,0.07997761,1
1507108845,22742007,250.07,2.95319979,1
1507108844,22742003,250.96,0.39747370,0
1507108842,22741999,250.10,0.20000000,1
1507108835,22741989,250.22,0.31900000,1
1507108831,22741987,250.97,1.48061521,0
1507108829,22741983,250.83,0.50696337,0
1507108809,22741895,250.15,0.12378959,1
1507108803,22741886,250.83,0.04544910,0
1507108803,22741885,250.80,1.00000000,0
1507108801,22741874,250.69,1.67021300,0
1507108801,22741873,250.69,3.26830326,0
1507108732,22741835,250.68,0.19893889,0
1507108689,22741820,250.04,1.50303004,1
1507108689,22741819,250.04,9.38696996,1
1507108689,22741818,250.67,0.74400000,1
1507108652,22741801,250.83,0.20156433,0
1507108440,22741573,250.83,1.00434557,0
1507108437,22741572,250.83,0.24167763,0
1507108436,22741571,250.50,0.77339390,0
1507108296,22741521,250.50,2.35974473,0
1507108296,22741520,250.50,0.80797572,0
1507108277,22741506,250.50,0.19493756,0
1507108271,22741500,250.50,0.80816943,0
1507108271,22741499,250.50,3.43456126,0
1507108264,22741486,250.50,2.36703583,0
1507108250,22741473,250.50,0.21065700,0
1507108235,22741469,250.50,7.46199600,0
1507108235,22741468,250.49,0.29217039,0
1507108233,22741466,250.46,0.23785911,0
1507108183,22741447,250.46,7.94930567,0
1507108183,22741446,250.46,1.94835526,0
1507108175,22741436,250.46,2.69844732,0
1507108175,22741435,250.45,0.79000000,0
1507108163,22741424,250.00,0.00069063,1
1507108163,22741423,250.03,0.85072258,1
1507108163,22741422,250.04,0.23785911,1
1507108034,22741348,250.49,0.09426671,0
1507108010,22741324,250.48,0.61403000,1
1507107942,22741281,250.50,3.14387400,0
1507107936,22741280,250.50,0.43854200,0
1507107936,22741279,250.49,0.07914100,0
1507107921,22741275,250.49,0.77199300,0
1507107919,22741273,250.48,0.23502700,0
1507107899,22741265,250.49,0.14886600,0
1507107866,22741260,250.49,0.08397300,0
1507107556,22741087,250.52,0.85512900,0
1507107556,22741086,250.30,0.24000000,0
1507107555,22741084,250.20,0.40244047,0
1507107555,22741083,250.09,0.24350000,0
1507107555,22741082,250.00,0.41677442,0
1507107492,22741057,250.00,0.58322558,0
1507107284,22741010,249.45,2.16345528,0
1507107284,22741009,249.57,2.32851290,1
1507107282,22741007,249.58,2.30803182,1
1507107244,22740991,249.65,1.49047544,1
1507107241,22740990,249.66,0.41072375,1
1507107231,22740982,249.49,0.53829208,1
1507107231,22740981,249.64,0.04003370,1
1507107229,22740980,249.67,0.24350000,1
1507107229,22740979,249.99,0.31900000,1
1507107227,22740977,250.10,0.23998206,1
1507107166,22740947,250.78,0.54681394,1
1507107166,22740946,250.60,0.69521873,0
1507107165,22740945,250.50,0.50000000,0
1507107165,22740944,250.50,1.20000000,0
1507107165,22740943,250.40,1.00000000,0
1507107163,22740941,250.20,0.03998000,0
1507107154,22740935,250.10,2.74334749,1
1507107154,22740933,250.22,0.02000000,1
1507107152,22740931,250.10,4.35283800,1
1507107152,22740930,250.11,0.02000000,1
1507107152,22740929,250.12,0.02000000,1
1507107152,22740928,250.13,0.02000000,1
1507107151,22740927,250.14,0.02000000,1
1507107151,22740925,250.15,0.02000000,1
1507107151,22740924,250.16,0.02000000,1
1507107151,22740923,250.17,0.02000000,1
1507107151,22740922,250.18,0.02000000,1
1507107151,22740920,250.19,0.02000000,1
1507107150,22740918,250.20,0.02000000,1
1507107150,22740917,250.21,0.02000000,1
1507107060,22740855,250.10,0.15543304,1
1507107019,22740810,250.50,0.00000043,0
1507107018,22740804,250.50,0.85024557,0
1507107018,22740803,250.50,0.69828343,0
1507107017,22740802,250.40,0.46000000,0
1507107008,22740795,250.10,0.18516440,1
1507106995,22740770,250.10,0.03368038,1
1507106994,22740767,250.10,1.55702734,1
1507106993,22740762,250.11,2.46983278,1
1507106989,22740756,250.10,0.41351456,1
1507106987,22740754,250.10,0.31901273,1
1507106979,22740743,250.12,6.95479434,1
1507106978,22740741,250.20,1.00000000,1
1507106978,22740740,250.22,0.06636566,1
1507106977,22740737,250.22,0.03363434,1
1507106977,22740736,250.24,0.07287965,1
1507106977,22740735,250.24,0.02712035,1
1507106977,22740733,250.28,0.00651399,1
1507106971,22740714,250.28,0.09305601,1
1507106943,22740668,250.50,0.50171657,0
1507106920,22740631,250.28,0.00043000,1
1507106920,22740630,250.30,0.10000000,1
1507106920,22740629,250.33,0.10000000,1
1507106920,22740628,250.36,0.10000000,1
1507106920,22740627,250.40,0.10000000,1
1507106825,22740548,250.30,0.85024600,1
1507106825,22740547,250.30,1.00000000,1
1507106825,22740545,250.33,0.10000000,1
1507106825,22740543,250.35,0.10000000,1
1507106594,22740410,250.60,1.00000000,0
1507106473,22740339,250.77,0.30478127,0
1507106472,22740338,250.50,0.09309800,0
1507106234,22740238,250.50,0.75690000,0
1507106233,22740237,250.50,0.24310000,0
1507106177,22740223,250.50,0.75690000,0
1507106177,22740222,250.43,0.24310000,0
1507106176,22740220,249.75,1.49000000,1
1507106136,22740201,249.64,0.03690000,0
1507106134,22740200,249.82,0.24310000,1
1507105928,22740146,250.82,4.68100000,1
1507105927,22740145,250.81,0.31900000,0
1507105899,22740141,250.76,5.00000000,0
1507105764,22740075,250.14,0.84999800,1
1507105764,22740074,250.14,0.31900000,1
1507105741,22740068,250.09,0.46376488,1
1507105554,22739968,250.94,2.49928269,1
1507105553,22739967,250.69,0.14714283,0
1507105553,22739965,250.43,1.36000000,0
1507105552,22739964,249.99,0.80860299,0
1507105552,22739963,249.99,0.20029106,0
1507105547,22739962,249.99,0.04270894,0
1507105508,22739927,250.00,0.04418959,0
1507105508,22739926,250.00,0.10788000,0
1507105508,22739925,250.00,0.24693041,0
1507105277,22739812,250.00,0.59072000,0
1507105275,22739802,249.99,0.31900000,0
1507105270,22739774,249.90,2.06801440,1
1507105235,22739754,250.00,0.24300000,0
1507105235,22739753,250.08,0.14697449,1
1507105235,22739752,250.19,0.31900000,1
1507105234,22739751,250.20,13.45337510,1
1507105112,22739693,250.08,0.00013623,1
1507105111,22739692,250.77,0.09362377,1
1507105084,22739655,250.78,1.35556600,0
1507104978,22739579,250.99,0.86292830,1
1507104963,22739577,250.99,3.00000000,0
1507104963,22739576,250.99,0.13707170,0
1507104854,22739527,251.00,1.84879590,0
1507104854,22739526,250.99,0.40000000,0
1507104853,22739524,250.97,1.61667375,0
1507104847,22739522,250.77,0.06882396,1
1507104739,22739479,250.77,0.23999274,1
1507104735,22739475,250.92,0.21664275,0
1507104592,22739378,250.94,2.08416355,0
1507104472,22739276,250.92,3.97525206,0
1507104204,22739121,250.62,1.50000000,1
1507104204,22739120,250.63,1.00702230,1
1507104204,22739119,250.63,0.85279258,1
1507104074,22739090,250.63,0.40000000,1
1507103894,22739019,250.90,1.97314000,1
1507103892,22739016,250.63,0.04000000,0
1507103879,22739012,250.62,2.08750299,0
1507103800,22738972,250.59,1.50000000,0
1507103537,22738886,250.00,5.28850757,0
1507103513,22738868,250.00,6.37108600,0
1507103512,22738866,250.00,38.60971600,0
1507103511,22738865,250.00,4.81567709,0
1507103509,22738864,250.00,0.27928500,0
1507103500,22738861,250.00,0.19110500,0
1507103483,22738855,250.00,3.21073700,0
1507103483,22738854,250.00,3.64475800,0
1507103474,22738850,250.00,1.16126000,0
1507103472,22738848,250.00,0.25000000,0
1507103464,22738836,250.00,0.12889440,0
1507103457,22738830,250.00,0.12872160,0
1507103456,22738829,250.00,4.31105100,0
1507103444,22738814,250.00,0.15527800,0
1507103432,22738807,250.00,0.17916000,0
1507103431,22738806,250.00,0.50061000,0
1507103429,22738804,250.00,0.13195100,0
1507103429,22738802,250.00,0.20283367,0
1507103428,22738801,249.99,0.10551533,0
1507103428,22738800,249.99,0.05679143,0
1507103423,22738789,249.99,0.09000000,0
1507103420,22738786,250.00,2.27742600,0
1507103420,22738785,249.99,7.44724400,0
1507103420,22738784,249.99,3.44275600,0
1507103419,22738783,250.00,5.97627100,0
1507103418,22738782,250.00,0.90000000,0
1507103418,22738781,250.00,10.38397000,0
1507103418,22738780,250.00,15.00000000,0
1507103418,22738779,250.00,2.61134200,0
1507103415,22738777,250.01,0.03997440,1
1507103415,22738776,250.03,8.54979267,1
1507103415,22738775,250.04,1.02367340,1
1507103415,22738774,251.00,0.97504758,1
1507103302,22738728,250.03,53.87920733,1
1507103302,22738727,250.12,7.87900000,1
1507103302,22738726,250.15,8.73000000,1
1507103301,22738725,250.16,7.59000000,1
1507103301,22738724,250.25,1.00000000,1
1507103301,22738723,250.30,1.59880300,1
1507103301,22738722,250.31,0.03992650,1
1507103301,22738721,250.36,0.86675187,1
1507103301,22738720,250.37,3.91294080,1
1507103262,22738713,250.49,0.09000000,1
1507103147,22738685,250.39,1.59000000,1
1507102936,22738599,250.50,0.14916843,1
1507102936,22738598,250.51,12.47886007,1
1507102903,22738578,250.50,0.16230676,1
1507102896,22738572,250.48,0.06815687,1
1507102884,22738566,250.68,2.07565500,1
1507102883,22738563,251.00,1.60000000,1
1507102862,22738520,251.33,0.23448959,0
1507102862,22738519,251.32,0.24260000,1
1507102862,22738518,251.32,0.09126138,0
1507102860,22738517,251.10,0.85335033,0
1507102860,22738516,251.10,0.47029470,0
1507102804,22738495,251.10,0.03970530,0
1507102400,22738385,250.72,0.09126138,1
1507102292,22738337,250.72,0.34740000,1
1507102290,22738336,250.85,0.24260000,1
1507102182,22738310,250.72,0.20437984,1
1507102078,22738220,251.34,4.69673448,0
1507102078,22738219,251.25,0.10000000,0
1507102078,22738218,251.20,1.00000000,0
1507102077,22738217,251.15,0.10000000,0
1507102077,22738216,251.05,0.09321165,0
1507102077,22738215,251.03,0.03000000,0
1507102077,22738214,251.00,4.97683156,0
1507101974,22738168,250.94,0.85335033,1
1507101941,22738155,250.90,5.63756035,1
1507101935,22738153,250.94,0.67523595,1
1507101919,22738145,250.95,0.59382347,0
1507101860,22738126,250.79,1.88470000,1
1507101848,22738118,250.95,2.40617653,0
1507101820,22738108,250.96,6.22713300,1
1507101576,22738049,250.46,1.22983936,1
1507101528,22738037,250.77,6.22739400,0
1507101497,22738032,251.00,0.02316844,0
1507101497,22738031,251.00,0.79899156,0
1507101495,22738027,250.99,1.22910000,0
1507101284,22737909,250.24,0.90635816,1
1507101278,22737903,250.17,7.99798123,1
1507101277,22737902,250.30,2.66802400,1
1507101111,22737849,251.00,1.52291970,0
1507101111,22737848,251.00,0.23727950,0
1507101110,22737847,250.99,2.36552853,0
1507101110,22737846,250.98,0.24290000,1
1507101110,22737845,250.98,1.50000000,0
1507101110,22737844,250.95,0.10000000,0
1507101109,22737843,250.85,0.10000000,0
1507101109,22737842,250.85,0.10000000,0
1507101109,22737841,250.75,0.10000000,0
1507101108,22737840,250.75,0.10000000,0
1507101108,22737839,250.75,0.10000000,0
1507101108,22737838,250.65,0.10000000,0
1507101108,22737837,250.65,0.10000000,0
1507101108,22737836,250.65,0.10000000,0
1507101106,22737834,250.64,0.43417922,0
1507101054,22737823,250.14,1.22910000,1
1507101052,22737822,250.15,0.24290000,1
1507100689,22737727,250.64,3.32843920,0
1507100511,22737700,250.64,4.87543887,0
1507100511,22737699,250.55,0.10000000,0
1507100511,22737698,250.55,0.10000000,0
1507100511,22737697,250.55,0.10000000,0
1507100510,22737696,250.50,5.00000000,0
1507100510,22737695,250.45,0.10000000,0
1507100510,22737694,250.45,0.00050000,0
1507100510,22737693,250.45,0.09950000,0
1507100510,22737692,250.45,3.60000000,0
1507100509,22737690,250.37,1.74000000,1
1507100509,22737689,250.37,4.19587668,0
1507099942,22737518,250.37,1.20126000,0
1507099805,22737447,250.37,1.38159900,0
1507099776,22737438,250.22,5.00000000,1
1507099720,22737409,250.37,3.20166154,0
1507099718,22737408,250.37,0.19952077,0
1507099718,22737407,250.27,0.78676096,0
1507099445,22737346,250.27,0.39856954,0
1507099386,22737324,249.57,0.46623000,0
1507099385,22737323,249.20,1.83114000,0
1507099385,22737322,249.20,2.93001200,0
1507099383,22737321,249.20,6.23884800,1
1507099369,22737304,249.57,3.26830300,0
1507099369,22737303,249.57,5.42781900,1
1507099354,22737290,249.58,7.72100000,0
1507099349,22737288,249.57,0.99968260,0
1507099347,22737287,249.62,0.04003690,1
1507099339,22737284,249.74,2.90636000,0
1507099318,22737280,249.74,0.04001760,1
1507099299,22737245,249.75,0.50000000,1
1507099298,22737244,249.75,0.06121575,1
1507099298,22737243,249.76,1.19000000,1
1507099241,22737235,249.77,1.18533050,1
1507099239,22737233,249.78,8.14000000,0
1507099202,22737219,250.00,1.00000000,1
1507099117,22737210,250.01,2.75453736,1
1507099116,22737209,250.01,3.37346264,1
1507098999,22737164,250.01,12.62653736,1
1507098999,22737163,250.02,2.07674400,1
1507098999,22737162,250.15,0.29671864,1
1507098970,22737122,250.18,2.13690413,1
1507098969,22737120,250.35,1.20333439,1
1507098950,22737099,250.35,1.79666561,1
1507098944,22737092,250.37,0.28294124,0
1507098942,22737085,250.36,0.09593889,0
1507098768,22736984,250.22,3.59683266,1
1507098630,22736899,250.37,1.31328500,0
1507098434,22736828,250.15,0.21200000,1
1507097895,22736680,250.37,0.36062430,0
1507097895,22736679,250.36,0.04031790,0
1507097895,22736678,250.35,0.10000000,0
1507097893,22736676,250.30,0.00031780,0
1507097436,22736583,250.30,1.49061500,0
1507097436,22736582,250.30,11.25367151,0
1507097256,22736518,250.30,7.97443068,0
1507097145,22736449,250.30,2.91933650,0
1507097145,22736448,250.29,0.04032930,0
1507097145,22736447,250.26,0.04033420,0
1507096830,22736386,250.25,2.02899358,0
1507096830,22736385,250.25,0.50844300,0
1507096356,22736257,250.25,0.10155700,0
1507096338,22736252,250.17,12.03382200,1
1507096337,22736251,250.25,0.94000000,0
1507096337,22736250,250.25,2.50000000,0
1507096337,22736248,250.25,0.10000000,0
1507096337,22736247,250.24,3.46000000,0
1507096297,22736238,250.17,0.00072961,0
1507096212,22736206,250.17,0.03961919,0
1507096098,22736162,250.15,0.10000000,0
1507096093,22736154,250.00,0.38560230,0
1507096082,22736143,250.00,7.58930741,0
1507096082,22736142,250.00,0.14588802,0
1507096082,22736141,249.94,0.04038630,0
1507096082,22736140,249.85,0.10000000,0
1507096082,22736138,249.83,0.00000027,0
1507096026,22736103,249.83,1.18592051,0
1507096026,22736102,249.78,0.00000049,0
1507096025,22736101,249.78,19.23335700,0
1507096025,22736100,249.75,0.79193900,0
1507096013,22736090,249.75,0.50000000,0
1507095996,22736086,249.75,0.50000000,0
1507095974,22736082,249.75,0.50000000,0
1507095809,22735988,249.75,2.32191126,0
1507095795,22735984,249.75,0.38614974,0
1507095445,22735664,249.78,0.76664251,0
1507095436,22735646,249.77,0.95404799,0
1507095436,22735645,249.77,0.24608536,0
1507095435,22735644,249.77,0.54017585,0
1507095432,22735635,249.77,0.56043560,0
1507095431,22735632,249.75,0.10000000,0
1507095431,22735630,249.65,0.10000000,0
1507095431,22735629,249.55,0.10000000,0
1507095430,22735628,249.52,0.04045500,0
1507095430,22735626,249.45,0.09999807,0
1507095426,22735621,249.45,0.00000193,0
1507095426,22735619,249.35,0.10000000,0
1507095426,22735617,249.25,0.04022040,0
1507095426,22735615,249.25,0.10000000,0
1507095426,22735614,249.23,0.04022360,0
1507095426,22735613,249.12,0.04024140,0
1507095425,22735612,249.12,0.11942957,0
1507095425,22735611,249.11,0.04024310,0
1507095425,22735610,249.05,0.10000000,0
1507095425,22735609,249.04,2.62000000,0
1507095420,22735598,249.04,4.06338200,0
1507095417,22735576,249.01,0.04025930,0
1507095416,22735574,249.00,6.64383506,0
1507095414,22735572,249.00,1.06079900,0
1507095413,22735568,249.00,25.62927400,0
1507095413,22735567,249.00,3.37092326,0
1507095412,22735565,249.00,9.45944800,0
1507095412,22735562,249.00,11.79672400,0
1507095412,22735559,249.00,4.00000000,0
1507095412,22735558,249.00,4.40000000,0
1507095411,22735556,248.99,5.72507826,0
1507095411,22735555,248.99,2.71187500,0
1507095411,22735554,248.99,8.00000000,0
1507095411,22735553,248.99,11.78609700,0
1507095411,22735552,248.99,3.08618400,0
1507095407,22735544,248.99,0.72074241,0
1507095407,22735543,248.95,0.11329834,0
1507095407,22735541,248.80,0.41831436,0
1507095406,22735537,248.80,0.20391011,0
1507095406,22735534,248.80,1.02247073,0
1507095389,22735497,248.80,1.06284432,0
1507095388,22735495,248.80,0.99469453,0
1507095388,22735494,248.80,30.87793200,0
1507095388,22735493,248.80,36.60469100,0
1507095388,22735492,248.80,7.37244100,0
1507095388,22735491,248.80,2.06473900,0
1507095387,22735489,248.80,0.10083410,0
1507095384,22735482,248.80,0.10079401,0
1507095382,22735479,248.80,2.73965100,0
1507095372,22735475,248.80,2.91524998,0
1507095372,22735472,248.80,0.10062838,0
1507095371,22735470,248.80,4.59983923,0
1507095371,22735466,248.80,3.36258038,0
1507095369,22735461,248.80,0.27200000,0
1507095364,22735458,248.80,6.29538629,0
1507095363,22735457,248.80,10.00000000,0
1507095362,22735456,248.80,1.25218770,0
1507095362,22735455,248.80,2.08810378,0
1507095362,22735454,248.80,4.43367939,0
1507095358,22735453,248.80,10.00000000,0
1507095356,22735452,248.80,10.00000000,0
1507095355,22735448,248.80,1.06789376,0
1507095347,22735425,248.80,55.08600000,0
1507095342,22735419,248.80,0.05993300,0
1507095341,22735417,248.80,5.00000000,0
1507095339,22735414,248.80,3.75900321,0
1507095333,22735407,248.80,1.52118167,0
1507095331,22735405,248.80,0.09833700,0
1507095331,22735404,248.79,0.11000000,0
1507095323,22735396,248.80,1.40273400,0
1507095320,22735395,248.80,47.26628700,0
1507095319,22735394,248.80,13.94065300,0
1507095317,22735386,248.80,0.04041200,0
1507095317,22735385,248.79,0.13000000,0
1507095279,22735351,248.80,6.89001500,0
1507095279,22735350,248.79,0.16000000,0
1507095234,22735321,248.80,0.10358200,0
1507095234,22735320,248.79,0.19000000,0
1507095228,22735315,248.80,0.00018900,0
1507095228,22735314,248.79,0.27000000,0
1507095218,22735305,248.80,0.00018900,0
1507095218,22735304,248.79,0.27000000,0
1507095177,22735287,248.80,2.99883900,0
1507095177,22735286,248.79,0.33000000,0
1507095153,22735274,248.80,184.66527700,0
1507095138,22735267,248.80,0.06000000,0
1507095138,22735266,248.79,0.39000000,0
1507095116,22735259,248.80,14.54000000,0
1507095116,22735258,248.79,0.46000000,0
1507095020,22735237,248.80,6.25000000,0
1507095019,22735236,248.79,0.55000000,0
1507094928,22735225,248.80,0.30466238,0
1507094892,22735215,248.79,0.40352925,0
1507094880,22735213,248.80,0.84124635,0
1507094880,22735211,248.79,0.73000000,0
1507094868,22735207,248.80,2.13723473,0
1507094868,22735206,248.79,0.87000000,0
1507094820,22735204,248.79,0.19464469,0
1507094760,22735192,248.79,0.16622300,0
1507094757,22735189,248.79,0.90377178,0
1507094610,22735158,248.80,3.52982315,0
1507094609,22735157,248.80,5.31036977,0
1507094609,22735155,248.79,1.27000000,0
1507094545,22735146,248.79,0.40094055,0
1507094542,22735145,248.79,0.97718900,0
1507094508,22735140,248.80,69.06117103,0
1507094508,22735138,248.79,1.77000000,0
1507094508,22735137,248.70,0.73082897,0
1507094253,22735089,248.70,0.78564900,0
1507094196,22735066,248.70,2.00000000,0
1507093991,22735032,248.39,5.00000000,1
1507093809,22734995,248.70,1.11556091,0
1507093731,22734965,248.70,2.44157900,0
1507093730,22734964,248.70,1.00000000,0
1507093728,22734960,248.01,3.26830300,1
1507093727,22734958,248.11,0.10088446,1
1507093688,22734932,248.70,4.25078600,0
1507093544,22734915,248.70,1.80639324,0
1507093533,22734910,248.70,2.19955770,0
1507093532,22734907,248.70,6.19839163,0
1507093511,22734898,248.70,6.97639727,0
1507093399,22734884,248.70,11.96000000,0
1507093398,22734883,248.69,4.02000000,1
1507093397,22734882,248.69,4.02000000,0
1507093356,22734875,248.70,1.00000000,0
1507093283,22734863,248.70,4.26079027,0
1507093283,22734862,248.70,1.18009692,0
1507093277,22734861,248.70,1.80083677,0
1507093277,22734860,248.69,0.22000000,0
1507093264,22734852,248.69,0.71920320,0
1507092857,22734742,248.80,3.60924437,0
1507092856,22734741,248.79,0.40000000,0
1507092595,22734718,248.78,0.10021959,1
1507092594,22734717,248.79,0.47000000,0
1507092590,22734716,248.79,0.57000000,0
1507092170,22734642,248.79,0.10085403,1
1507092169,22734641,248.80,3.37168140,0
1507092169,22734639,248.80,0.10089010,0
1507092168,22734635,248.80,0.69000000,0
1507092168,22734634,248.80,3.37491961,0
1507092166,22734629,248.80,3.45723472,0
1507092165,22734626,248.80,1.23722134,0
1507092164,22734622,248.80,1.23333768,0
1507092163,22734621,248.80,3.34234869,0
1507092163,22734619,248.79,0.11159021,0
1507092163,22734617,248.79,0.57840979,0
1507092106,22734609,248.79,0.82000000,0
1507092040,22734599,248.80,6.19045000,0
1507092039,22734598,248.79,0.98000000,0
1507092039,22734596,248.79,0.56510084,0
1507092037,22734594,248.78,0.00057433,0
1507092035,22734591,248.78,0.11429177,0
1507091505,22734519,248.79,0.09257327,0
1507091504,22734518,248.63,1.81313099,0
1507091504,22734517,248.63,0.33109548,0
1507091498,22734515,248.63,2.08799068,0
1507091492,22734510,248.63,2.08941833,0
1507091447,22734500,248.63,2.23735309,0
1507091393,22734485,248.63,2.00599284,0
1507091201,22734454,248.63,0.33904446,0
1507091201,22734453,248.62,0.81699673,0
1507090408,22734327,248.62,0.54331912,0
1507090403,22734323,248.62,0.10080250,0
1507090402,22734320,248.62,0.53888165,0
1507090086,22734254,248.61,0.79707560,0
1507090086,22734253,248.60,0.18892440,0
1507090007,22734233,248.61,0.22552900,0
1507090007,22734232,248.61,0.11548705,0
1507088399,22733864,248.63,0.04418041,0
1507088397,22733862,248.63,0.50146804,0
1507088348,22733844,248.11,0.00100822,0
1507088346,22733841,248.11,0.20063621,0
1507088034,22733821,248.63,0.10063334,0
1507088032,22733818,248.63,0.13063588,0
1507088010,22733814,248.63,0.03947851,0
1507087722,22733759,248.63,1.46007795,0
1507087708,22733752,248.62,0.24530000,0
1507087708,22733751,248.62,1.65000000,0
1507087708,22733750,248.19,0.00000048,0
1507087698,22733743,247.64,4.10284093,1
1507087697,22733742,247.68,0.24530000,1
1507087696,22733741,247.68,3.26830300,1
1507087212,22733634,248.19,7.80981300,0
1507087169,22733626,248.19,2.33778005,0
1507087168,22733625,248.18,0.24510000,0
1507086390,22733516,247.98,6.25573200,1
1507084585,22733281,248.20,0.65767411,1
1507084585,22733280,248.21,0.40381763,1
1507084585,22733279,248.22,0.24510000,1
1507084203,22733213,248.75,0.04019454,0
1507083782,22733145,248.21,0.59618237,1
1507083299,22733050,248.21,1.00000000,1
1507081356,22732645,248.50,2.85440643,0
1507081120,22732576,248.50,1.93010060,0
1507079785,22732305,248.78,0.46311842,0
1507079773,22732304,248.78,1.47000000,0
1507079762,22732303,248.70,2.00000000,0
1507079633,22732288,248.78,0.82193102,0
1507078625,22732076,248.20,0.65164726,1
1507076832,22731630,248.43,3.90401479,0
1507076042,22731452,248.76,2.36911078,0
1507076040,22731451,248.70,0.47217129,0
1507075930,22731435,248.69,2.00570992,0
