date,tid,price,amount,type
1507161621,22778239,291.40,0.99719100,1
1507161307,22778199,291.79,0.26848500,0
1507160654,22778044,291.82,0.30200000,0
1507160526,22778014,291.82,1.90704063,0
1507160526,22778012,291.73,0.36313737,0
1507160525,22778011,291.68,0.04000000,0
1507160215,22777846,291.39,1.57142157,0
1507160162,22777833,291.39,2.36000000,0
1507160136,22777826,291.39,2.60000000,0
1507160052,22777817,291.38,0.87436300,1
1507160037,22777816,291.38,0.20830000,1
1507160017,22777814,291.39,2.88000000,0
1507160015,22777813,291.38,5.10000000,1
1507160013,22777811,291.39,0.27148900,0
1507160007,22777809,291.38,0.88714000,1
1507160004,22777808,291.38,0.99832300,1
1507160004,22777807,291.39,3.18000000,1
1507160002,22777803,291.38,0.17464100,1
1507159998,22777802,291.38,5.10000000,1
1507159997,22777791,291.40,0.04998221,0
1507159996,22777790,291.38,9.54444440,1
1507159996,22777789,291.39,0.78187260,1
1507159989,22777788,291.38,0.25335500,1
1507159989,22777787,291.38,18.59170000,1
1507159989,22777786,291.39,0.20830000,1
1507159985,22777782,291.38,6.89887900,1
1507159985,22777781,291.38,9.95947063,1
1507159985,22777780,291.38,0.36313737,1
1507159981,22777779,291.40,6.04990100,1
1507159973,22777773,291.44,0.52039806,1
1507159973,22777772,291.46,0.65167547,1
1507159973,22777771,291.47,2.25368680,1
1507159955,22777767,291.46,5.33969503,1
1507159955,22777766,291.47,3.33362950,1
1507159955,22777765,291.50,0.28399997,1
1507159955,22777764,291.59,1.21525350,1
1507159951,22777763,291.59,2.11837600,1
1507159943,22777756,291.50,1.05737053,1
1507159943,22777755,291.50,3.21614347,1
1507159943,22777754,291.51,0.11748600,1
1507159942,22777753,291.58,6.85000000,1
1507159724,22777716,291.50,0.11748603,1
1507159632,22777670,291.95,0.21054249,0
1507159620,22777659,291.97,0.27400000,0
1507159515,22777614,291.40,0.00750000,1
1507159515,22777613,291.49,0.04000000,1
1507159515,22777612,291.52,0.27400000,1
1507159471,22777589,291.74,0.04000000,1
1507159467,22777587,291.75,7.74000000,0
1507159459,22777579,291.77,0.04000000,0
1507159459,22777578,291.77,0.04000000,0
1507159370,22777549,292.20,0.29355600,0
1507159366,22777545,291.44,3.57667200,1
1507158958,22777394,292.17,1.52295992,1
1507158956,22777392,292.17,0.04000000,0
1507158645,22777276,292.16,5.29911721,1
1507158637,22777275,292.16,1.40654429,0
1507158629,22777272,292.15,0.29200640,1
1507158616,22777270,292.03,2.20109700,1
1507158616,22777269,292.03,9.04101100,1
1507158614,22777268,292.02,0.04000000,0
1507158614,22777267,292.00,0.00000043,0
1507158614,22777266,292.00,0.51999957,0
1507158614,22777265,291.99,1.63896839,0
1507158614,22777264,291.97,0.96780000,0
1507158584,22777255,291.97,7.96520000,0
1507158466,22777193,291.99,2.20000000,0
1507158415,22777162,291.97,1.41271000,0
1507158413,22777160,291.98,2.74622894,0
1507158413,22777159,291.73,0.36320596,0
1507158050,22777018,291.72,0.02404000,0
1507158043,22777011,291.95,0.02399855,0
1507158029,22777001,291.38,0.36320596,1
1507158022,22776994,291.42,0.10301370,1
1507158022,22776993,291.45,0.10301370,1
1507158022,22776992,291.47,0.10301370,1
1507158010,22776985,291.99,0.68872051,0
1507158010,22776984,291.48,11.14798766,0
1507157969,22776974,291.48,0.10000000,1
1507157961,22776969,291.50,0.10301370,1
1507157959,22776967,291.51,10.66000000,0
1507157958,22776966,291.52,0.07051579,1
1507157947,22776960,291.50,0.00000043,1
1507157946,22776959,291.54,0.04000000,1
1507157946,22776958,291.74,0.04000000,1
1507157946,22776957,291.89,0.04000000,1
1507157558,22776833,292.00,0.48000000,0
1507157539,22776808,291.50,0.99999957,1
1507157539,22776807,291.52,0.10297843,1
1507157240,22776705,291.64,1.10297800,1
1507157231,22776703,291.55,0.10297843,1
1507157231,22776702,291.57,0.10297843,1
1507157230,22776701,291.60,0.10297843,1
1507157221,22776698,292.00,1.00000000,1
1507157221,22776697,292.02,3.83896839,1
1507156853,22776531,292.10,0.07041000,0
1507156824,22776514,292.10,3.84028196,0
1507156824,22776513,292.09,0.20850000,0
1507156824,22776512,291.73,0.00000456,0
1507156818,22776505,291.73,0.36327000,0
1507156686,22776463,292.00,1.00000000,0
1507156683,22776462,291.02,4.40627692,1
1507156683,22776461,291.06,0.07874098,1
1507156683,22776460,291.38,0.36327456,1
1507156683,22776459,291.50,1.00000000,1
1507156682,22776457,291.67,0.10292558,1
1507156682,22776455,291.69,3.84028196,1
1507156680,22776453,291.70,0.20850000,1
1507156605,22776423,291.69,0.10292558,1
1507156605,22776422,291.72,0.10292558,1
1507156605,22776421,291.75,0.10292558,1
1507156593,22776407,292.53,0.01005025,0
1507156591,22776406,292.28,6.81900000,0
1507156533,22776390,292.29,1.72342626,0
1507156533,22776389,292.29,5.23000000,0
1507156533,22776388,292.12,0.70875320,0
1507156526,22776384,292.06,3.84910370,0
1507156513,22776382,292.07,0.20860000,0
1507156338,22776348,292.25,0.07203300,0
1507156334,22776347,291.42,4.37012392,1
1507156334,22776346,291.43,0.20860000,1
1507156333,22776345,291.65,0.04516058,0
1507156332,22776344,291.69,2.05568841,1
1507156332,22776343,291.72,5.32042709,1
1507156284,22776322,292.27,3.94310800,0
1507156273,22776317,291.67,3.80394312,1
1507156202,22776264,292.31,0.37036023,1
1507156196,22776258,292.00,1.72027490,0
1507156196,22776257,292.00,0.78900000,0
1507156195,22776256,291.73,0.23489202,0
1507155629,22775931,291.73,0.06016309,0
1507155628,22775930,291.69,0.10327897,0
1507155628,22775928,291.66,0.10327897,0
1507155628,22775927,291.63,0.10327897,0
1507155621,22775922,291.61,2.05754261,0
1507155621,22775921,291.60,2.69885511,0
1507155552,22775885,291.62,1.14290900,0
1507155549,22775881,291.60,2.12190400,0
1507155500,22775863,291.15,5.48770996,0
1507155498,22775862,291.18,3.56676401,1
1507155498,22775861,291.20,14.80867634,1
1507155411,22775809,291.20,8.80409355,0
1507154819,22775551,291.63,2.66114597,1
1507154819,22775550,291.60,0.10327897,0
1507154818,22775549,291.59,7.98369997,0
1507154801,22775540,291.59,3.57242600,0
1507154793,22775535,291.55,0.27500000,0
1507154743,22775465,290.55,0.87035894,0
1507154726,22775454,290.15,4.31622125,1
1507154717,22775448,290.37,0.48000000,1
1507154717,22775447,290.38,0.23000000,1
1507154717,22775446,290.39,0.22449490,1
1507154714,22775439,290.40,2.66962261,1
1507154704,22775423,290.76,0.64786000,1
1507154704,22775422,290.77,0.27500000,1
1507154698,22775419,290.42,0.27903620,1
1507154697,22775418,290.67,0.10327897,1
1507154697,22775417,290.70,0.10327897,1
1507154697,22775416,290.73,0.10327897,1
1507154697,22775415,291.21,0.44888000,1
1507154694,22775410,290.75,0.10327897,1
1507154694,22775409,290.76,0.84429895,1
1507154691,22775405,290.76,0.00764477,0
1507154691,22775403,291.05,2.64927593,1
1507154685,22775400,291.05,1.14865606,1
1507154681,22775392,291.05,1.04206801,1
1507154680,22775391,291.06,4.84000000,1
1507154667,22775380,291.08,0.39643340,1
1507154666,22775377,291.09,2.82263277,1
1507154579,22775299,291.25,2.48379982,1
1507154495,22775191,291.73,0.06832234,0
1507154410,22775166,291.23,4.55206352,0
1507154377,22775153,291.23,0.11360400,0
1507154358,22775143,291.23,0.27400000,0
1507154344,22775135,291.24,0.71789810,0
1507154344,22775134,291.38,0.36337745,1
1507154344,22775133,291.39,0.27400000,1
1507154325,22775131,291.48,3.12952800,1
1507154162,22775091,292.00,1.07263698,0
1507154162,22775090,291.92,0.02700570,0
1507154162,22775089,291.91,3.83423578,1
1507154161,22775088,291.78,0.27400000,0
1507154161,22775087,291.76,0.20860000,0
1507154159,22775086,291.73,3.72908036,1
1507154159,22775085,291.73,0.36344604,0
1507154138,22775079,291.71,0.65765900,0
1507153877,22774940,291.72,5.73441500,0
1507153861,22774927,291.72,0.02871700,0
1507153841,22774907,291.36,9.88416104,1
1507153841,22774906,291.37,1.24000000,1
1507153835,22774904,291.36,0.11583896,1
1507153835,22774903,291.38,0.36344604,1
1507153833,22774902,291.42,0.02700570,1
1507153833,22774901,291.51,0.20860000,1
1507153833,22774900,291.53,3.83423578,1
1507153833,22774899,291.56,0.27400000,1
1507153752,22774853,292.13,0.43377000,1
1507153750,22774851,292.14,0.00001687,0
1507153738,22774840,292.12,0.39910069,0
1507153736,22774838,292.13,0.39916473,1
1507153718,22774822,292.14,0.03372336,0
1507153714,22774817,291.42,3.69393936,0
1507153713,22774810,291.60,0.16491806,0
1507153712,22774804,291.60,0.04348194,1
1507153706,22774784,291.61,0.95000000,0
1507153705,22774782,291.61,2.95000000,0
1507153705,22774778,291.61,7.27000000,0
1507153704,22774775,291.61,0.03374023,0
1507153704,22774772,291.62,2.07356450,1
1507153703,22774771,291.64,0.20840000,1
1507153703,22774770,292.49,2.05009989,1
1507153700,22774754,292.58,2.35764378,0
1507153696,22774747,292.58,0.60227084,0
1507153696,22774746,292.53,0.04000000,0
1507153687,22774698,292.52,7.25234082,0
1507153681,22774688,292.52,0.10298548,0
1507153681,22774687,292.50,0.03188087,0
1507153680,22774686,292.49,0.10298548,0
1507153680,22774685,291.68,0.69280000,1
1507153678,22774684,292.48,0.73034290,0
1507153678,22774683,292.48,2.40929771,0
1507153657,22774645,292.48,1.46805840,0
1507153656,22774644,292.35,1.13107676,0
1507153655,22774638,292.48,0.06680650,0
1507153655,22774637,292.46,0.10298548,0
1507153655,22774635,292.43,0.10298548,0
1507153655,22774634,292.41,0.04000000,0
1507153655,22774633,292.39,0.10303134,0
1507153644,22774623,291.62,1.13107676,1
1507153644,22774622,291.68,0.10292206,1
1507153644,22774621,291.70,0.10292206,1
1507153643,22774620,291.73,0.02607912,1
1507153591,22774525,291.73,0.07684294,1
1507153591,22774524,291.75,0.22300000,1
1507153591,22774523,291.76,0.04015706,1
1507153523,22774449,291.79,0.34000000,1
1507153405,22774377,292.18,0.05894500,0
1507153405,22774376,292.17,3.20049384,0
1507153384,22774317,291.76,0.06276500,1
1507153363,22774302,292.26,0.13961228,0
1507153355,22774295,291.64,0.05894500,1
1507153350,22774293,291.62,1.00000000,1
1507153327,22774277,291.60,0.05882900,1
1507153299,22774248,291.60,0.05888000,1
1507153287,22774223,292.37,1.63188923,0
1507153285,22774220,291.61,4.91962435,0
1507153284,22774219,291.61,0.04000000,1
1507153283,22774216,292.38,4.83999982,0
1507153283,22774214,292.38,1.76471841,0
1507153282,22774212,292.35,2.05233453,0
1507153282,22774211,292.34,1.48840270,0
1507153282,22774210,292.33,3.05000000,0
1507153282,22774207,291.61,1.88896454,0
1507153268,22774194,291.60,0.04905500,1
1507153243,22774169,291.60,5.72462479,1
1507153243,22774168,291.66,3.66706158,1
1507153236,22774164,291.68,0.21210000,1
1507153234,22774159,291.66,1.03946390,1
1507153234,22774158,291.66,0.56275261,1
1507153234,22774157,291.67,0.81480194,1
1507153184,22774102,291.68,0.05290600,1
1507153126,22774073,291.67,0.05555700,1
1507153039,22774045,291.67,0.05237100,1
1507153011,22774029,291.66,0.05114900,1
1507152955,22773985,291.62,0.91124700,1
1507152948,22773979,292.19,5.16000000,1
1507152947,22773978,292.19,4.84000000,1
1507152936,22773975,292.38,0.68896592,0
1507152926,22773969,291.62,0.04750800,1
1507152673,22773745,291.65,0.80596341,1
1507152654,22773725,292.17,1.19492077,0
1507152588,22773698,292.20,0.09779011,1
1507152588,22773697,292.20,0.20220800,1
1507152587,22773695,292.00,0.00000189,0
1507152585,22773692,291.62,0.20220800,1
1507152481,22773655,292.00,0.00000308,0
1507152481,22773654,291.90,0.19907692,0
1507152073,22773445,292.00,1.28987000,0
1507152070,22773440,292.00,0.58355490,0
1507152070,22773439,291.99,1.28987510,0
1507152062,22773436,291.99,2.20000000,0
1507152049,22773425,291.99,0.18756000,0
1507152042,22773423,291.99,0.14748890,0
1507152020,22773399,292.00,0.51339387,0
1507152019,22773398,291.54,2.95507600,1
1507152019,22773396,291.55,3.22000000,1
1507152019,22773394,291.56,3.82492400,1
1507152018,22773392,292.00,6.37005300,0
1507152004,22773383,292.00,1.24312326,0
1507152004,22773382,291.99,0.20870000,0
1507152004,22773381,291.92,0.42038074,0
1507151992,22773342,291.94,3.40184429,0
1507151992,22773340,291.93,2.43908371,0
1507151970,22773322,291.51,1.57000000,1
1507151970,22773320,291.52,8.43000000,1
1507151966,22773315,291.49,0.12037884,1
1507151958,22773307,291.97,3.75847700,0
1507151878,22773241,291.45,3.64977737,1
1507151866,22773240,291.45,0.20870000,1
1507151866,22773239,291.50,0.10298548,1
1507151857,22773236,291.53,0.10298548,1
1507151857,22773235,291.55,0.10298548,1
1507151856,22773234,291.58,0.10298548,1
1507151751,22773134,292.25,0.20040000,0
1507151680,22773115,292.33,0.22529333,0
1507151645,22773099,292.31,0.80532498,0
1507151632,22773090,292.35,0.20830000,0
1507151618,22773086,292.36,0.10303134,0
1507151618,22773085,292.33,0.10303134,0
1507151618,22773084,292.32,0.10305605,0
1507151617,22773083,291.71,1.27731655,1
1507151617,22773082,291.72,1.64340301,1
1507151615,22773076,291.74,0.20830000,1
1507151597,22773057,292.30,0.10303134,0
1507151597,22773056,292.29,0.10305605,0
1507151592,22773053,292.28,0.04328000,0
1507151591,22773052,291.72,2.17882202,1
1507151587,22773047,291.70,2.54592035,1
1507151583,22773038,291.68,1.82622265,1
1507151578,22773035,292.28,0.06680650,0
1507151578,22773034,292.25,0.04000000,0
1507151577,22773033,292.18,0.86993710,0
1507151577,22773032,292.11,0.04000000,0
1507151577,22773031,292.08,0.00000025,0
1507151546,22773006,292.08,0.06680625,0
1507151546,22773005,292.05,0.96066375,0
1507151493,22772951,292.01,1.00000000,0
1507151476,22772940,291.56,0.34693721,1
1507151471,22772934,291.55,0.35821314,1
1507151467,22772928,291.55,0.41751181,1
1507151407,22772886,291.48,1.18000000,1
1507151368,22772825,291.34,3.82208165,1
1507151368,22772824,292.07,0.37670549,1
1507151246,22772508,292.07,10.08800000,1
1507151201,22772496,292.07,3.81353365,0
1507151201,22772495,291.88,0.06680650,0
1507151201,22772494,291.86,0.04000000,0
1507151183,22772476,291.85,0.20000000,1
1507151168,22772451,291.85,2.39000000,1
1507151166,22772449,291.85,8.20592500,1
1507151165,22772447,291.68,0.06680650,0
1507151164,22772446,291.59,0.10331444,0
1507151164,22772445,291.50,0.24990125,0
1507151130,22772423,291.50,2.42000000,0
1507151129,22772422,291.49,14.28085844,1
1507151126,22772418,291.48,0.06680650,0
1507151119,22772408,291.44,0.10336770,0
1507151116,22772406,291.30,0.04000000,0
1507151111,22772403,291.20,0.04000000,0
1507151099,22772378,291.01,2.66443607,0
1507151076,22772347,291.01,0.27852942,0
1507150996,22772305,290.66,1.04668556,0
1507150964,22772285,290.66,0.10331444,1
1507150907,22772252,291.15,1.41618390,0
1507150906,22772251,291.14,0.98987022,0
1507150897,22772232,291.06,0.20950000,0
1507150876,22772160,291.00,0.04000000,0
1507150820,22772093,290.12,1.15565502,1
1507150820,22772092,290.28,0.00000004,1
1507150815,22772087,290.28,2.50575600,1
1507150814,22772085,290.32,0.20950000,1
1507150722,22772027,290.28,0.30728652,1
1507150722,22772026,290.28,0.04000000,1
1507150672,22771928,290.34,0.01861000,0
1507150550,22771859,290.29,5.00000000,1
1507150185,22771631,290.29,4.30420950,1
1507150185,22771630,290.48,0.06680650,1
1507150184,22771629,290.50,2.63698400,1
1507150164,22771617,290.50,2.97701600,1
1507150164,22771616,290.53,0.04000000,1
1507150164,22771615,290.73,0.04000000,1
1507150164,22771614,290.88,0.04000000,1
1507150011,22771478,290.99,1.27368276,0
1507150004,22771451,290.99,0.07423072,1
1507150002,22771446,290.99,0.33684500,0
1507149916,22771368,290.51,3.38000000,1
1507149904,22771347,290.52,0.81000000,0
1507149904,22771346,290.52,4.00000000,1
1507149783,22771288,290.50,2.00000000,1
1507149726,22771279,290.50,2.38600000,1
1507149726,22771278,290.51,5.00000000,1
1507149658,22771237,290.89,7.05736000,0
1507149658,22771236,290.85,0.00002000,0
1507149655,22771235,290.51,6.95401269,1
1507149655,22771234,290.51,0.10336770,1
1507149653,22771233,290.52,5.00000000,1
1507149629,22771225,290.85,0.03998000,0
1507149605,22771208,290.53,10.32166400,1
1507149270,22771117,290.55,0.98319350,1
1507149270,22771116,290.61,0.06680650,1
1507149268,22771115,290.74,0.04000000,1
1507149262,22771114,290.89,0.04000000,1
1507148984,22771047,291.00,2.15511200,0
1507148696,22770888,290.75,2.38678975,0
1507148696,22770887,290.90,2.66990125,1
1507148683,22770886,290.81,0.06680650,1
1507148683,22770884,290.89,0.04000000,1
1507148565,22770794,291.37,9.83000000,0
1507148556,22770790,291.01,2.00500000,0
1507148556,22770789,291.00,6.48901100,0
1507148555,22770788,291.00,37.41628400,0
1507148441,22770739,291.00,2.35057200,0
1507148437,22770737,291.00,0.23314400,0
1507148398,22770703,291.01,0.06680650,1
1507148397,22770700,291.04,8.37907400,0
1507148353,22770684,291.04,3.97000000,0
1507148344,22770672,291.04,0.20297000,0
1507148316,22770651,291.04,2.72781300,0
1507148293,22770640,291.04,0.36589652,1
1507148193,22770580,291.12,10.00000000,1
1507148154,22770540,291.82,0.25103531,0
1507148154,22770539,291.66,0.04000000,0
1507148154,22770538,291.50,0.20850000,0
1507148145,22770535,291.51,0.04000000,0
1507148063,22770490,291.05,0.17437869,0
1507148053,22770459,291.08,7.42800000,0
1507148045,22770453,291.10,0.04000000,1
1507148045,22770452,291.12,12.15738039,1
1507148045,22770450,291.15,0.20024092,1
1507147945,22770389,291.50,0.27400000,0
1507147415,22770023,291.21,0.06680650,1
1507147415,22770022,291.24,0.04000000,1
1507147415,22770021,291.26,2.05259942,1
1507147415,22770020,291.29,0.27400000,1
1507147402,22770007,291.37,0.10303134,1
1507147391,22770005,291.40,0.10303134,1
1507147391,22770004,291.42,0.10303134,1
1507147391,22770003,291.45,0.10303134,1
1507147339,22769975,291.49,0.04000000,1
1507147339,22769974,291.69,0.04000000,1
1507147338,22769973,291.84,0.04000000,1
1507147318,22769964,291.95,0.19582120,0
1507147315,22769959,291.96,0.43790670,0
1507147263,22769923,291.35,0.10305605,1
1507147263,22769922,291.38,0.10305605,1
1507147128,22769822,291.76,3.21234500,1
1507147127,22769821,291.80,0.77180400,1
1507147084,22769814,291.82,3.29833700,1
1507147084,22769813,291.85,0.04000000,1
1507147084,22769812,291.86,0.20850000,1
1507146910,22769775,292.46,0.11330754,1
1507146910,22769774,292.46,2.05184324,1
1507146910,22769772,292.45,0.04560497,0
1507146909,22769771,292.41,0.56070620,0
1507146909,22769770,292.41,0.04000000,0
1507146908,22769769,292.40,0.06680650,0
1507146908,22769767,292.38,0.01846279,0
1507146908,22769766,292.26,0.04000000,0
1507146907,22769765,292.20,0.06680650,0
1507146907,22769764,292.14,0.10311964,0
1507146906,22769763,292.00,0.06680650,0
1507146906,22769762,292.00,0.13431392,0
1507146906,22769761,292.00,0.86568608,0
1507146905,22769760,291.97,0.04000000,0
1507146823,22769746,291.86,10.31000000,1
1507146737,22769710,291.96,3.90000000,1
1507146737,22769709,291.96,3.47000000,1
1507146735,22769708,291.96,0.19000000,0
1507146489,22769553,291.88,0.69185492,0
1507146489,22769552,291.87,1.17094135,0
1507146489,22769551,291.87,0.18999595,1
1507146488,22769549,291.88,0.30460600,0
1507146484,22769540,291.88,2.67260380,0
1507146484,22769539,291.84,0.04000000,0
1507146484,22769537,291.81,0.04000000,0
1507146479,22769521,291.80,0.10323998,0
1507146479,22769520,291.80,0.66856958,0
1507146479,22769518,291.80,1.07606000,0
1507146476,22769511,291.80,2.07980300,0
1507146476,22769506,291.80,0.07394349,0
1507146282,22769430,291.20,12.39835211,0
1507146280,22769426,291.20,0.38668300,0
1507146278,22769424,291.20,0.94000000,0
1507146276,22769420,291.20,0.10311964,1
1507146276,22769419,291.26,0.08043171,1
1507146276,22769418,291.34,0.04000000,1
1507146276,22769417,291.36,3.57809356,1
1507146275,22769416,291.54,0.04000000,1
1507146275,22769415,291.69,0.04000000,1
1507146275,22769414,291.70,0.10323998,1
1507146192,22769374,291.27,1.22802600,1
1507146119,22769318,291.80,0.94162393,0
1507146119,22769317,291.80,0.06680650,0
1507146079,22769310,291.70,6.05900000,0
1507145992,22769285,291.79,0.07390447,1
1507145850,22769218,291.77,3.50557900,0
1507145739,22769150,291.79,0.85745940,0
1507145739,22769149,291.77,0.10323998,0
1507145739,22769148,291.69,0.00612607,0
1507145738,22769146,291.69,0.03387393,0
1507145738,22769145,291.69,0.04000000,0
1507145738,22769144,291.67,0.00002000,0
1507145708,22769114,291.67,0.03998000,0
1507145585,22769081,291.60,2.09674676,0
1507145463,22769020,291.31,7.56999963,0
1507145463,22769018,291.31,2.05843837,1
1507145349,22768989,291.60,16.00325324,0
1507145349,22768988,291.59,2.05768373,0
1507145349,22768987,291.59,1.33506303,0
1507145335,22768969,291.59,0.82600000,0
1507145315,22768952,291.59,0.34300400,0
1507145239,22768909,291.57,0.27400000,0
1507145208,22768895,291.59,1.08350400,0
1507145144,22768814,291.45,3.50000000,1
1507144918,22768730,291.39,0.13406914,1
1507144917,22768729,291.39,0.36593086,0
1507144900,22768718,290.99,0.86946105,1
1507144900,22768717,291.06,2.06013795,1
1507144887,22768710,291.01,0.27400000,1
1507144887,22768709,291.04,0.31293086,1
1507144887,22768708,291.17,0.24037889,1
1507144878,22768705,291.15,2.30061200,1
1507144847,22768696,291.04,0.05300000,1
1507144847,22768695,291.13,0.04000000,1
1507144847,22768694,291.28,0.04000000,1
1507144593,22768500,291.59,0.23865701,0
1507144593,22768499,291.55,0.04000000,0
1507144591,22768496,291.39,0.03916519,0
1507144469,22768444,291.39,0.32680000,0
1507144469,22768443,291.37,0.20920000,0
1507144469,22768442,291.33,0.27400000,0
1507144468,22768441,291.32,1.29000000,0
1507144441,22768422,291.01,1.29415400,0
1507144430,22768418,290.84,0.10323998,1
1507144430,22768417,290.86,0.10323998,1
1507144430,22768416,290.94,0.27400000,1
1507144429,22768415,291.04,0.36596519,1
1507144144,22768103,291.36,0.49990000,1
1507143845,22767897,291.39,0.36601198,0
1507143660,22767753,291.41,1.87689641,0
1507143581,22767717,291.53,0.99626000,1
1507143541,22767698,291.40,3.78000000,1
1507143524,22767693,290.88,0.00900000,0
1507143523,22767689,290.88,0.04000000,1
1507143519,22767683,291.38,2.05916672,0
1507143498,22767676,291.45,8.15551993,1
1507143497,22767675,291.42,0.00512126,0
1507143490,22767659,291.42,0.03487874,0
1507143457,22767648,290.88,1.05705537,0
1507143456,22767647,290.91,5.00000000,0
1507143456,22767646,290.91,0.20920000,1
1507143456,22767645,290.91,2.05479492,1
1507143439,22767639,291.41,20.28000000,1
1507143428,22767631,291.38,4.84000000,1
1507143427,22767629,291.29,0.04000000,0
1507143427,22767628,291.26,4.84000000,0
1507143399,22767616,291.26,4.84000000,0
1507143398,22767614,291.20,0.05000000,0
1507143007,22767400,290.99,0.04000000,1
1507142821,22767327,291.11,0.04000000,0
1507142704,22767291,291.25,0.27834334,1
1507142704,22767290,291.25,0.05000000,0
1507142703,22767289,291.22,0.04000000,0
1507142703,22767288,291.07,0.04000000,0
1507142701,22767284,291.06,0.27500000,0
1507142624,22767251,290.66,0.03957044,1
1507142624,22767250,290.71,0.27500000,1
1507142623,22767249,291.06,0.49844817,1
1507142606,22767240,291.06,2.55000000,1
1507142563,22767208,290.77,0.80099187,0
1507142534,22767197,290.76,0.05000000,1
1507142533,22767196,290.77,0.03188087,0
1507142532,22767195,290.77,0.01712694,0
1507142529,22767192,290.77,7.90171600,0
1507142523,22767183,290.77,0.85000000,0
1507142520,22767180,290.76,5.00000000,0
1507142497,22767162,290.77,1.89600000,0
1507142492,22767159,290.76,1.52800000,0
1507142465,22767151,290.76,0.21004400,0
1507142425,22767115,290.76,1.14190000,0
1507142415,22767094,290.77,1.13951503,0
1507142412,22767085,290.77,20.37006443,0
1507142412,22767084,290.76,2.06355757,0
1507142337,22767036,290.77,12.65840365,0
1507142270,22767005,290.77,5.12178000,0
1507142254,22766996,290.50,11.55569819,1
1507142254,22766995,290.51,0.07254455,1
1507142253,22766994,290.77,2.50000000,1
1507142166,22766951,290.78,2.01000000,1
1507142128,22766934,291.32,3.59021008,0
1507142123,22766932,291.35,0.07240635,1
1507142092,22766915,291.36,0.99592798,0
1507142084,22766908,291.34,0.07390895,0
1507142079,22766907,290.78,1.67806600,1
1507142070,22766902,290.80,0.04000000,1
1507142070,22766901,290.85,0.06680650,1
1507142070,22766900,290.96,0.04581386,1
1507142069,22766899,291.00,0.13431392,1
1507142069,22766898,291.01,0.03000000,1
1507142067,22766897,291.34,0.03137228,0
1507142047,22766881,291.00,0.86568608,1
1507142047,22766880,291.00,1.07531392,1
1507142047,22766879,291.01,5.00000000,1
1507142016,22766863,291.00,0.95968608,1
1507142016,22766862,291.01,1.04031392,1
1507142014,22766861,291.01,2.09011100,1
1507142003,22766833,291.01,1.86957508,1
1507142003,22766832,291.02,0.13042492,1
1507141988,22766801,291.37,0.50000000,1
1507141837,22766689,291.01,4.89319350,1
1507141837,22766688,291.02,0.06680650,1
1507141836,22766687,291.05,0.04000000,1
1507141780,22766659,291.25,0.04000000,1
1507141780,22766658,291.32,0.06680650,1
1507141780,22766657,291.40,0.04000000,1
1507141780,22766656,291.41,0.07320955,1
1507141780,22766654,291.42,6.87000000,1
1507141674,22766579,291.51,3.75245676,0
1507141669,22766576,291.51,14.45200000,0
1507141662,22766570,291.62,0.06680650,1
1507141657,22766568,291.63,2.20000000,0
1507141654,22766565,291.63,8.00000000,1
1507141654,22766564,291.74,0.36601198,1
1507141654,22766563,291.84,0.68743020,1
1507141653,22766562,291.84,0.54210106,1
1507141518,22766484,291.84,0.00783604,1
1507141518,22766483,291.84,0.04000000,1
1507141518,22766482,291.99,0.04000000,1
1507141516,22766481,292.00,0.01216396,1
1507141417,22766336,292.00,1.00000000,1
1507141416,22766335,292.00,8.78925027,1
1507141386,22766277,292.09,0.00000356,0
1507141385,22766273,292.08,0.06310044,1
1507141385,22766271,292.08,0.68689956,1
1507141384,22766269,292.09,0.14000000,1
1507141383,22766268,292.09,0.68602065,1
1507141383,22766266,292.09,0.68543899,1
1507141383,22766263,292.09,0.51799440,1
1507141383,22766262,292.10,0.14000000,1
1507141383,22766260,292.10,2.50040240,1
1507141261,22766166,292.09,0.02080000,1
1507141179,22766075,292.09,0.02080000,1
1507141092,22765987,292.10,0.02150000,1
1507141051,22765957,292.09,0.02079400,1
1507140858,22765835,292.38,0.02153721,0
1507140745,22765803,292.37,9.16334600,0
1507140680,22765766,292.37,0.68269658,0
1507140642,22765748,292.09,0.36606329,1
1507140560,22765723,292.09,1.94000000,1
1507140483,22765699,292.09,1.50081500,1
1507140448,22765678,292.09,0.02125000,1
1507140445,22765677,292.10,0.03180100,1
1507140444,22765676,292.10,0.06358800,1
1507140440,22765675,292.09,0.03179700,1
1507140353,22765635,292.08,0.02462635,1
1507140257,22765579,292.08,0.10260817,1
1507139781,22765288,292.08,0.32000000,1
1507139781,22765287,292.23,0.04000000,1
1507139781,22765286,292.24,10.60000000,0
1507139779,22765284,292.48,0.04000000,1
1507139705,22765217,292.76,0.47381904,0
1507139540,22765102,292.70,3.09149299,0
1507139538,22765101,292.68,0.08989660,0
1507139529,22765089,292.68,0.04000000,1
1507139445,22765040,292.71,0.04000000,0
1507139096,22764894,292.94,0.18473147,0
1507139096,22764893,292.93,0.06783722,0
1507139096,22764892,292.93,0.08216278,0
1507139096,22764891,292.92,0.04000000,0
1507139096,22764890,292.77,0.04000000,0
1507139096,22764888,292.65,0.09063722,0
1507139021,22764848,292.38,4.99999953,1
1507139021,22764847,292.38,0.00000047,1
1507139020,22764845,292.38,2.04296400,1
1507138933,22764777,292.45,11.27212304,0
1507138867,22764738,292.47,11.56350000,0
1507138724,22764543,292.01,0.01266333,1
1507138724,22764542,292.13,0.04000000,1
1507138724,22764541,292.16,0.76411147,0
1507138724,22764540,292.17,5.00000000,1
1507138723,22764536,292.33,0.04000000,1
1507138723,22764535,292.46,0.14000000,1
1507138722,22764534,292.48,0.14000000,0
1507138721,22764533,292.48,0.14000000,1
1507138721,22764532,292.48,0.04000000,1
1507138716,22764530,292.58,10.21490700,0
1507138679,22764501,292.58,3.62040000,0
1507138648,22764460,292.58,0.13623404,0
1507138631,22764443,292.58,0.16966000,0
1507138584,22764373,292.58,2.90435146,0
1507138427,22764150,292.58,17.95690504,0
1507138427,22764149,292.57,0.18000000,0
1507138365,22764131,292.58,1.65306092,0
1507138365,22764130,292.57,0.21000000,0
1507138333,22764106,292.58,14.57790000,0
1507138323,22764098,292.58,1.73850189,0
1507138323,22764097,292.57,0.25000000,0
1507138303,22764081,292.59,2.94870000,0
1507138303,22764080,292.58,0.20820000,0
1507138298,22764079,292.02,2.90573671,1
1507138298,22764078,292.03,0.20820000,1
1507138296,22764077,292.60,0.36606329,1
1507138132,22763952,293.27,0.39423996,0
1507138132,22763951,293.25,0.31000000,0
1507138132,22763950,293.18,0.04000000,0
1507138132,22763949,292.95,0.19493862,0
1507138120,22763944,292.80,2.22727691,0
1507138103,22763929,292.80,0.10097113,0
1507138103,22763928,292.79,0.04741289,0
1507138095,22763927,292.79,0.03285011,0
1507138095,22763926,292.78,2.04932031,0
1507138091,22763925,292.80,0.93044864,0
1507137517,22763546,292.88,19.98979558,0
1507137356,22763429,292.19,0.03028741,1
1507137355,22763428,292.54,0.47000000,1
1507137316,22763392,292.90,0.12753700,0
1507137276,22763373,292.95,0.10244548,0
1507137266,22763364,292.95,0.06874750,0
1507137266,22763363,292.54,0.03369401,0
1507137210,22763320,292.00,12.88010063,0
1507137209,22763318,292.00,21.12855300,0
1507137209,22763317,292.00,12.52202300,0
1507137209,22763316,292.00,2.04563681,0
1507137208,22763315,292.00,28.20440000,0
1507137208,22763314,292.00,1.16423300,0
1507137205,22763313,292.00,0.03369401,0
1507137205,22763312,292.00,14.14732338,0
1507137204,22763311,292.04,0.04000000,1
1507137204,22763310,292.39,0.04000000,1
1507137204,22763309,292.50,1.00000000,1
1507137204,22763308,292.60,0.36613160,1
1507137204,22763307,292.69,0.04000000,1
1507137204,22763305,292.70,1.00000000,1
1507137204,22763304,292.72,3.80931650,1
1507137204,22763302,292.73,0.20780000,1
1507137203,22763300,292.94,0.04000000,1
1507137203,22763298,293.14,0.04000000,1
1507137203,22763297,293.29,0.04000000,1
1507137127,22763254,293.40,1.60648783,0
1507137126,22763253,293.40,0.80807898,0
1507137126,22763252,293.35,0.76603705,0
1507137126,22763251,293.34,0.23154273,0
1507137126,22763250,293.33,0.61000000,0
1507136940,22763141,293.34,0.72845727,0
1507136940,22763140,293.33,0.18475371,0
1507136910,22763100,292.69,0.96000000,1
1507136910,22763099,292.69,0.04000000,1
1507136861,22763071,292.70,0.18475371,1
1507136861,22763070,292.94,0.04000000,1
1507136861,22763069,293.14,0.04000000,1
1507136859,22763067,293.29,0.04000000,1
1507136661,22762870,293.35,1.32884349,0
1507136661,22762869,293.35,1.21506937,0
1507136544,22762778,293.40,0.07646489,0
1507136485,22762742,293.33,7.00000000,0
1507136476,22762731,293.35,0.04000000,0
1507136437,22762687,293.03,0.74069058,1
1507136306,22762616,293.33,4.02574969,0
1507136306,22762615,293.27,0.04000000,0
1507136306,22762614,293.25,0.06680650,0
1507136306,22762613,293.15,0.04000000,0
1507136306,22762612,293.06,0.02450033,0
1507136305,22762611,293.05,10.57000000,0
1507136246,22762586,292.96,2.04806100,0
1507136106,22762473,293.06,0.01549967,0
1507136105,22762472,293.05,0.04000000,0
1507136091,22762463,293.00,2.75353536,0
1507136085,22762461,292.52,0.66135296,1
1507136083,22762459,293.00,3.85895772,0
1507136083,22762458,292.99,6.86000000,0
1507136080,22762456,293.00,9.34590730,0
1507136078,22762455,292.95,0.36615296,1
1507136078,22762454,293.00,1.33020608,0
1507136078,22762453,293.00,1.50609828,0
1507136076,22762452,292.95,0.27400000,1
1507136075,22762451,292.95,0.04000000,0
1507136075,22762450,292.95,0.06680650,0
1507136075,22762449,292.90,0.87000000,0
1507136075,22762448,292.80,0.04000000,0
1507136075,22762447,292.65,0.06680650,0
1507136075,22762446,292.50,2.10708925,0
1507136074,22762445,292.49,0.74412338,0
1507136074,22762443,292.49,0.39124252,0
1507136074,22762442,292.49,1.71155183,0
1507136074,22762441,292.49,2.10279435,0
1507136064,22762431,291.14,9.24784642,1
1507136064,22762430,291.15,0.06680650,1
1507136063,22762429,291.15,0.27400000,0
1507136063,22762428,291.16,3.42000000,1
1507136063,22762423,291.32,1.15636750,1
1507136062,22762422,291.32,10.57000000,0
1507136062,22762420,292.04,1.08448044,1
1507136062,22762419,292.06,3.81434618,0
1507136061,22762418,292.31,0.36615296,1
1507136056,22762407,292.50,1.00000000,1
1507135884,22762325,293.00,0.53090000,0
1507135871,22762323,292.99,0.12800300,0
1507135854,22762314,293.00,13.56544664,0
1507135854,22762313,292.99,0.41000000,0
1507135854,22762312,292.66,0.36622133,0
1507135840,22762307,293.00,2.38884571,0
1507135840,22762306,292.99,0.49000000,0
1507135840,22762305,292.99,0.10631770,0
1507135827,22762302,292.31,0.36622133,1
1507135824,22762298,293.00,16.83096600,0
1507135824,22762297,292.99,0.58000000,0
1507135757,22762245,293.00,1.89903400,0
1507135757,22762244,292.99,0.69000000,0
1507135705,22762205,293.00,37.11052900,0
1507135705,22762204,293.00,6.47191800,0
1507135705,22762203,293.00,14.05919100,0
1507135704,22762201,293.00,7.52993600,0
1507135704,22762200,292.99,0.82000000,0
1507135702,22762196,293.00,4.34302700,0
1507135699,22762194,293.00,0.71293071,0
1507135699,22762193,292.99,5.03530129,0
1507135676,22762143,292.98,8.32292400,0
1507135671,22762136,293.00,3.76257120,0
1507135671,22762135,292.99,1.02000000,0
1507135671,22762134,292.98,0.20492880,0
1507135669,22762133,292.98,0.76507120,0
1507135658,22762112,292.97,0.24541675,0
1507135657,22762107,292.97,3.55829025,0
1507135656,22762105,292.94,0.15628900,0
1507135656,22762104,292.92,0.04000000,0
1507135640,22762081,292.81,0.03366973,0
1507135640,22762080,292.80,0.04000000,0
1507135640,22762079,292.78,0.06680650,0
1507135635,22762074,292.73,1.08472311,0
1507135635,22762073,292.71,0.04000000,0
1507135635,22762072,292.66,0.36625552,0
1507135635,22762071,292.65,0.37934240,0
1507135635,22762070,292.62,0.04000000,0
1507135635,22762069,292.60,0.04000000,0
1507135635,22762068,292.48,0.06680650,0
1507135634,22762067,292.45,0.04000000,0
1507135634,22762066,292.44,0.68693990,0
1507135634,22762065,292.44,0.68690562,0
1507135634,22762064,292.44,0.68693990,0
1507135633,22762063,292.41,0.00122574,0
1507135629,22762058,292.41,0.03877426,0
1507135629,22762057,292.20,1.00000000,0
1507135629,22762056,292.00,0.00066117,0
1507135622,22762047,292.00,0.99933883,0
1507135622,22762046,292.00,0.00068450,0
1507135587,22762019,292.00,0.99931550,0
1507135538,22761988,292.40,0.50642000,0
1507135531,22761982,292.40,7.80632694,0
1507135529,22761981,292.37,0.04000000,0
1507135515,22761967,291.72,1.00000000,1
1507135507,22761955,292.36,1.20000000,0
1507135506,22761953,292.17,0.04000000,0
1507135506,22761952,292.16,0.04000000,0
1507135506,22761950,292.15,0.00042259,0
1507135506,22761948,292.13,1.51436490,0
1507135506,22761947,292.02,0.04000000,0
1507135502,22761939,291.72,8.64048914,0
1507135502,22761938,291.70,1.00000000,0
1507135499,22761932,291.72,13.95803000,0
1507135498,22761930,291.72,2.48436500,0
1507135497,22761920,291.72,11.23873300,0
1507135497,22761919,291.72,5.65289500,0
1507135497,22761918,291.72,1.48436500,0
1507135497,22761917,291.70,1.00000000,0
1507135493,22761911,291.72,2.03780210,0
1507135492,22761909,291.72,1.87448954,0
1507135489,22761906,291.72,1.24210000,0
1507135488,22761904,291.72,18.53790000,0
1507135488,22761903,291.70,1.00000000,0
1507135487,22761902,291.72,3.67560400,0
1507135487,22761901,291.72,10.67931200,0
1507135486,22761896,291.72,2.32226128,0
1507135483,22761891,291.72,3.13500300,0
1507135483,22761890,291.70,1.00000000,0
1507135480,22761886,291.72,4.79707891,0
1507135477,22761883,291.72,16.01380027,0
1507135474,22761882,291.72,1.08086900,0
1507135473,22761880,291.72,3.97602931,0
1507135460,22761871,291.72,8.53440947,0
1507135458,22761870,291.72,0.27694364,0
1507135457,22761869,291.72,7.35664600,0
1507135448,22761866,291.72,1.69527700,0
1507135446,22761865,291.72,10.53000000,0
1507135446,22761864,291.72,1.58945740,1
1507135446,22761863,291.72,144.43700001,1
1507135446,22761862,291.76,0.43613472,1
1507135246,22761678,292.15,0.00061000,0
1507135246,22761677,292.00,0.87181100,0
1507135220,22761667,292.00,0.12818900,0
1507135087,22761581,292.14,0.27400000,0
1507134993,22761548,291.04,0.88145000,1
1507134993,22761547,291.14,0.04000000,1
1507134993,22761546,291.44,0.04000000,1
1507134993,22761545,291.54,0.40000000,1
1507134993,22761544,291.69,0.04000000,1
1507134993,22761543,291.73,0.27400000,1
1507134993,22761541,291.89,0.04000000,1
1507134993,22761540,292.04,0.04000000,1
1507134989,22761538,292.15,0.68580446,0
1507134989,22761537,292.15,0.40398297,0
1507134891,22761470,292.15,0.19542788,0
1507134886,22761462,292.15,0.08680909,0
1507134878,22761454,292.14,1.05647240,0
1507134872,22761450,291.98,8.00000000,0
1507134866,22761445,291.97,2.07000000,0
1507134859,22761444,291.96,2.41639240,0
1507134854,22761441,291.96,0.14786100,0
1507134830,22761431,291.97,0.43734787,0
1507134829,22761430,291.96,0.04000000,0
1507134754,22761381,291.52,9.40456695,0
1507134754,22761379,291.44,0.47200000,0
1507134754,22761377,291.44,0.27400000,0
1507134705,22761362,290.77,2.00000000,1
1507134705,22761361,290.77,0.18680669,1
1507134671,22761351,291.00,2.00000000,1
1507134657,22761338,291.83,0.18276102,0
1507134657,22761337,291.83,0.20890000,0
1507134655,22761329,290.77,3.83894300,1
1507134655,22761325,290.78,0.20890000,1
1507134655,22761324,290.80,0.04000000,1
1507134652,22761319,290.98,0.06680650,1
1507134652,22761318,291.05,0.04000000,1
1507134652,22761317,291.12,0.08000000,1
1507134638,22761312,291.12,7.92000000,1
1507134634,22761309,291.25,0.04000000,1
1507134634,22761308,291.40,0.04000000,1
1507134623,22761301,291.48,0.14000000,1
1507134623,22761300,291.49,0.14000000,1
1507134623,22761299,291.50,0.14000000,1
1507134622,22761298,291.50,0.00000024,1
1507134497,22761199,291.50,20.08935195,1
1507134497,22761198,291.51,0.68683705,1
1507134495,22761195,291.51,0.68693990,1
1507134495,22761194,291.51,0.68693990,1
1507134495,22761193,291.51,0.68621994,1
1507134495,22761192,291.51,0.18617062,1
1507134433,22761138,291.52,5.00000000,1
1507134429,22761132,291.51,0.50073500,1
1507134429,22761131,291.82,0.09417900,1
1507134412,22761118,291.83,1.00257600,1
1507134404,22761114,291.82,0.20582100,1
1507134378,22761082,291.81,0.04000000,0
1507134369,22761076,291.52,1.21544083,1
1507134369,22761075,291.52,0.05831311,1
1507134241,22760949,291.51,0.05300995,0
1507134240,22760948,291.59,0.04000000,1
1507134240,22760947,291.76,0.27400000,1
1507134238,22760946,291.99,0.04000000,1
1507134171,22760904,292.02,1.00000000,1
1507134142,22760896,292.02,1.02394052,0
1507134136,22760892,292.01,1.00000000,1
1507134136,22760891,292.01,1.00000000,1
1507134130,22760881,292.50,1.02174358,0
1507134128,22760879,292.47,0.97000000,0
1507134128,22760878,292.46,0.08384788,0
1507134063,22760809,292.00,0.96633027,0
1507134061,22760807,292.31,0.03366973,1
1507133982,22760748,292.20,0.08384788,1
1507133982,22760747,292.20,0.04989660,1
1507133982,22760746,292.31,0.36625552,1
1507133979,22760744,293.51,1.45045105,1
1507133979,22760742,292.83,0.02692847,0
1507133968,22760735,292.33,0.02692847,1
1507133966,22760734,293.14,0.03363177,0
1507133966,22760733,292.33,0.20760000,0
1507133957,22760714,292.34,0.03363177,0
1507133956,22760710,292.34,2.28430028,0
1507133956,22760709,292.34,0.04000000,1
1507133956,22760708,292.64,0.04000000,1
1507133956,22760707,292.76,0.10253963,1
1507133955,22760706,292.79,0.10253963,1
1507133955,22760705,292.82,0.10253963,1
1507133955,22760704,292.85,0.08129563,1
1507133955,22760703,292.87,0.20760000,1
1507133951,22760702,292.87,3.59610700,1
1507133951,22760701,292.90,0.20760000,1
1507133931,22760671,293.65,0.04000000,0
1507133931,22760670,293.65,0.04000000,0
1507133931,22760669,293.65,0.04000000,0
1507133918,22760658,293.55,0.04000000,0
1507133918,22760657,293.42,0.04000000,0
1507133918,22760656,293.40,7.18268883,0
1507133918,22760655,292.85,0.02124400,1
1507133918,22760654,292.89,0.04000000,1
1507133917,22760653,293.09,0.04000000,1
1507133916,22760649,293.40,1.93695716,0
1507133916,22760648,293.36,0.54000000,0
1507133899,22760620,293.35,0.84177528,0
1507133899,22760618,293.32,0.64000000,0
1507133852,22760580,293.24,0.04000000,1
1507133766,22760511,293.35,0.15822472,0
1507133755,22760505,293.33,0.38004141,0
1507133746,22760495,292.64,0.04988827,1
1507133681,22760438,293.05,0.04988827,1
1507133559,22760384,292.63,0.38004141,1
1507133526,22760354,293.32,1.42526993,1
1507133525,22760353,293.32,2.04554752,0
1507133506,22760330,293.35,0.04000000,0
1507133491,22760325,293.20,0.04000000,0
1507133490,22760323,293.16,0.33278740,0
1507133477,22760313,293.17,0.04000000,0
1507133477,22760312,293.17,0.27056689,0
1507133476,22760311,293.17,0.63848294,0
1507133476,22760310,293.17,0.97095017,0
1507133464,22760296,293.14,1.43000000,1
1507133462,22760290,292.97,0.04000000,0
1507133460,22760289,292.93,3.17114742,0
1507133460,22760288,292.93,0.36681534,0
1507133460,22760287,292.90,0.04998892,0
1507133460,22760286,292.82,0.04000000,0
1507133460,22760285,292.66,0.02439706,0
1507133460,22760284,292.53,0.92646560,0
1507133451,22760272,292.53,3.90448000,0
1507133411,22760188,292.53,0.26246900,0
1507133396,22760160,292.53,0.59192000,0
1507133386,22760113,292.53,1.51461200,0
1507133367,22760062,292.53,18.54580413,0
1507133366,22760061,292.53,0.42477971,0
1507133247,22759901,292.53,4.76718700,0
1507133243,22759899,292.53,1.02934820,0
1507133200,22759858,292.52,2.59466000,0
1507133194,22759854,292.53,19.77687800,0
1507133194,22759853,292.52,0.20780000,0
1507133140,22759783,291.95,4.02013530,0
1507133138,22759781,292.60,0.02438483,1
1507133126,22759758,292.93,0.27223272,0
1507133126,22759756,292.92,0.20787872,0
1507132981,22759562,292.40,0.32680315,1
1507132981,22759560,292.44,0.04000000,1
1507132981,22759559,292.46,0.04998892,1
1507132932,22759509,292.52,0.75473657,1
1507132925,22759496,292.95,0.02443219,0
1507132906,22759470,292.52,0.67941023,1
1507132853,22759433,292.45,0.20787872,1
1507132847,22759431,292.52,0.20728178,1
1507132834,22759425,292.55,3.00000000,1
1507132834,22759424,292.60,0.02444442,1
1507132834,22759423,292.62,0.20780000,1
1507132834,22759422,292.64,0.04000000,1
1507132834,22759421,292.69,1.95876928,1
1507132782,22759388,292.69,1.85142620,1
1507132782,22759387,292.79,0.04000000,1
1507132782,22759386,292.83,0.10251517,1
1507132782,22759385,292.86,0.10251517,1
1507132724,22759274,293.19,1.64035945,1
1507132724,22759273,293.19,2.07796957,1
1507132723,22759272,292.95,2.51035249,0
1507132723,22759271,292.95,0.02448349,0
1507132723,22759270,292.89,7.09000000,0
1507132691,22759258,292.89,0.10251517,1
1507132670,22759244,292.90,7.13825316,1
1507132645,22759210,292.92,0.06287783,0
1507132644,22759209,292.92,0.10251517,1
1507132507,22759119,293.42,0.02448349,1
1507132284,22758931,293.37,0.08160344,1
1507132209,22758861,292.41,2.07796957,1
1507132209,22758860,292.73,0.01237954,1
1507132200,22758857,293.65,15.31837221,1
1507132200,22758856,293.59,0.04000000,0
1507132200,22758854,293.56,0.04000000,0
1507132199,22758853,293.55,0.04000000,0
1507132199,22758852,293.50,0.06680650,0
1507132199,22758851,293.50,0.27504912,0
1507132199,22758850,293.50,8.00000000,0
1507132198,22758849,293.48,16.42500000,1
1507132198,22758848,293.46,0.04000000,0
1507132198,22758847,293.45,0.04000000,0
1507132197,22758845,293.39,0.04000000,0
1507132197,22758844,293.38,0.10268314,0
1507132197,22758842,293.36,0.04000000,0
1507132197,22758841,293.35,0.27000000,1
1507132196,22758840,293.35,0.10268314,0
1507132196,22758839,293.32,0.10268314,0
1507132196,22758837,293.30,0.04000000,0
1507132195,22758836,293.29,0.04454516,0
1507132195,22758835,293.29,0.05813798,0
1507132195,22758834,293.27,0.04555647,0
1507132195,22758833,293.25,0.04000000,0
1507132194,22758832,293.25,0.04000000,0
1507132194,22758831,293.24,0.04000000,0
1507132194,22758830,293.21,0.04000000,0
1507132194,22758829,293.21,0.04000000,0
1507132193,22758828,293.20,0.50000000,0
1507132193,22758826,293.08,0.10278841,0
1507132193,22758825,293.05,0.10278841,0
1507132192,22758824,293.02,0.68423066,0
1507132192,22758823,292.90,0.05000000,0
1507132191,22758822,292.89,1.38452943,0
1507132127,22758705,292.60,0.02462046,0
1507132127,22758702,292.59,0.23300000,0
1507132124,22758689,292.59,0.04000000,0
1507131968,22758609,292.91,0.67777367,0
1507131968,22758608,292.89,0.32000000,0
1507131968,22758607,292.87,0.10797390,0
1507131789,22758483,292.88,1.73792740,0
1507131789,22758481,292.87,0.26207260,0
1507131681,22758387,291.41,0.21257971,1
1507131681,22758385,291.47,1.12536470,1
1507131681,22758384,291.58,0.04000000,1
1507131681,22758383,291.93,0.04000000,1
1507131680,22758382,292.03,0.27300000,1
1507131635,22758350,291.99,1.04378569,1
1507131622,22758337,291.96,0.62759733,1
1507131622,22758336,292.23,0.04000000,1
1507131622,22758335,292.35,0.04454516,1
1507131616,22758330,292.35,0.05813798,1
1507131615,22758329,292.38,0.10268314,1
1507131615,22758328,292.41,3.80023038,1
1507131615,22758327,292.41,0.10268314,1
1507131615,22758326,292.44,0.10268314,1
1507131615,22758324,292.48,0.04000000,1
1507131614,22758323,292.54,0.02462046,1
1507131614,22758322,292.68,0.04000000,1
1507131614,22758320,292.83,0.04000000,1
1507131403,22758211,292.94,18.51638300,0
1507131403,22758210,292.93,0.89000000,0
1507131403,22758209,292.92,3.84593500,0
1507131335,22758152,292.94,1.48521934,0
1507131311,22758131,292.95,0.00000012,0
1507131299,22758125,292.95,4.48343400,0
1507131297,22758124,292.95,5.10752688,0
1507131254,22758115,292.95,1.70389700,0
1507131217,22758098,292.95,0.68423100,0
1507131216,22758097,292.95,0.02091100,0
1507131207,22758089,293.02,0.68426487,0
1507131207,22758088,293.02,0.10278841,0
1507131207,22758087,293.01,0.04000000,0
1507131207,22758086,293.00,0.04000000,0
1507131207,22758085,293.00,0.89522069,0
1507131177,22758069,292.95,2.04273183,0
1507131077,22758024,293.00,0.08013000,0
1507131076,22758023,292.89,0.02464931,1
1507131039,22758006,293.00,0.02464931,0
1507130958,22757888,293.00,0.06680650,0
1507130958,22757887,292.99,0.10278841,0
1507130948,22757882,292.90,0.04000000,0
1507130948,22757881,292.86,0.04000000,0
1507130947,22757879,292.80,0.04000000,0
1507130947,22757878,292.72,0.41031997,0
1507130947,22757877,292.65,0.04000000,0
1507130947,22757876,292.64,0.68506841,0
1507130947,22757875,292.63,0.46238349,0
1507130797,22757809,292.63,0.22277278,0
1507130797,22757808,292.60,0.04000000,0
1507130796,22757807,292.47,0.01773000,0
1507130796,22757806,292.47,0.06902450,0
1507130716,22757773,292.20,0.01773000,1
1507130654,22757719,292.52,0.33509206,1
1507130654,22757718,292.52,3.80120400,0
1507130595,22757692,291.90,3.80120400,1
1507130574,22757690,291.89,0.44942565,1
1507130574,22757689,291.93,4.65057435,1
1507130571,22757688,291.93,0.34942565,1
1507130571,22757687,292.01,1.72277935,1
1507130560,22757683,292.01,2.73552000,1
1507130526,22757673,292.40,1.48743215,0
1507130526,22757672,292.39,3.79716391,0
1507130517,22757663,292.01,10.54170065,1
1507130517,22757662,292.02,1.95829935,1
1507130494,22757651,292.41,0.07375135,0
1507130492,22757649,292.02,0.02480745,1
1507130455,22757634,292.45,0.02480745,0
1507130362,22757608,292.56,0.10541670,1
1507130161,22757535,291.94,1.56408609,1
1507130161,22757534,291.97,0.27300000,1
1507130160,22757533,292.05,0.30470000,1
1507130160,22757532,292.07,2.23098991,1
1507130152,22757518,292.07,1.56617400,1
1507130102,22757476,292.38,3.79545482,0
1507130098,22757475,292.05,2.66150000,1
1507130096,22757474,292.05,12.03380000,1
1507130096,22757473,292.09,0.04000000,1
1507130031,22757458,292.11,3.79545482,1
1507130030,22757457,292.24,0.04000000,1
1507129949,22757382,292.46,2.18000000,0
1507129931,22757376,292.36,6.71749500,0
1507129883,22757349,292.59,0.06893371,0
1507129870,22757332,292.57,1.07373561,0
1507129869,22757330,292.57,3.80075950,0
1507129857,22757315,292.35,0.04000000,0
1507129856,22757314,292.15,0.04000000,0
1507129856,22757313,292.00,0.04000000,0
1507129855,22757312,291.65,0.02494139,0
1507129773,22757249,291.80,9.26370000,0
1507129709,22757218,291.80,4.41903413,0
1507129705,22757213,291.19,0.06505861,1
1507129703,22757212,291.30,0.02494139,1
1507129654,22757193,291.80,3.51957395,0
1507129615,22757148,291.80,6.32621284,0
1507129613,22757144,291.80,11.61741135,0
1507129613,22757143,291.79,2.05627335,0
1507129584,22757108,291.82,3.80336271,0
1507129536,22757090,291.65,5.91294900,1
1507129480,22757049,291.65,0.02497229,1
1507129476,22757047,291.65,5.97502771,1
1507129476,22757046,291.74,0.02497229,1
1507129441,22757030,291.65,3.08705098,1
1507129441,22757028,291.66,0.29097802,1
1507129434,22756998,291.66,0.04988400,1
1507129291,22756924,291.70,0.68515627,1
1507129291,22756923,291.70,0.00000035,1
1507129255,22756903,291.70,1.96167259,1
1507129255,22756902,292.00,0.68506841,1
1507129255,22756901,292.00,0.20027600,1
1507129083,22756738,292.00,0.79972400,1
1507129083,22756737,292.05,0.13900000,1
1507129078,22756732,292.12,1.92517794,1
1507129078,22756731,292.14,0.04000000,1
1507129018,22756676,292.62,1.42670000,0
1507129000,22756667,292.62,0.02722487,0
1507128974,22756626,292.62,0.89093283,0
1507128968,22756622,292.62,16.49456911,0
1507128968,22756621,292.61,0.20820000,0
1507128953,22756611,292.64,0.59121500,0
1507128868,22756567,292.14,1.03100000,1
1507128868,22756566,292.34,0.04000000,1
1507128866,22756565,292.49,0.04000000,1
1507128785,22756527,292.72,0.27394490,0
1507128785,22756526,292.72,0.68426487,0
1507128785,22756525,292.69,0.04000000,0
1507128785,22756524,292.60,0.00179023,0
1507128763,22756519,292.60,1.94850822,0
1507128629,22756462,292.60,1.50000000,0
1507128569,22756435,292.12,2.91482206,1
1507128569,22756434,292.13,5.00000000,1
1507128569,22756432,292.14,0.20820000,1
1507128569,22756431,292.15,0.51683430,1
1507128525,22756377,292.17,0.89693257,1
1507128525,22756376,292.17,1.30478957,1
1507128525,22756375,292.18,5.00000000,1
1507128525,22756374,292.19,0.79895570,1
1507128505,22756356,292.54,0.00002000,0
1507128407,22756306,292.54,0.03998000,0
1507128327,22756246,292.14,0.68760000,1
1507128314,22756236,292.14,0.02689410,1
1507128314,22756235,292.33,0.66070590,1
1507128302,22756189,292.13,0.64760000,1
1507128302,22756188,292.13,0.04000000,1
1507128290,22756183,292.27,0.68760000,1
1507128265,22756168,292.18,0.26640000,1
1507128265,22756166,292.38,0.42000000,1
1507128204,22756136,292.40,0.68620000,1
1507128181,22756113,292.56,1.77800154,0
1507128181,22756112,292.49,0.04000000,0
1507128147,22756085,292.24,0.04000000,0
1507128057,22756033,292.04,0.04000000,0
1507128054,22756032,292.03,0.50000000,1
1507128043,22756027,292.03,0.18220850,0
1507127878,22755980,292.03,0.09079150,0
1507127625,22755786,291.96,0.04000030,0
1507127625,22755785,291.96,0.99039970,1
1507127623,22755784,291.96,0.04000000,1
1507127526,22755717,291.59,0.99051000,1
1507127483,22755689,292.56,2.00967163,0
1507127483,22755688,292.54,2.05100157,0
1507127483,22755687,292.54,1.38030980,0
1507127480,22755683,291.93,0.00274632,1
1507127480,22755682,292.05,0.10278841,1
1507127480,22755681,292.08,0.58136527,1
1507127450,22755653,292.08,0.10289960,1
1507127450,22755652,292.08,0.68423066,1
1507127450,22755651,292.08,0.68426487,1
1507127449,22755650,292.08,0.68426487,1
1507127423,22755629,292.08,0.10278841,1
1507127423,22755628,292.11,0.10278841,1
1507127423,22755626,292.14,0.10278841,1
1507127423,22755625,292.17,0.27300000,1
1507127423,22755623,292.18,0.04000000,1
1507127422,22755622,292.38,0.04000000,1
1507127408,22755599,292.53,0.04000000,1
1507126993,22755358,292.64,0.50000000,0
1507126958,22755322,292.64,0.32494548,0
1507126958,22755320,292.64,0.20680000,0
1507126956,22755311,292.63,0.15000000,0
1507126929,22755297,291.85,0.04444132,1
1507126902,22755280,292.78,18.04354806,0
1507126756,22755063,292.57,3.47747111,1
1507126756,22755062,292.57,0.17507002,1
1507126421,22754862,292.57,2.80729800,1
1507126417,22754861,292.57,0.17507000,1
1507126112,22754723,292.57,0.19397378,1
1507126112,22754722,292.59,3.78767317,1
1507126094,22754714,292.94,0.34054755,0
1507126062,22754689,292.92,10.00000000,0
1507126056,22754688,292.88,2.66409299,1
1507126052,22754684,292.88,0.32605900,1
1507126043,22754676,292.88,45.92794230,1
1507126043,22754675,292.89,0.20680000,1
1507126043,22754674,292.89,1.38000000,1
1507126043,22754673,292.90,1.40335170,1
1507126039,22754672,292.89,9.08999995,1
1507126038,22754671,292.89,2.04726605,1
1507126034,22754668,292.88,69.38600000,0
1507126034,22754667,292.65,0.53590571,0
1507125924,22754630,292.65,1.46409429,0
1507125886,22754620,292.80,0.13806051,0
1507125877,22754619,291.82,1.40000000,1
1507125806,22754576,292.98,16.22999996,0
1507125806,22754575,292.97,0.77000000,0
1507125806,22754574,292.97,0.00000004,0
1507125591,22754365,292.97,3.49999996,0
1507125591,22754364,292.96,0.04327404,0
1507125344,22754195,292.72,0.16492596,0
1507125344,22754193,292.72,1.73430104,0
1507125297,22754095,291.86,1.50951000,1
1507125284,22754089,291.80,0.77261700,1
1507125284,22754088,291.80,0.20820000,1
1507125225,22753990,292.94,2.89000401,0
1507125219,22753976,292.96,4.05122727,0
1507125218,22753968,292.96,3.67837180,0
1507125218,22753966,292.96,2.58110835,0
1507125217,22753959,292.96,1.79524450,0
1507125216,22753958,292.96,3.14226561,0
1507125215,22753954,292.96,2.80646701,0
1507125215,22753947,292.96,0.49313426,0
1507125208,22753902,292.95,1.33000000,1
1507125207,22753897,292.95,0.47972100,1
1507125203,22753893,292.95,0.13955437,0
1507125202,22753892,292.95,0.86044563,0
1507125201,22753882,292.86,0.04555647,0
1507125201,22753881,292.46,0.89680000,0
1507125201,22753880,292.46,0.23000000,0
1507125138,22753773,292.71,8.91633357,1
1507125136,22753770,292.50,0.06680650,0
1507125129,22753767,290.99,0.89680000,1
1507125127,22753766,292.42,1.68031838,0
1507125127,22753765,292.25,0.23000000,0
1507125049,22753707,292.42,1.31968162,0
1507125049,22753706,292.26,1.88000000,0
1507125043,22753697,292.24,1.87919670,0
1507125043,22753696,292.23,0.25109460,0
1507124923,22753625,292.20,0.82068051,0
1507124923,22753624,292.04,0.23344698,0
1507124869,22753593,292.02,1.35005041,0
1507124863,22753581,292.02,2.09162246,0
1507124856,22753579,292.02,0.14722339,0
1507124856,22753578,292.02,0.94936403,0
1507124822,22753566,292.04,1.42689336,0
1507124822,22753565,292.03,0.23000000,0
1507124815,22753561,292.04,1.38237666,0
1507124815,22753560,292.00,0.23000000,0
1507124646,22753474,291.85,0.67476481,0
1507124558,22753433,291.92,0.22922100,0
1507124558,22753432,291.91,1.01868670,0
1507124475,22753382,292.04,0.14762361,0
1507124475,22753381,292.04,0.60232423,0
1507124434,22753347,292.20,0.92048492,0
1507124422,22753336,292.00,0.06680650,0
1507124422,22753335,291.69,0.13999979,0
1507124422,22753334,291.58,3.68736219,0
1507124422,22753333,291.00,1.00000000,0
1507124418,22753328,290.31,3.96669960,1
1507124418,22753327,290.50,1.00000000,1
1507124418,22753326,290.51,1.03330040,1
1507124406,22753316,291.58,0.14855443,0
1507124394,22753304,291.58,0.85553625,0
1507124389,22753302,291.58,0.14854713,0
1507124376,22753290,291.50,9.99449954,1
1507124373,22753281,291.50,8.76000000,0
1507124373,22753280,291.50,0.06680650,0
1507124373,22753279,291.48,2.02281805,0
1507124366,22753271,291.48,1.15004498,0
1507124366,22753270,291.47,0.30261930,0
1507124361,22753264,291.48,0.51700640,0
1507124360,22753261,291.48,2.31013057,0
1507124347,22753246,291.43,2.38000000,0
1507124347,22753245,291.42,0.02050000,0
1507124163,22753096,291.00,6.20794071,0
1507124144,22753089,291.16,0.40000000,0
1507123851,22752970,290.24,0.02050000,1
1507123841,22752967,291.11,0.02050000,0
1507123745,22752875,291.42,0.38528225,1
1507123744,22752873,291.12,1.00000000,0
1507123744,22752872,291.00,0.06680721,0
1507123744,22752870,290.92,1.19218440,0
1507123744,22752869,290.06,0.96883246,0
1507123739,22752861,290.06,1.94781600,0
1507123733,22752857,290.06,1.19218400,0
1507123728,22752841,289.48,0.88874315,1
1507123726,22752839,290.06,32.58695300,0
1507123724,22752836,290.06,0.37883200,0
1507123723,22752835,290.05,3.73000000,0
1507123713,22752828,289.50,1.00000000,0
1507123570,22752725,289.42,8.42167092,0
1507123568,22752722,289.33,2.07375661,0
1507123539,22752700,288.96,0.01061999,1
1507123536,22752695,288.96,2.05780000,1
1507123535,22752694,289.00,1.00000000,1
1507123523,22752670,289.63,4.50184947,0
1507123516,22752666,288.95,6.49422456,0
1507123501,22752649,289.25,0.36517000,0
1507123496,22752638,288.26,0.16300000,1
1507123495,22752637,289.71,2.01379128,1
1507123495,22752636,289.71,2.89365140,1
1507123494,22752633,289.71,5.33658180,1
1507123305,22752507,289.56,15.15740991,1
1507123303,22752506,288.94,2.07655569,0
1507123303,22752504,288.94,0.21040000,0
1507123282,22752492,288.25,0.58720000,1
1507123274,22752489,289.03,2.55560000,0
1507123204,22752472,289.41,0.76402576,0
1507123204,22752471,288.50,3.92901032,1
1507123204,22752470,288.60,0.02675845,1
1507123105,22752420,288.82,0.55960000,1
1507123105,22752419,288.84,0.23000000,1
1507123105,22752418,288.85,0.21040000,1
1507122950,22752265,290.00,0.34989100,1
1507122932,22752262,290.00,0.08190000,1
1507122737,22752173,290.00,2.51820900,1
1507122521,22752108,290.00,0.05000000,1
1507122277,22751990,290.00,0.00000021,0
1507122277,22751989,290.00,0.99999979,0
1507122149,22751891,289.91,0.02000000,0
1507122147,22751890,289.90,0.78191585,0
1507122034,22751811,289.98,0.04464000,1
1507122021,22751801,289.81,0.17850000,1
1507122019,22751797,289.81,1.73186000,1
1507121982,22751777,289.84,0.98081700,0
1507121798,22751640,288.98,0.13999979,1
1507121796,22751639,289.00,0.00000021,1
1507121780,22751628,289.96,21.60924630,0
1507121572,22751454,289.00,1.99999979,1
1507121572,22751453,289.00,0.00000021,1
1507121414,22751266,289.00,0.99999979,1
1507121414,22751265,289.06,6.26810521,1
1507121413,22751262,289.06,0.13153800,1
1507121399,22751253,289.06,3.00838348,1
1507121349,22751201,289.06,5.94224741,1
1507121349,22751200,289.07,2.07390659,1
1507121311,22751173,289.81,1.37897591,0
1507121311,22751172,289.67,2.07132254,0
1507121293,22751159,289.75,3.45029845,0
1507121281,22751150,289.90,2.02640685,0
1507121281,22751149,289.86,0.21000000,0
1507121252,22751109,290.16,0.91473421,1
1507121250,22751104,289.34,0.08526579,0
1507121240,22751072,289.06,21.72434336,1
1507121240,22751068,289.07,0.21000000,1
1507121238,22751060,289.35,0.00000004,1
1507121188,22750919,289.35,4.29587000,1
1507121166,22750856,289.07,6.51843449,1
1507121165,22750855,289.10,0.60810781,1
1507121165,22750854,289.11,1.03975720,1
1507121165,22750853,289.22,0.04608948,1
1507121165,22750851,289.35,4.29576637,1
1507121165,22750850,289.86,0.06680721,1
1507121165,22750849,289.96,0.27321009,1
1507121164,22750847,289.96,0.20695958,1
1507121164,22750844,290.12,0.44829126,1
1507121151,22750821,290.12,1.27252600,1
1507121147,22750810,290.12,0.44829100,1
1507121127,22750781,290.12,0.45795800,1
1507121125,22750776,290.12,0.15571899,1
1507121124,22750773,290.12,3.21721475,1
1507121124,22750772,290.13,1.93547525,1
1507121120,22750761,290.27,0.08526579,1
1507121120,22750760,290.37,0.00014521,1
1507121111,22750747,290.91,3.19991400,0
1507121057,22750672,291.36,0.48681027,0
1507120971,22750598,291.62,1.56667636,1
1507120970,22750596,291.62,0.40760310,1
1507120969,22750592,291.62,1.94769334,1
1507120968,22750591,291.62,1.37992292,0
1507120968,22750590,291.62,4.62007708,0
1507120968,22750589,291.61,1.47180249,0
1507120967,22750588,291.61,1.01098157,0
1507120967,22750587,291.61,1.79629298,0
1507120961,22750575,291.61,0.58208364,0
1507120961,22750573,291.61,1.34975218,0
1507120960,22750572,291.61,0.20840000,0
1507120960,22750571,291.59,2.86000000,0
1507120960,22750570,291.53,0.03381782,0
1507120960,22750569,291.49,0.06680721,0
1507120958,22750568,291.44,0.20867610,0
1507120958,22750567,291.44,0.78065180,0
1507120953,22750558,291.45,1.36176595,0
1507120953,22750556,291.45,1.20788033,0
1507120767,22750304,290.00,0.20719279,0
1507120758,22750291,290.00,0.06634909,0
1507120757,22750290,289.99,0.20719279,0
1507120754,22750284,289.99,0.01340721,1
1507120754,22750283,289.99,0.05340000,1
1507120745,22750253,290.01,0.19000000,1
1507120745,22750252,290.12,6.00000000,1
1507120745,22750251,290.86,0.08589450,1
1507120744,22750250,290.91,0.27400000,1
1507120744,22750249,290.95,0.45000000,1
1507120744,22750247,291.00,1.29600047,1
1507120742,22750243,291.00,24.31812200,1
1507120741,22750242,291.00,16.70710200,1
1507120741,22750240,291.00,73.96126600,1
1507120740,22750239,291.00,42.10000000,1
1507120740,22750234,291.00,9.22884100,1
1507120740,22750232,291.01,0.93000000,1
1507120739,22750231,291.02,0.18615400,1
1507120695,22750173,291.01,1.26000000,1
1507120693,22750168,291.02,1.26000000,1
1507120693,22750167,291.03,0.03381782,1
1507120693,22750166,291.63,0.48000000,1
1507120598,22750064,291.00,11.98951700,1
1507120598,22750062,291.00,11.30280000,1
1507120598,22750060,291.00,15.00709036,1
1507120598,22750059,291.01,10.49000000,1
1507120598,22750058,291.02,2.09000000,1
1507120597,22750057,291.02,0.40834522,1
1507120597,22750056,291.03,0.60396120,1
1507120597,22750051,291.50,0.59987422,1
1507120596,22750045,291.50,0.86453900,1
1507120596,22750042,291.53,0.44000000,1
1507120595,22750034,291.99,0.36151923,0
1507120565,22749974,291.99,0.09794879,0
1507120422,22749877,291.99,0.09791203,0
1507120419,22749864,292.00,0.20840000,1
1507120414,22749851,291.70,0.10950249,1
1507120414,22749850,291.99,0.25733302,1
1507120414,22749849,292.02,0.63316449,1
1507120413,22749847,291.99,0.63316442,1
1507120413,22749845,292.01,3.60697058,1
1507120353,22749807,292.15,0.63517000,1
1507120342,22749801,292.60,1.56975393,0
1507120221,22749704,292.59,0.40473016,0
1507120100,22749655,292.59,0.10960050,1
1507120002,22749621,292.85,0.00000002,1
1507119993,22749616,292.85,1.24602500,1
1507119973,22749600,292.85,2.80033100,1
1507119971,22749597,292.85,0.23000000,1
1507119970,22749596,292.84,0.26602060,0
1507119957,22749582,292.73,1.47602500,1
1507119954,22749578,292.73,2.45000000,0
1507119954,22749577,292.71,0.64568120,0
1507119954,22749576,292.70,0.93000000,0
1507119954,22749575,292.59,0.08589450,0
1507119954,22749574,292.49,3.09860167,0
1507119954,22749573,292.34,0.88848512,0
1507119953,22749572,291.98,0.00003637,0
1507119793,22749510,291.98,0.07266121,0
1507119789,22749507,291.98,0.09791689,0
1507119786,22749503,291.98,0.09787674,0
1507119772,22749483,291.98,2.51101700,0
1507119698,22749461,291.98,0.09783658,0
1507119681,22749455,291.98,0.09775624,0
1507119365,22749278,291.98,1.02489897,0
1507119140,22749186,291.96,0.09771943,0
1507119137,22749184,291.96,0.09768262,1
1507119135,22749180,291.96,3.09154189,0
1507119132,22749176,291.96,0.09764247,0
1507119023,22749134,291.99,0.22805463,0
1507118956,22749095,292.01,0.22995787,1
1507118876,22749008,290.92,0.00000288,0
1507118875,22749007,290.92,0.15897000,0
1507118874,22749006,291.19,0.16738212,1
1507118529,22748881,290.54,0.18569426,1
1507118529,22748880,291.36,0.69580000,0
1507118527,22748878,291.36,0.04575096,1
1507118313,22748742,292.49,0.69877631,1
1507118313,22748741,292.49,0.20840000,1
1507118311,22748739,291.98,0.23000000,0
1507117628,22748497,292.13,0.52120631,0
1507117628,22748496,291.67,0.23000000,0
1507117627,22748494,291.66,0.27400000,0
1507117206,22748245,290.18,0.21356778,1
1507117206,22748244,290.29,0.06680650,1
1507117206,22748243,290.30,0.46000000,1
1507117206,22748242,290.59,0.06680650,1
1507117205,22748241,290.77,0.93055003,1
1507117205,22748240,290.79,2.30000000,1
1507117205,22748239,290.85,1.24397570,1
1507117205,22748238,290.85,0.20840000,1
1507117205,22748237,290.86,0.23000000,1
1507117205,22748236,290.87,0.27400000,1
1507117152,22748223,292.51,4.27828511,0
1507117152,22748221,292.51,1.52728000,0
1507117133,22748204,292.36,0.43319350,0
1507117133,22748203,292.22,0.06680650,0
1507117108,22748196,292.00,0.23000000,1
1507117106,22748194,291.92,0.06680650,0
1507117106,22748192,291.62,0.01340721,0
1507117094,22748182,291.62,0.05340000,0
1507116884,22748112,291.27,0.22999720,0
1507116884,22748111,291.27,0.08259316,0
1507116881,22748110,291.27,1.54476357,0
1507116879,22748105,291.27,1.87870342,0
1507116879,22748104,291.27,0.33393985,0
1507116878,22748101,291.28,3.65499038,0
1507116878,22748099,291.28,0.23000000,0
1507116814,22748024,291.33,0.09812181,0
1507116552,22747805,290.84,0.92724522,0
1507116161,22747638,289.83,0.03280721,0
1507116161,22747637,289.81,0.20719279,0
1507116136,22747562,290.00,2.02559017,0
1507116133,22747560,290.00,0.25000000,1
1507116133,22747559,290.00,3.00000000,1
1507116133,22747558,290.00,0.90584525,1
1507116109,22747534,290.00,1.18405464,1
1507116109,22747533,290.00,1.00000000,1
1507116109,22747532,290.00,8.28516336,1
1507116109,22747531,290.00,10.00000000,1
1507116109,22747530,290.00,0.34483000,1
1507116109,22747529,290.02,4.00000000,1
1507116090,22747523,290.03,4.00000000,1
1507116090,22747522,290.03,1.05000000,1
1507116066,22747511,290.30,0.35983334,0
1507116066,22747510,290.30,0.10175657,0
1507116052,22747505,290.03,2.40000000,1
1507116052,22747504,290.10,0.10000000,1
1507116047,22747498,290.12,2.06361869,1
1507116033,22747494,290.33,0.04587883,1
1507116006,22747473,290.74,0.06680721,1
1507115997,22747468,290.82,0.09820198,0
1507115997,22747467,290.86,2.48330000,1
1507115996,22747463,290.86,0.34670000,1
1507115995,22747459,290.85,3.78000000,1
1507115994,22747456,290.86,1.02656153,1
1507115994,22747455,290.87,0.09799638,1
1507115994,22747454,290.88,0.43342909,1
1507115992,22747453,290.89,0.65015670,1
1507115992,22747452,291.04,0.06680650,1
1507115991,22747451,291.34,0.06680348,1
1507115991,22747450,291.34,0.00000302,1
1507115976,22747442,291.39,0.14763540,1
1507115976,22747441,291.53,0.09900000,1
1507115976,22747440,291.53,0.10080000,1
1507115958,22747420,291.53,0.12920000,1
1507115958,22747419,291.53,0.27400000,1
1507115724,22747333,293.16,0.42436338,0
1507115370,22747120,291.69,0.79551300,0
1507115308,22747086,291.69,0.11995611,0
1507115295,22747074,291.69,0.60189260,0
1507115295,22747073,291.67,0.11698540,0
1507115295,22747072,291.58,0.27300000,0
1507115295,22747071,291.57,5.93000000,0
1507115225,22747034,291.69,0.50000000,1
1507115170,22746984,291.71,2.43342519,1
1507115169,22746983,291.77,0.01713679,1
1507115169,22746982,291.88,0.27300000,1
1507114858,22746752,293.26,0.71236252,0
1507114858,22746751,293.25,0.17083400,0
1507114858,22746750,292.99,0.05000000,0
1507114858,22746749,292.97,0.06680348,0
1507114720,22746599,292.97,0.00000302,0
1507114719,22746598,292.67,0.06680650,0
1507114719,22746597,292.61,3.27282048,0
1507114601,22746516,292.61,2.72717952,0
1507114599,22746515,292.51,0.00000027,0
1507114399,22746436,292.51,1.18486000,0
1507114375,22746425,292.50,0.42781800,0
1507114356,22746414,292.51,0.53100495,0
1507114356,22746413,292.50,2.05128205,0
1507114234,22746292,292.00,0.34575336,1
1507114090,22746218,292.00,0.14945206,1
1507114054,22746174,292.00,1.58039156,1
1507114054,22746173,292.01,0.01932344,1
1507114051,22746170,292.01,0.06208649,1
1507114047,22746165,292.01,0.06208649,1
1507114045,22746160,292.01,0.10128225,1
1507114044,22746158,292.01,0.34567303,1
1507114033,22746145,292.01,0.50881340,1
1507114033,22746144,292.03,2.06724960,1
1507114024,22746138,292.00,3.31026200,1
1507114021,22746136,292.51,2.05938258,0
1507114021,22746135,292.50,1.23936510,0
1507114020,22746134,292.37,0.06680721,0
1507114013,22746130,292.00,0.39992000,1
1507114007,22746125,292.00,0.20838200,1
1507114007,22746124,292.00,0.23000000,0
1507114007,22746123,291.99,0.27400000,0
1507113968,22746108,291.10,0.20838200,1
1507113725,22745928,292.22,3.46684943,0
1507113725,22745927,291.57,0.03381317,0
1507113715,22745919,291.06,2.98668034,1
1507113715,22745918,291.06,0.46000000,1
1507113715,22745916,291.06,0.03381317,0
1507113715,22745915,291.07,0.03400000,0
1507113714,22745914,291.07,0.27400000,0
1507113713,22745913,291.07,0.23000000,1
1507113706,22745909,292.25,1.08656971,0
1507113705,22745908,291.78,0.27400000,1
1507113704,22745907,291.78,0.23000000,0
1507113250,22745619,290.87,0.44000000,0
1507113248,22745617,290.87,0.48000000,1
1507113134,22745493,291.00,1.24689187,1
1507113134,22745492,291.00,1.75310813,1
1507113134,22745490,291.00,0.98281787,1
1507113134,22745489,291.27,0.27400000,1
1507112410,22745108,292.62,0.80733351,0
1507112410,22745107,292.60,0.20790000,0
1507112409,22745106,292.60,0.27400000,0
1507112399,22745103,291.20,0.05000000,1
1507112333,22745068,291.77,1.90830000,0
1507112331,22745065,291.78,1.10000000,0
1507112267,22744989,291.40,3.44443800,1
1507112267,22744988,291.42,0.50000000,1
1507112267,22744987,291.43,0.27400000,1
1507112176,22744900,291.74,0.06891403,0
1507112176,22744899,291.74,0.27300000,0
1507112114,22744821,291.40,0.40082066,1
1507112112,22744801,291.40,0.36486024,1
1507112110,22744792,291.40,0.05409999,1
1507112110,22744791,291.42,3.19771301,1
1507112110,22744789,291.42,3.58228699,1
1507112110,22744786,291.45,0.40053101,1
1507112102,22744722,291.45,0.09946899,1
1507112087,22744676,291.40,2.18693700,1
1507112086,22744674,291.44,6.78000000,1
1507112076,22744620,291.40,1.77484400,1
1507112076,22744615,291.42,0.50000000,1
1507112076,22744613,291.44,6.78000000,1
1507111968,22744271,292.88,0.03984567,0
1507111910,22744191,291.12,0.45897189,1
1507111909,22744190,292.14,0.48000000,1
1507111909,22744189,292.19,0.23000000,1
1507111909,22744188,292.20,0.27300000,1
1507111895,22744181,292.19,0.50000000,1
1507111895,22744180,292.28,0.48751588,1
1507111895,22744179,292.28,0.00248412,1
1507111895,22744178,292.72,1.34407734,1
1507111881,22744166,292.71,0.37826913,1
1507111880,22744165,292.72,0.20790000,1
1507111880,22744164,292.73,3.77524780,1
1507111766,22744118,293.16,1.71912948,1
1507111764,22744117,292.93,0.20830000,0
1507111239,22743901,292.71,1.51108605,0
1507111238,22743900,292.70,0.02240764,0
1507111206,22743881,292.20,0.02170000,1
1507111206,22743880,292.21,0.20830000,1
1507110917,22743707,292.77,0.77976637,0
1507110844,22743687,292.87,1.34843517,0
1507110844,22743686,292.54,0.03370086,0
1507110843,22743685,292.53,0.58279841,0
1507110842,22743684,292.53,1.96781000,1
1507110790,22743648,292.46,1.73982899,0
1507110783,22743647,292.46,2.05107166,0
1507110177,22743370,292.43,0.24138509,0
1507110177,22743369,292.43,0.05543008,0
1507110142,22743354,292.35,0.15257038,0
1507110142,22743352,292.34,0.27200000,0
1507110102,22743284,292.47,0.40258176,0
1507110060,22743207,291.75,1.59128714,1
1507110060,22743206,291.75,0.04565553,1
1507109949,22743133,291.76,4.27077700,1
1507109930,22743070,291.83,1.10018674,1
1507109930,22743067,291.83,0.89981326,1
1507109930,22743066,292.00,1.87581774,1
1507109917,22743012,292.02,24.41797030,1
1507109917,22743011,292.02,9.89734170,1
1507109917,22743010,292.03,1.26940030,1
1507109917,22743009,292.04,5.00000000,1
1507109903,22742966,292.02,65.68468800,1
1507109903,22742964,292.03,10.43000000,1
1507109903,22742963,292.04,5.00000000,1
1507109871,22742917,292.00,1.12418226,1
1507109871,22742916,292.01,2.80496539,1
1507109851,22742859,292.01,3.19503461,1
1507109851,22742858,292.02,0.04541726,1
1507109851,22742857,292.04,0.03370086,1
1507109850,22742853,292.04,0.26396129,1
1507109849,22742852,292.55,0.05000000,1
1507109849,22742851,292.77,0.06642471,1
1507109844,22742837,292.77,0.00038250,1
1507109843,22742835,293.03,0.48000000,1
1507109843,22742834,293.07,0.06680650,1
1507109782,22742678,293.09,3.52764700,1
1507109782,22742676,293.10,0.20800000,1
1507109782,22742675,293.29,0.27200000,1
1507108829,22741980,294.87,1.00894636,0
1507108829,22741977,294.87,0.09188058,0
1507108829,22741975,294.87,1.79155959,0
1507108828,22741973,294.70,0.06680650,0
1507108823,22741970,294.67,1.19066345,0
1507108823,22741965,294.40,0.06680721,0
1507108818,22741911,294.39,1.11859703,1
1507108818,22741910,294.39,7.28140297,1
1507108816,22741907,294.34,1.95894833,0
1507108816,22741906,294.34,0.09755219,0
1507108816,22741904,294.34,0.40244781,0
1507108816,22741903,294.33,1.21128000,0
1507108429,22741568,294.13,0.20709954,0
1507108429,22741566,294.13,2.00513346,0
1507108429,22741565,294.12,0.27200000,0
1507108266,22741494,294.13,1.76500000,0
1507108266,22741493,294.12,0.23000000,0
1507108179,22741442,292.90,0.43061332,1
1507108178,22741440,292.96,0.03487874,1
1507108178,22741439,292.97,0.23000000,1
1507108164,22741430,293.00,1.87127539,1
1507108164,22741429,293.01,0.20710000,1
1507108164,22741428,293.41,0.23000000,1
1507108164,22741427,293.42,0.27200000,1
1507107720,22741202,294.04,2.00000000,1
1507107702,22741186,294.03,2.04088574,1
1507107701,22741185,294.03,0.23000000,1
1507107699,22741181,294.03,0.77436379,1
1507107699,22741179,294.04,2.16563611,1
1507107699,22741177,294.00,0.77436389,0
1507107698,22741173,294.00,1.33078800,0
1507107698,22741171,294.00,3.54013300,0
1507107698,22741169,293.99,0.23000000,0
1507107688,22741155,294.00,2.96684400,0
1507107687,22741154,294.00,1.38787111,0
1507107687,22741153,293.94,0.18978189,0
1507107606,22741110,293.02,0.18978189,1
1507107591,22741102,293.00,0.03487874,1
1507107590,22741101,293.50,5.00000000,0
1507107590,22741100,293.49,0.20690000,0
1507107590,22741098,293.48,0.27200000,0
1507107365,22741034,293.00,0.52713938,1
1507107365,22741033,293.00,0.03998000,1
1507107363,22741032,293.05,2.43288062,1
1507107151,22740921,293.00,0.89183135,0
1507107151,22740919,293.00,7.33618549,0
1507107148,22740916,293.21,0.50000000,1
1507107148,22740915,293.21,0.50000000,1
1507107148,22740914,293.21,0.49998316,1
1507107148,22740913,293.22,5.00000000,1
1507107148,22740912,293.24,0.27200000,1
1507107126,22740879,293.11,0.00001684,0
1507107126,22740877,293.11,0.49998316,0
1507107126,22740876,293.09,0.00001684,0
1507107004,22740793,292.51,4.75000000,1
1507107004,22740791,292.69,0.02111147,1
1507107004,22740790,292.70,0.18515810,1
1507106995,22740769,292.69,0.01256891,0
1507106994,22740766,292.69,0.02112834,0
1507106992,22740760,292.19,1.58116294,1
1507106991,22740759,292.19,0.03369725,1
1507106985,22740750,292.19,0.73252535,1
1507106976,22740732,293.09,0.03363434,0
1507106976,22740731,292.19,0.10310408,1
1507106976,22740730,292.20,0.19184900,1
1507106974,22740728,292.19,0.00340991,1
1507106974,22740727,292.19,5.24523671,1
1507106973,22740725,292.19,2.77753329,0
1507106972,22740722,292.19,0.03365118,0
1507106972,22740720,292.19,0.09305601,0
1507106972,22740719,292.19,1.89000000,1
1507106971,22740718,292.56,1.00000000,1
1507106971,22740717,292.58,0.04000000,1
1507106971,22740715,292.59,0.23826950,1
1507106971,22740713,292.93,0.04000000,1
1507106971,22740712,292.96,0.04546696,1
1507106971,22740711,293.00,1.91710557,1
1507106963,22740705,293.00,1.08289443,1
1507106963,22740704,293.06,1.00000000,0
1507106963,22740703,293.20,0.06749659,1
1507106962,22740702,293.20,1.29606000,0
1507106962,22740701,293.23,0.04000000,1
1507106962,22740699,293.38,0.23855147,1
1507106961,22740698,293.40,0.06745058,1
1507106961,22740696,293.41,0.48000000,1
1507106961,22740695,293.48,0.03986238,1
1507106956,22740690,293.48,0.00013762,1
1507106956,22740689,293.60,0.06740463,1
1507106956,22740687,293.68,0.04000000,1
1507106955,22740685,293.80,0.06735875,1
1507106955,22740684,293.83,0.02200000,1
1507106895,22740592,293.83,0.01800000,1
1507106887,22740576,293.85,5.23179128,1
1507106823,22740541,293.85,8.20724100,1
1507106797,22740515,293.85,0.56096772,1
1507106797,22740514,293.85,1.33023228,1
1507106644,22740433,293.94,0.09823343,1
1507106644,22740432,293.95,0.20690000,1
1507106644,22740431,293.96,3.42285338,1
1507106632,22740427,293.91,8.95531791,1
1507106624,22740425,294.07,1.75665525,1
1507106611,22740414,294.22,0.04000000,0
1507106611,22740413,294.22,0.04000000,0
1507105405,22739880,293.92,0.39139259,1
1507105351,22739867,294.53,4.71067675,0
1507105351,22739866,294.00,1.69382325,0
1507105277,22739814,294.00,1.23816235,0
1507105270,22739769,294.00,2.06801440,0
1507105260,22739760,293.85,3.44654075,1
1507105260,22739759,293.94,0.04000000,1
1507105191,22739742,294.02,0.34728008,1
1507105191,22739741,294.09,0.04000000,1
1507105164,22739730,294.63,2.58541965,1
1507105163,22739729,294.62,0.54599238,0
1507105163,22739728,294.50,0.04000000,0
1507105047,22739623,294.20,0.54599238,1
1507105038,22739618,294.18,0.27834000,1
1507105023,22739613,294.71,0.27802681,0
1507105021,22739611,294.68,0.92197319,0
1507104876,22739541,294.14,0.42512645,1
1507104855,22739528,294.14,0.49684674,1
1507104797,22739515,294.71,0.04736860,0
1507104762,22739499,294.62,3.76271355,0
1507104762,22739498,294.50,1.25720411,0
1507104753,22739494,294.50,2.36455008,0
1507104753,22739493,294.46,10.32300000,0
1507104752,22739492,294.45,10.59900000,1
1507104752,22739490,294.45,0.03439460,1
1507104751,22739489,294.45,2.03769740,0
1507104726,22739471,293.85,2.22322697,1
1507104726,22739470,293.90,7.00000000,1
1507104726,22739469,293.91,0.04532000,1
1507104726,22739468,293.92,5.00000000,1
1507104674,22739432,293.97,1.51743374,1
1507104674,22739431,293.97,0.04000000,1
1507104667,22739429,294.00,2.71533896,1
1507104667,22739428,294.00,0.06789116,1
1507104667,22739427,294.00,1.01972250,1
1507104660,22739424,294.00,0.36073750,1
1507104659,22739423,294.09,0.03487874,1
1507104659,22739422,294.12,0.04000000,1
1507104612,22739395,294.23,0.00018707,1
1507104612,22739394,294.25,0.25689955,1
1507104608,22739391,294.25,3.50581400,1
1507104563,22739341,294.23,1.61048394,0
1507104491,22739289,294.23,10.32000000,0
1507104491,22739288,294.28,0.53645363,1
1507104210,22739122,295.00,1.00000000,0
1507104088,22739099,295.00,2.71940485,0
1507104088,22739098,295.00,14.28059515,0
1507104088,22739097,294.96,3.00000000,0
1507103990,22739072,294.99,0.53095270,0
1507103990,22739071,294.99,1.52000000,0
1507103990,22739070,294.99,0.75000000,0
1507103990,22739069,294.98,0.49904730,0
1507103990,22739068,294.98,0.30000000,0
1507103990,22739067,294.71,0.10000000,0
1507103990,22739066,294.71,0.10000000,0
1507103990,22739065,294.71,0.10000000,0
1507103989,22739064,294.71,0.10000000,0
1507103989,22739063,294.71,0.10000000,0
1507103989,22739062,294.71,0.10000000,0
1507103989,22739060,294.71,0.10000000,0
1507103989,22739059,294.46,0.10000000,0
1507103989,22739058,294.46,0.10000000,0
1507103989,22739057,294.46,0.10000000,0
1507103989,22739056,294.46,0.10000000,0
1507103988,22739055,294.46,0.10000000,0
1507103988,22739054,294.46,0.10000000,0
1507103988,22739053,294.46,0.10000000,0
1507103885,22739013,294.23,0.05000000,0
1507103837,22738995,294.26,0.10000000,0
1507103836,22738994,294.26,0.10000000,0
1507103836,22738993,294.26,0.10000000,0
1507103836,22738992,294.26,0.10000000,0
1507103822,22738989,294.26,0.10000000,0
1507103822,22738988,294.26,0.10000000,0
1507103822,22738987,294.26,0.10000000,0
1507103820,22738986,294.25,1.98620413,1
1507103818,22738982,294.23,0.10000000,1
1507103816,22738981,294.24,0.10000000,1
1507103816,22738980,294.24,0.10000000,1
1507103816,22738979,294.24,0.10000000,1
1507103812,22738978,294.24,0.10000000,1
1507103810,22738976,294.23,0.10000000,1
1507103808,22738975,294.23,0.10000000,1
1507103792,22738970,294.12,1.13248000,1
1507103617,22738924,294.15,3.00000000,1
1507103581,22738898,294.61,0.89038836,1
1507103528,22738883,294.98,2.69466191,1
1507103527,22738882,294.98,1.21128000,1
1507103520,22738871,294.98,2.93999990,0
1507103397,22738771,294.71,1.00000000,1
1507103193,22738696,295.00,1.00000000,0
1507103118,22738676,295.00,0.43069058,0
1507103066,22738664,295.00,9.79119274,0
1507103065,22738663,295.00,10.86164186,0
1507103065,22738662,295.00,3.90862900,0
1507103058,22738654,294.99,0.16000000,1
1507103054,22738647,294.99,0.19000000,0
1507102982,22738623,295.00,1.17664406,0
1507102980,22738622,294.99,0.23000000,0
1507102980,22738621,294.99,0.20670000,0
1507102910,22738579,294.37,0.22019405,1
1507102896,22738574,294.37,0.20670000,1
1507102896,22738573,294.53,0.10000000,1
1507102896,22738571,294.53,0.10000000,1
1507102885,22738569,295.00,1.00000000,0
1507102884,22738568,295.00,1.00000000,0
1507102884,22738567,294.53,0.10000000,1
1507102883,22738564,294.68,0.10000000,1
1507102883,22738562,294.68,0.00759163,1
1507102875,22738531,295.00,6.55060661,0
1507102875,22738528,295.00,1.64639902,0
1507102875,22738527,294.99,0.27000000,0
1507102875,22738526,294.96,10.54299437,0
1507102875,22738525,294.95,0.99000000,0
1507102797,22738489,294.68,0.09240837,1
1507102797,22738487,294.68,0.10000000,1
1507102683,22738447,294.79,1.00000000,0
1507102607,22738436,294.98,0.35157400,0
1507102201,22738313,295.00,0.04389600,0
1507102145,22738262,295.00,0.03222300,0
1507102143,22738259,295.00,0.12000000,0
1507102056,22738205,294.50,0.56478313,0
1507102055,22738204,294.54,0.10000000,1
1507102055,22738203,294.54,0.10000000,1
1507102055,22738202,294.54,0.10000000,1
1507102055,22738201,294.74,0.10000000,1
1507102055,22738200,294.74,0.10000000,1
1507102054,22738199,294.74,0.10000000,1
1507102054,22738198,294.89,0.10000000,1
1507102054,22738197,294.89,0.10000000,1
1507102054,22738196,294.89,0.10000000,1
1507101555,22738046,295.00,0.12368000,0
1507101498,22738034,295.00,0.19746300,0
1507101429,22737986,295.00,0.67633898,0
1507101336,22737933,295.00,3.16000000,0
1507101278,22737904,294.98,4.00000000,0
1507101262,22737888,294.89,1.27990134,0
1507101247,22737885,294.89,1.46031600,0
1507101243,22737882,294.89,1.02612600,0
1507100978,22737798,294.45,9.00000000,1
1507100968,22737797,294.45,0.98913228,1
1507100817,22737773,294.30,0.33958333,1
1507100649,22737723,294.87,0.67324583,1
1507100647,22737722,294.49,0.06371454,0
1507100407,22737667,294.81,0.03392015,1
1507100293,22737643,294.17,0.19878596,1
1507100144,22737588,294.00,3.59945400,1
1507100133,22737583,294.02,0.09763469,1
1507099755,22737428,294.72,2.13155800,1
1507099754,22737427,294.72,0.23744200,0
1507098959,22737106,294.86,0.23168500,1
1507098957,22737103,294.89,4.86538195,0
1507098948,22737098,294.23,0.03355800,0
1507098944,22737091,294.01,0.31011811,0
1507098944,22737090,294.01,5.44030029,0
1507098944,22737089,294.01,0.03355900,0
1507098937,22737048,294.01,0.03355800,0
1507098933,22737032,294.01,0.03355900,0
1507098926,22737029,294.01,0.03355900,0
1507098922,22737027,294.01,0.03366600,0
1507098913,22737025,294.03,10.67737526,1
1507098909,22737024,294.00,0.02008600,1
1507098903,22737021,294.01,0.27100000,0
1507098902,22737020,294.01,0.01800000,1
1507098902,22737019,294.15,0.03196834,1
1507098833,22737004,294.18,0.02008600,1
1507098769,22736985,294.99,0.02018200,0
1507098758,22736977,295.05,0.02018300,0
1507098750,22736975,294.99,0.02018200,0
1507098725,22736953,295.03,0.49842900,1
1507098716,22736949,295.01,0.02018000,0
1507098673,22736944,295.02,0.02920800,0
1507098597,22736887,295.06,0.02076900,0
1507098283,22736806,294.96,2.76677966,0
1507098208,22736791,294.92,1.29295200,0
1507098194,22736785,294.80,1.84780200,0
1507098160,22736763,294.37,2.03683763,1
1507098160,22736762,294.40,1.28154679,1
1507098149,22736757,295.03,2.03369100,0
1507098005,22736734,294.40,0.11845321,1
1507097907,22736701,294.59,0.04521538,1
1507097906,22736699,294.65,6.10000000,1
1507097906,22736698,294.71,3.75514400,1
1507097792,22736640,294.71,1.11180482,1
1507097792,22736638,294.90,3.91844599,1
1507097782,22736636,294.90,1.08155401,1
1507097763,22736628,294.93,5.01804629,1
1507097762,22736627,294.94,1.98195371,1
1507097636,22736613,295.49,0.02018200,0
1507097321,22736530,295.56,4.57771687,1
1507097320,22736529,295.50,0.03960487,0
1507097320,22736528,295.39,3.74885969,0
1507097318,22736527,295.38,0.58000000,0
1507097231,22736502,294.78,7.00000000,1
1507096991,22736424,295.08,0.02018300,0
1507096903,22736405,295.05,9.93360000,0
1507096903,22736404,295.04,0.20640000,0
1507096863,22736390,295.05,9.64100000,0
1507096863,22736389,295.02,0.49900000,0
1507096810,22736383,295.06,0.10488700,0
1507096715,22736353,295.00,2.00000000,1
1507096445,22736279,294.85,0.68488826,0
1507096444,22736278,294.85,3.92142031,1
1507096444,22736277,294.87,2.84857969,1
1507096444,22736275,294.88,0.20640000,1
1507096438,22736271,294.87,0.90028000,1
1507096337,22736249,295.10,5.00000000,1
1507096291,22736236,295.49,20.00000000,0
1507096210,22736203,295.46,0.03960489,0
1507096145,22736180,295.52,0.04675444,0
1507096089,22736151,295.18,0.02478100,0
1507096082,22736139,295.16,0.05415813,0
1507096026,22736104,294.97,0.06120067,1
1507096024,22736099,295.00,3.00000000,0
1507096024,22736098,294.99,0.30000000,0
1507096024,22736097,294.97,0.00000040,0
1507096023,22736093,294.97,9.94337100,0
1507095917,22736025,294.97,1.22250358,0
1507095712,22735934,294.94,5.70804760,0
1507095709,22735932,294.75,2.00000000,0
1507095700,22735927,294.75,5.00000000,0
1507095671,22735908,294.70,0.94195240,0
1507095670,22735907,294.68,3.04000000,0
1507095670,22735905,294.67,10.31000000,0
1507095638,22735875,294.10,3.04000000,1
1507095458,22735685,294.25,2.19400000,0
1507095412,22735561,294.00,0.10000000,0
1507095408,22735548,294.00,0.87630000,0
1507095406,22735536,294.00,2.60964035,1
1507095404,22735528,294.17,1.99014693,0
1507095404,22735526,293.97,1.09540498,0
1507095404,22735525,293.97,0.02012648,0
1507095404,22735524,293.96,0.20720000,0
1507095404,22735523,293.96,3.75862819,0
1507095404,22735522,293.54,0.30900000,0
1507095395,22735506,293.34,0.10083195,0
1507095394,22735505,293.33,0.97882905,0
1507095393,22735502,293.33,3.61095200,0
1507095384,22735483,293.34,0.99461286,1
1507095383,22735480,293.34,0.10079212,1
1507095381,22735478,293.34,0.02012648,0
1507095374,22735476,293.34,0.08050000,0
1507095372,22735473,293.32,0.03700000,0
1507095371,22735468,293.32,0.20720000,1
1507095371,22735467,293.33,0.27200000,1
1507095371,22735465,293.34,0.00002738,1
1507095370,22735463,293.34,2.85590022,1
1507095369,22735462,293.34,0.27200000,1
1507095350,22735443,294.97,12.83412502,0
1507095350,22735442,294.88,0.50000000,0
1507095350,22735441,294.80,0.04557602,0
1507095350,22735440,294.45,0.10000000,0
1507095350,22735439,294.41,2.67179250,0
1507095350,22735438,294.35,0.03487874,0
1507095350,22735436,293.88,0.04557602,0
1507095349,22735434,293.80,0.18016590,0
1507095349,22735432,293.80,0.04172672,0
1507095349,22735431,293.79,0.23747869,0
1507095349,22735430,293.77,0.51182475,0
1507095349,22735429,293.75,0.02834645,0
1507095349,22735428,293.72,0.11531673,0
1507095349,22735427,293.72,0.10256410,0
1507095349,22735426,293.69,0.05062836,0
1507095340,22735416,293.31,4.99996056,1
1507095335,22735411,293.34,3.75862819,1
1507095332,22735406,293.32,1.52113876,1
1507095319,22735393,293.69,0.05193574,0
1507095318,22735392,293.66,0.10256410,0
1507095318,22735391,293.63,0.10256410,0
1507095318,22735390,293.52,0.10069301,0
1507095318,22735389,293.51,0.07808247,0
1507095318,22735388,293.50,1.07481058,0
1507095318,22735387,293.49,0.98935000,0
1507095309,22735377,293.49,0.02034100,0
1507095068,22735254,293.49,0.63937913,0
1507094760,22735191,293.23,0.16622300,1
1507094610,22735159,293.24,4.19948210,1
1507094608,22735153,293.23,10.10996311,1
1507094405,22735121,293.03,0.20000000,1
1507093808,22734994,293.35,1.11500360,0
1507093773,22734985,293.36,2.11092502,0
1507093728,22734959,293.06,2.55000000,1
1507093727,22734957,293.07,4.28000000,1
1507093697,22734939,293.02,3.77119420,1
1507093697,22734937,293.03,4.74000000,1
1507093697,22734936,293.04,10.20000000,1
1507093695,22734935,293.05,1.44239580,1
1507093541,22734912,293.11,0.71638800,0
1507093533,22734909,293.11,1.09000000,0
1507093528,22734904,293.12,3.75999515,1
1507093486,22734896,293.51,0.02267561,0
1507093486,22734895,293.44,0.00000039,0
1507093473,22734893,293.44,4.99999961,0
1507093472,22734892,293.43,0.32556039,0
1507092905,22734749,292.99,0.32556039,1
1507092169,22734638,293.51,0.00004343,1
1507092167,22734632,293.51,3.37163797,1
1507092166,22734628,293.51,0.10076141,1
1507092165,22734625,293.51,3.45393394,1
1507092164,22734624,293.51,1.23679118,1
1507092163,22734620,293.51,1.23678712,1
1507092162,22734616,293.51,4.14004495,1
1507092126,22734614,293.51,0.30092218,0
1507092126,22734613,293.50,3.75737782,0
1507092126,22734612,293.49,0.20770000,0
1507092050,22734605,293.49,1.17738382,0
1507092049,22734604,292.85,2.22413218,0
1507092045,22734603,292.86,3.75737782,1
1507092045,22734602,292.87,0.20770000,1
1507092035,22734590,293.60,6.18113079,1
1507092033,22734588,293.52,0.61402062,0
1507091408,22734488,293.52,0.04286500,0
1507091251,22734465,293.50,1.43909438,1
1507091251,22734464,293.50,0.30000000,0
1507091251,22734463,293.43,0.10266562,0
1507090915,22734427,293.40,0.10266562,0
1507090915,22734426,293.37,0.10268665,0
1507090915,22734425,293.37,0.10266562,0
1507090915,22734424,293.34,0.10268665,0
1507090903,22734423,293.34,0.10266562,0
1507090903,22734422,293.31,0.10268665,0
1507090903,22734421,293.28,0.01904646,0
1507090903,22734420,293.14,0.04416901,0
1507090903,22734419,293.13,0.10077416,0
1507090629,22734358,292.74,0.61402062,1
1507090629,22734357,292.77,6.92170205,1
1507090402,22734321,293.14,0.54318755,1
1507090400,22734319,293.13,3.75512790,0
1507090356,22734309,292.83,2.69556688,0
1507090356,22734308,292.82,0.27300000,0
1507089640,22734113,292.54,2.53000000,0
1507089609,22734105,292.30,0.27300000,1
1507089609,22734104,292.52,6.64870205,1
1507089608,22734103,292.52,16.75550000,1
1507089606,22734101,292.52,14.80529900,1
1507089606,22734100,292.82,0.22138072,0
1507089599,22734097,292.52,13.53444259,1
1507089569,22734092,292.83,2.50372764,0
1507089523,22734087,292.82,2.02830383,0
1507089487,22734075,292.83,1.80070627,0
1507089216,22734025,292.83,0.78841710,1
1507089167,22734010,292.82,0.20780000,0
1507089167,22734009,292.81,1.00378290,0
1507089101,22733996,292.15,4.21429654,1
1507089047,22733980,292.41,5.00000000,1
1507088839,22733960,292.55,1.65263181,1
1507088838,22733959,292.58,7.89480409,1
1507088838,22733958,292.69,0.10256410,1
1507088838,22733957,292.70,10.35000000,1
1507088597,22733896,292.71,1.69727276,1
1507088597,22733895,292.72,0.20780000,1
1507088585,22733893,292.71,3.98740635,1
1507088585,22733892,292.71,3.65231841,1
1507088585,22733891,292.72,0.10256410,1
1507088584,22733890,292.75,0.10256410,1
1507088583,22733889,292.78,0.10256410,1
1507088583,22733888,293.00,0.06104069,1
1507088583,22733887,293.00,0.21853347,1
1507088540,22733881,293.00,19.65800000,1
1507088397,22733861,293.28,0.04415575,0
1507088396,22733860,293.14,0.10060822,0
1507088376,22733857,293.00,0.35385666,1
1507088364,22733854,293.00,0.08846416,1
1507088358,22733850,293.00,0.04423208,1
1507088350,22733847,293.00,0.04423208,1
1507088348,22733846,293.00,0.10069557,1
1507088347,22733842,293.00,0.23425992,1
1507088032,22733817,293.28,0.00003409,0
1507088032,22733816,293.14,0.13061824,1
1507088030,22733815,293.14,0.03946866,0
1507088008,22733812,293.28,0.03945035,0
1507088007,22733811,293.14,0.04557602,0
1507087972,22733807,293.00,2.22436135,1
1507087954,22733802,293.00,6.83000000,1
1507087953,22733801,293.00,0.11547200,1
1507087952,22733800,293.00,6.83000000,1
1507087948,22733799,293.00,0.41899900,1
1507087939,22733797,293.00,6.35282800,1
1507087938,22733795,293.00,4.00366686,1
1507087932,22733794,293.02,0.10280949,0
1507087926,22733793,293.00,12.85155570,0
1507087926,22733792,292.99,0.28054158,0
1507087926,22733791,292.96,2.84008380,0
1507087926,22733790,292.84,2.44917708,0
1507087744,22733766,292.96,1.21180600,0
1507087701,22733748,292.29,0.10067708,1
1507087649,22733736,292.92,0.65000000,0
1507087649,22733735,292.92,0.35000000,0
1507087546,22733724,292.53,2.99850000,1
1507087509,22733720,293.00,6.26394900,0
1507087219,22733642,293.00,3.99034400,0
1507087218,22733641,293.00,2.42462302,0
1507087218,22733640,292.99,0.10280949,0
1507087218,22733639,292.96,0.10280949,0
1507087212,22733638,292.70,0.10292206,0
1507087212,22733637,292.67,0.10292206,0
1507087212,22733636,292.64,0.10292206,0
1507087212,22733635,292.63,0.63259776,0
1507087017,22733612,292.19,0.35000000,1
1507086587,22733582,292.63,0.07510600,0
1507086569,22733578,292.61,0.10292206,0
1507086568,22733577,292.49,0.65497812,0
1507086568,22733576,292.49,0.65370985,0
1507086568,22733575,292.49,0.69069547,0
1507086568,22733574,292.20,0.28638429,0
1507086432,22733532,292.20,0.36725700,0
1507086420,22733522,292.20,0.56596020,0
1507086420,22733521,292.18,3.33395611,0
1507086420,22733520,292.17,0.20850000,0
1507086420,22733519,292.17,1.76260860,0
1507086223,22733492,292.17,2.00000000,0
1507085784,22733452,291.62,8.97809835,1
1507085783,22733451,291.66,3.76260860,0
1507085783,22733450,291.68,2.05579305,1
1507085783,22733449,291.68,0.20850000,0
1507085244,22733397,292.15,9.52759300,0
1507085237,22733395,292.07,6.04000000,0
1507085025,22733366,292.18,0.52736800,0
1507085008,22733362,292.18,19.99993174,0
1507084998,22733359,292.18,3.02779864,0
1507084988,22733356,292.18,8.10594551,0
1507084987,22733355,292.17,2.13805449,0
1507084912,22733350,291.66,0.74335819,1
1507084875,22733349,291.68,2.13805449,1
1507084865,22733345,292.20,0.12223300,0
1507084682,22733292,292.11,0.00000040,1
1507084681,22733291,292.11,1.77776700,1
1507084678,22733290,292.11,0.12223260,1
1507084644,22733286,292.11,2.05430187,0
1507084474,22733269,292.11,1.71153495,0
1507084474,22733268,292.07,2.05430205,0
1507084419,22733249,291.43,6.03665579,1
1507084419,22733248,291.45,13.57948320,1
1507084408,22733246,291.94,0.38386101,1
1507084407,22733245,291.94,7.45100000,1
1507084332,22733241,291.94,7.61909253,1
1507084292,22733232,291.94,0.10182000,1
1507084281,22733230,291.94,0.10186200,1
1507084266,22733227,291.94,3.00000000,1
1507084259,22733226,291.94,0.09900000,1
1507084234,22733223,291.94,3.61668107,1
1507084211,22733214,291.95,2.04761174,1
1507084120,22733207,291.94,0.10290900,1
1507084117,22733206,291.94,0.06049000,1
1507084062,22733196,291.94,73.73700000,1
1507084053,22733194,291.94,3.62309400,1
1507084048,22733171,291.94,0.10319039,0
1507083308,22733054,291.50,13.85346457,0
1507083308,22733053,291.47,7.08779343,0
1507083256,22733045,291.46,3.23376000,0
1507083193,22733042,291.50,0.05971000,1
1507083179,22733036,291.51,0.29347000,0
1507083170,22733033,291.51,20.00000000,0
1507083167,22733031,291.51,4.94029000,0
1507083151,22733029,291.51,0.05971000,0
1507083150,22733028,291.51,0.05971000,0
1507083130,22733025,291.44,2.05874279,1
1507083111,22733022,291.55,10.00000000,0
1507083096,22733021,290.98,1.03104757,0
1507083095,22733020,291.00,0.10319039,1
1507083095,22733019,291.15,0.21027790,1
1507083095,22733018,291.15,0.04246154,1
1507083093,22733017,291.23,0.32026260,1
1507083085,22733014,291.23,8.75199800,1
1507083085,22733013,291.50,0.88576300,1
1507083085,22733012,291.58,0.72600000,1
1507083079,22733011,291.80,3.67000000,0
1507083079,22733010,291.79,0.33000000,0
1507083063,22733009,291.79,2.51160000,0
1507083047,22733005,291.79,0.27400000,0
1507082860,22732992,292.15,0.72600000,0
1507082858,22732991,292.15,0.72600000,0
1507082848,22732990,291.56,0.65497812,1
1507082848,22732989,291.56,0.65370985,1
1507082848,22732988,291.83,0.27400000,0
1507082839,22732987,291.56,0.68819320,1
1507082839,22732986,291.56,0.65364129,1
1507082838,22732985,291.56,0.69069547,1
1507082747,22732938,291.50,4.11423700,1
1507082737,22732931,291.56,0.27400000,1
1507082737,22732930,291.58,0.73754695,1
1507082736,22732929,291.68,0.10292206,1
1507082736,22732928,291.70,0.10292206,1
1507082731,22732921,291.71,1.21743500,0
1507082722,22732915,291.77,1.58541758,0
1507082722,22732914,291.73,0.10292206,1
1507082722,22732913,291.76,0.10292206,1
1507082715,22732911,291.81,1.44238106,1
1507082702,22732903,292.20,3.76123751,1
1507082702,22732902,292.26,1.51629149,1
1507082702,22732901,292.26,1.60309800,1
1507082700,22732899,292.26,1.07884000,1
1507082699,22732898,292.26,1.72053349,1
1507082693,22732895,292.26,4.84143571,1
1507082681,22732879,292.27,0.46240000,0
1507082679,22732877,292.26,18.35282118,1
1507082679,22732876,292.27,5.00000000,1
1507082679,22732875,292.27,0.11117882,1
1507081601,22732708,292.26,3.01238694,1
1507081600,22732707,292.34,0.10268665,1
1507081600,22732705,292.37,0.10268665,1
1507081600,22732701,292.40,0.10268665,1
1507081598,22732699,292.43,0.10268665,1
1507081352,22732642,292.93,0.10280949,0
1507081352,22732641,292.92,2.85413250,0
1507081117,22732574,292.90,1.93000000,1
1507080906,22732552,292.73,8.25000000,0
1507080645,22732525,292.51,0.34368000,0
1507080536,22732507,292.86,0.85606861,0
1507080536,22732506,292.76,0.10290093,0
1507080536,22732505,292.74,2.73232767,0
1507080536,22732504,292.73,0.10290093,0
1507080536,22732503,292.70,0.10290093,0
1507080536,22732502,292.67,0.10290093,0
1507080511,22732501,292.59,3.35567306,0
1507080505,22732500,292.66,0.04808793,0
1507080476,22732492,292.57,0.43676638,0
1507080396,22732484,291.68,1.94432575,0
1507080395,22732483,291.73,0.41326972,1
1507080395,22732482,291.82,5.00000000,0
1507080394,22732481,291.99,0.10280949,1
1507080394,22732480,292.02,0.10280949,1
1507080394,22732479,292.05,0.10280949,1
1507080392,22732478,292.08,0.10280949,1
1507080356,22732472,292.58,0.07922391,0
1507080348,22732469,292.59,0.38281100,0
1507080347,22732467,292.59,0.02032000,0
1507080182,22732410,292.31,0.02897609,0
1507080126,22732402,292.21,2.05331782,0
1507080123,22732398,292.25,0.10000000,0
1507080084,22732371,292.33,2.10000000,0
1507080074,22732366,291.51,7.83444506,0
1507080070,22732365,291.44,12.49003317,0
1507080069,22732364,291.74,0.10290093,1
1507080069,22732363,291.76,0.10290093,1
1507080068,22732362,291.79,0.10290093,1
1507080068,22732361,291.82,0.10290093,1
1507080067,22732359,292.23,0.62690600,0
1507080067,22732358,292.23,11.47145711,1
1507080016,22732349,292.23,1.16894000,1
1507079956,22732346,292.23,3.76965980,1
1507079956,22732345,292.24,0.20820000,1
1507079956,22732344,292.26,3.48619920,1
1507079956,22732343,292.27,3.08000000,1
1507079897,22732318,292.26,7.26418314,0
1507079855,22732310,292.25,0.26700600,1
1507079721,22732299,292.32,57.00000000,1
1507079092,22732175,292.73,9.83349844,1
1507079089,22732174,292.74,2.10767233,1
1507079089,22732172,292.63,0.04557602,0
1507079088,22732171,292.63,0.10294671,0
1507079088,22732170,292.60,0.10294671,0
1507079088,22732169,292.57,0.10294671,0
1507079087,22732168,292.54,0.10294671,0
1507079087,22732167,292.50,0.30080435,0
1507079087,22732166,292.44,0.09309295,0
1507079086,22732165,292.29,0.10306664,0
1507079086,22732164,292.26,0.10306664,0
1507079086,22732163,292.25,0.10308077,0
1507079084,22732162,292.23,0.10306664,0
1507078835,22732123,292.20,0.10306664,0
1507078835,22732122,291.84,13.68378482,0
1507078823,22732116,291.84,2.00000000,0
1507078792,22732106,291.84,0.07342100,0
1507078643,22732085,291.84,10.22437800,0
1507078638,22732084,291.84,2.16405094,0
1507078638,22732083,291.84,1.02483642,0
1507078638,22732082,291.83,0.27400000,0
1507078290,22731999,291.85,6.91259291,0
1507078194,22731982,291.78,0.97115000,0
1507078194,22731981,291.76,0.02885000,0
1507077927,22731928,291.18,0.02885000,1
1507077677,22731828,291.59,3.76332091,0
1507077321,22731701,291.15,0.16781636,1
1507077321,22731700,291.23,0.27400000,1
1507077321,22731699,291.27,0.10306664,1
1507077312,22731698,291.30,0.10306664,1
1507077312,22731697,291.32,0.10306664,1
1507077312,22731696,291.33,0.00000020,1
1507077311,22731695,291.34,6.54564300,1
1507077311,22731694,291.35,0.10934102,1
1507077273,22731692,291.34,2.35880100,1
1507077272,22731691,291.37,8.90444400,1
1507077257,22731688,291.33,8.58416140,1
1507077257,22731687,291.33,0.16014130,1
1507077257,22731686,291.33,0.16014130,1
1507076828,22731629,291.34,4.98910000,0
1507076779,22731620,291.35,0.10306664,1
1507076778,22731619,291.67,5.47182220,0
1507076713,22731612,291.85,7.83920277,0
1507076682,22731607,291.37,0.75192200,0
1507076681,22731606,291.36,0.21000000,0
1507076540,22731569,291.20,6.82947790,1
1507076489,22731547,291.21,0.13055600,1
1507076476,22731545,291.15,0.21027790,1
1507076476,22731544,291.15,0.21027790,1
1507076476,22731543,291.18,8.48388840,1
1507076476,22731542,291.19,5.00000000,1
1507076124,22731469,291.44,8.97140000,0
1507076115,22731467,291.45,0.20860000,0
1507076025,22731449,291.74,1.18986083,0
1507075884,22731422,291.30,10.37000020,1
1507075884,22731421,291.31,5.00000000,1
1507075883,22731420,291.31,0.10308077,1
1507075873,22731418,291.50,0.04562607,1
1507075873,22731417,291.51,0.20860000,1
1507075789,22731403,291.65,2.05590202,1
1507075789,22731402,291.67,3.76332091,1
1507075604,22731353,292.27,11.51351102,0
1507075336,22731313,291.81,3.20948300,0
1507075336,22731312,291.82,10.37000000,1
