date,tid,price,amount,type
1507159997,22777797,1.17211,12.44084,1
1507158078,22777029,1.17008,64.46044,1
1507158078,22777028,1.17016,5.53956,1
1507158045,22777014,1.17008,5.99880,1
1507158043,22777013,1.17008,0.40428,1
1507158043,22777012,1.17139,5.58972,1
1507157075,22776628,1.17008,100.00000,1
1507156188,22776253,1.17008,44.94767,1
1507156187,22776251,1.17078,5.05233,1
1507156178,22776239,1.17008,87.66571,1
1507156177,22776238,1.17008,7.19431,1
1507156177,22776237,1.17075,5.13998,1
1507155676,22775981,1.17007,50.00000,1
1507155666,22775978,1.17007,100.00000,1
1507154780,22775500,1.17007,247.28435,1
1507154753,22775471,1.17007,216.64140,1
1507154719,22775451,1.17007,573.72357,1
1507154716,22775441,1.17010,559.07000,0
1507154714,22775440,1.17010,128.54287,1
1507154712,22775436,1.17010,371.45713,1
1507154712,22775434,1.17010,79.15046,1
1507154712,22775431,1.17010,237.00863,1
1507154697,22775414,1.17010,111.89000,1
1507154695,22775411,1.17010,210.19998,1
1507154690,22775402,1.17010,90.75500,1
1507154684,22775398,1.17010,270.99593,1
1507154684,22775397,1.17010,6.83702,1
1507154684,22775396,1.17024,0.00131,1
1507154683,22775395,1.17024,20.03574,1
1507154673,22775384,1.17024,291.93000,1
1507154666,22775378,1.17024,166.73426,1
1507154666,22775376,1.17024,42.06886,1
1507154666,22775375,1.17024,42.02534,1
1507154665,22775374,1.17024,42.03522,1
1507154665,22775373,1.17024,253.49927,1
1507154665,22775372,1.17024,141.67000,1
1507154662,22775365,1.17025,658.95364,1
1507154660,22775362,1.17025,453.57131,1
1507154601,22775327,1.17025,687.35102,1
1507154596,22775323,1.17025,687.35102,1
1507154591,22775314,1.17025,687.35102,1
1507154586,22775308,1.17025,453.12176,1
1507154577,22775291,1.17025,125.59957,1
1507154551,22775244,1.17025,190.29928,1
1507154548,22775238,1.17025,236.08999,1
1507154548,22775235,1.17025,43.36950,1
1507154546,22775229,1.17036,219.00000,1
1507154358,22775142,1.17025,68.27601,1
1507153739,22774841,1.17517,99.47580,1
1507153719,22774825,1.17517,8.40067,1
1507153695,22774737,1.17026,150.00000,1
1507153669,22774668,1.17044,219.52355,1
1507153638,22774606,1.17045,209.90297,1
1507153528,22774452,1.17045,32.19000,1
1507153296,22774236,1.17026,50.00000,1
1507152206,22773519,1.17026,50.00000,1
1507151886,22773250,1.17025,258.51670,1
1507151846,22773228,1.17025,258.37656,1
1507151843,22773224,1.17027,269.78179,0
1507151842,22773222,1.17026,0.86096,0
1507151837,22773203,1.17026,312.91041,0
1507151834,22773200,1.17025,46.16999,1
1507151832,22773197,1.17026,64.22440,0
1507151832,22773196,1.17026,378.54108,0
1507151816,22773183,1.17025,145.60263,1
1507151816,22773182,1.17026,58.02419,1
1507151816,22773181,1.17026,319.97158,1
1507151814,22773176,1.17027,6.63510,0
1507151811,22773171,1.17027,270.30289,1
1507151810,22773170,1.17147,6.63510,1
1507151431,22772918,1.17027,91.34850,1
1507151431,22772917,1.17128,8.65150,1
1507151140,22772430,1.17117,31.11162,0
1507151139,22772429,1.17027,60.53144,1
1507151139,22772428,1.17027,62.39389,1
1507151139,22772427,1.17118,31.11162,1
1507151126,22772421,1.17447,38.68280,1
1507151123,22772417,1.17446,32.02000,1
1507151123,22772415,1.17446,93.77243,1
1507151123,22772414,1.17446,364.54410,1
1507151122,22772412,1.17446,0.00003,1
1507151119,22772407,1.17410,364.54407,0
1507151024,22772320,1.17027,127.02004,1
1507151005,22772313,1.17027,93.50551,1
1507150995,22772302,1.17027,30.28651,1
1507150995,22772299,1.17117,37.97567,1
1507150898,22772235,1.17410,165.83620,1
1507150898,22772234,1.17410,165.83620,1
1507150898,22772233,1.17410,161.23780,1
1507150896,22772231,1.17410,4.59840,1
1507150896,22772229,1.17410,165.83620,1
1507150896,22772228,1.17410,165.83620,1
1507150896,22772226,1.17410,0.00001,1
1507150894,22772216,1.17396,165.83619,0
1507150891,22772203,1.17412,177.17478,1
1507150890,22772201,1.17405,461.52942,0
1507150887,22772198,1.17026,958.37187,1
1507150886,22772197,1.17118,53.40683,1
1507150886,22772193,1.17407,42.15534,1
1507150885,22772188,1.17407,418.78466,1
1507150884,22772187,1.17216,428.90000,0
1507150884,22772186,1.17165,32.04000,0
1507150884,22772184,1.17117,0.07647,0
1507150883,22772183,1.17117,53.48330,1
1507150875,22772157,1.17409,0.00002,0
1507150875,22772156,1.17408,890.00000,0
1507150875,22772155,1.17117,67.04046,0
1507150815,22772088,1.17026,327.39677,1
1507150812,22772083,1.17026,327.39677,1
1507150730,22772030,1.17026,739.95328,1
1507150715,22772020,1.17026,846.07827,1
1507150713,22772013,1.17026,115.40883,1
1507150706,22771991,1.17117,0.00001,1
1507150705,22771989,1.17117,66.69534,1
1507150702,22771987,1.17409,196.60640,0
1507150702,22771986,1.17408,79.35900,0
1507150698,22771977,1.17027,292.42710,1
1507150698,22771975,1.17027,17.57290,1
1507150694,22771971,1.17427,335.24606,1
1507150693,22771967,1.17427,77.24956,1
1507150692,22771965,1.17427,67.50438,1
1507150692,22771964,1.17427,76.87030,1
1507150692,22771962,1.17427,76.87030,1
1507150692,22771961,1.17427,76.87030,1
1507150691,22771959,1.17427,4.83411,1
1507150691,22771958,1.17427,72.03619,1
1507150691,22771957,1.17427,4.83411,1
1507150690,22771956,1.17427,72.03619,1
1507150689,22771954,1.17117,75.23082,1
1507150689,22771952,1.17427,1.72282,1
1507150689,22771951,1.17427,75.14748,0
1507150688,22771950,1.17426,76.87030,0
1507150688,22771949,1.17426,76.87030,0
1507150688,22771948,1.17426,76.87030,0
1507150688,22771947,1.17426,76.87030,0
1507150688,22771946,1.17426,76.87030,0
1507150688,22771944,1.17426,76.87030,0
1507150687,22771942,1.17427,0.00003,0
1507150687,22771941,1.17118,76.87027,0
1507150678,22771934,1.17117,0.28536,0
1507150677,22771931,1.17117,78.14642,1
1507150671,22771927,1.17118,73.11929,1
1507150669,22771918,1.17117,5.02713,0
1507150668,22771917,1.17117,79.35901,1
1507150666,22771912,1.17427,4.60678,1
1507150665,22771911,1.17427,75.14752,1
1507150661,22771908,1.17135,79.35901,1
1507150576,22771876,1.17171,79.99073,1
1507150332,22771735,1.17026,310.62275,1
1507150331,22771730,1.17026,62.91094,1
1507150331,22771729,1.17124,82.61130,1
1507150295,22771714,1.17494,79.54517,1
1507150258,22771684,1.17485,32.49000,1
1507150249,22771679,1.17275,32.37000,0
1507150244,22771677,1.17455,316.10404,0
1507150244,22771676,1.17455,605.08612,0
1507150207,22771651,1.17133,88.41516,1
1507150085,22771531,1.17134,88.91250,1
1507150007,22771470,1.17455,28.45955,1
1507150006,22771469,1.17455,55.09695,1
1507150006,22771467,1.17455,83.55650,1
1507150006,22771466,1.17455,83.55650,1
1507150006,22771465,1.17455,83.55650,1
1507150006,22771464,1.17455,83.55650,1
1507150006,22771462,1.17455,20.71612,1
1507150006,22771461,1.17455,18.42227,1
1507150005,22771458,1.17455,44.41811,1
1507150005,22771457,1.17455,83.55650,1
1507150005,22771456,1.17455,83.55650,1
1507150005,22771455,1.17455,83.55650,1
1507150005,22771454,1.17455,83.55650,1
1507150004,22771453,1.17455,83.55650,1
1507150004,22771452,1.17455,83.55650,1
1507150004,22771450,1.17455,0.00113,1
1507150004,22771449,1.17456,17.98711,1
1507150002,22771445,1.17456,83.77680,1
1507150002,22771443,1.17455,83.55537,1
1507150002,22771442,1.17455,0.00004,1
1507150000,22771439,1.17117,83.55646,0
1507149999,22771436,1.17027,211.68193,1
1507149998,22771434,1.17027,160.80024,1
1507149994,22771429,1.17026,991.88894,1
1507149994,22771428,1.17110,3604.98200,1
1507149994,22771427,1.17111,24.02413,1
1507149994,22771426,1.17117,82.96470,1
1507149991,22771424,1.17117,24.23546,1
1507149988,22771415,1.17134,110.72502,1
1507149913,22771361,1.17182,118.10575,1
1507149629,22771227,1.17190,9.93326,1
1507149418,22771150,1.17111,0.09340,1
1507149418,22771149,1.17140,140.57660,1
1507149317,22771128,1.17111,57.89203,1
1507149315,22771127,1.17229,142.10797,1
1507148338,22770669,1.17462,27.10779,1
1507148326,22770662,1.17117,0.00002,0
1507148326,22770661,1.17117,28.86050,0
1507148317,22770655,1.17111,151.89699,1
1507148317,22770654,1.17117,28.72816,1
1507148313,22770647,1.17123,28.95895,1
1507148280,22770632,1.17125,0.25852,0
1507148279,22770631,1.17125,34.10876,1
1507148275,22770623,1.17124,31.29227,1
1507147962,22770414,1.17456,40.86667,1
1507147961,22770413,1.17456,88.03340,1
1507147961,22770412,1.17456,88.03340,1
1507147961,22770410,1.17456,88.03340,1
1507147961,22770407,1.17456,26.68312,1
1507147956,22770401,1.17456,9.24059,1
1507147956,22770400,1.17457,58.93202,1
1507147948,22770392,1.17456,32.54000,1
1507147947,22770391,1.17456,19.56969,1
1507147947,22770390,1.17456,30.19363,1
1507147945,22770388,1.17456,57.83977,1
1507147945,22770387,1.17456,88.03340,1
1507147945,22770386,1.17456,88.03338,1
1507147944,22770383,1.17117,0.00002,0
1507147944,22770382,1.17117,88.03340,0
1507147942,22770343,1.17117,15.88983,1
1507147942,22770341,1.17117,87.48955,1
1507147558,22770124,1.17124,71.50657,1
1507147496,22770090,1.17111,80.69634,1
1507147496,22770089,1.17112,177.01035,1
1507147318,22769963,1.17111,48.88088,1
1507147318,22769962,1.17212,0.00437,1
1507147316,22769960,1.17212,109.22090,1
1507146489,22769550,1.17454,75.80158,1
1507146488,22769547,1.17454,89.12239,1
1507146488,22769546,1.17454,134.27465,1
1507146487,22769545,1.17454,75.79138,1
1507146485,22769544,1.17454,55.51897,1
1507146485,22769543,1.17454,138.10103,1
1507146483,22769530,1.17454,127.48397,1
1507146483,22769528,1.17454,140.37138,1
1507146480,22769524,1.17454,125.21362,1
1507146480,22769523,1.17454,66.76793,1
1507146478,22769517,1.17454,198.81707,1
1507146478,22769516,1.17454,68.85369,1
1507146476,22769514,1.17454,18.42342,1
1507146476,22769510,1.17454,178.30789,1
1507146476,22769508,1.17454,13.82703,1
1507146476,22769507,1.17455,258.08974,1
1507146475,22769503,1.17454,251.75797,1
1507146475,22769502,1.17454,265.58500,1
1507146474,22769501,1.17454,265.58500,1
1507146474,22769500,1.17454,265.58500,1
1507146474,22769499,1.17454,0.00003,1
1507146472,22769498,1.17111,265.58497,0
1507146465,22769493,1.17111,264.28595,1
1507146158,22769360,1.17111,176.81802,0
1507146157,22769355,1.17110,408.32669,1
1507146157,22769354,1.17111,249.68176,1
1507146156,22769352,1.17118,267.65887,1
1507146125,22769329,1.17143,50.18733,0
1507146124,22769328,1.17143,221.52186,1
1507146123,22769326,1.17143,48.79729,1
1507145986,22769284,1.17175,18.42625,1
1507145901,22769247,1.17155,273.02148,1
1507145738,22769147,1.17117,18.42362,1
1507145709,22769115,1.17223,9.96562,0
1507145222,22768904,1.17198,41.29346,1
1507145186,22768829,1.17189,217.72161,1
1507144923,22768735,1.17126,50.00000,1
1507144856,22768700,1.17581,424.17832,0
1507144791,22768661,1.17110,905.24392,1
1507144791,22768660,1.17111,844.29413,1
1507144790,22768659,1.17111,338.17388,1
1507144790,22768658,1.17135,265.49666,1
1507144766,22768640,1.17129,19.44136,1
1507144688,22768553,1.17245,267.90425,1
1507144131,22768095,1.17243,223.97711,0
1507143605,22767729,1.17459,225.43834,1
1507143544,22767705,1.17444,79.76568,1
1507143511,22767681,1.17435,0.00003,0
1507143511,22767680,1.17435,18.04257,0
1507143511,22767679,1.17432,1000.00000,0
1507143510,22767678,1.17432,1070.70123,0
1507142842,22767339,1.17212,75.00000,0
1507142491,22767158,1.17129,70.00000,1
1507142420,22767103,1.17111,24.99663,1
1507142420,22767102,1.17162,258.69726,1
1507142409,22767080,1.17158,260.52852,1
1507142265,22766998,1.17434,1269.42841,1
1507142236,22766984,1.17434,281.00891,1
1507142234,22766983,1.17434,375.50654,0
1507142094,22766918,1.17437,17.94801,1
1507142093,22766916,1.17437,246.75246,1
1507142084,22766910,1.17435,18.35424,1
1507142020,22766864,1.17423,37.43000,1
1507142010,22766854,1.17421,302.27049,1
1507142010,22766853,1.17421,21.32455,1
1507142010,22766852,1.17423,27.80496,1
1507142009,22766851,1.17422,279.43999,0
1507142009,22766849,1.17421,354.18195,1
1507142008,22766847,1.17421,375.50650,1
1507142008,22766846,1.17422,45.67155,1
1507142008,22766844,1.17422,327.12207,1
1507142006,22766838,1.17422,2.71288,1
1507142006,22766837,1.17422,375.50650,1
1507142006,22766836,1.17422,375.50650,1
1507142002,22766830,1.17113,310.85939,1
1507141999,22766826,1.17111,310.61679,1
1507141999,22766825,1.17111,273.10968,1
1507141999,22766822,1.17113,0.00179,1
1507141998,22766821,1.17113,169.99821,1
1507141997,22766819,1.17112,206.93484,1
1507141992,22766815,1.17111,158.11551,1
1507141992,22766814,1.17113,163.44156,1
1507141990,22766806,1.17112,153.37999,0
1507141990,22766805,1.17112,166.62001,1
1507141990,22766803,1.17112,153.37999,1
1507141986,22766797,1.17159,316.81732,1
1507141922,22766752,1.17593,184.49290,0
1507141802,22766672,1.17121,329.01484,1
1507141797,22766670,1.17119,231.39853,1
1507141777,22766652,1.17153,75.52517,1
1507141626,22766550,1.17200,52.22697,1
1507141271,22766182,1.17131,60.00000,1
1507141212,22766108,1.17200,32.06000,1
1507140858,22765836,1.17282,5.38075,1
1507140221,22765546,1.17371,60.00000,1
1507139896,22765344,1.17594,443.04132,0
1507139892,22765342,1.17594,443.04885,0
1507139138,22764916,1.17123,60.00000,1
1507139096,22764889,1.17594,71.73559,0
1507139090,22764884,1.17578,63.02000,1
1507138938,22764780,1.17146,100.00000,1
1507138809,22764640,1.17227,183.17504,0
1507138804,22764634,1.17226,0.68946,0
1507138803,22764632,1.17226,183.89856,1
1507137718,22763714,1.17112,42.35998,1
1507137718,22763713,1.17118,7.64002,1
1507137708,22763709,1.17112,92.30132,1
1507137708,22763708,1.17115,7.69868,1
1507137547,22763602,1.17587,501.54390,0
1507136931,22763132,1.17111,386.21209,1
1507136931,22763131,1.17218,10.64654,1
1507136609,22762831,1.17590,50.61000,0
1507136495,22762751,1.17110,21.79035,1
1507136495,22762750,1.17111,23.01784,1
1507136495,22762749,1.17118,15.19181,1
1507136484,22762740,1.17112,84.65477,1
1507136484,22762739,1.17115,15.34523,1
1507135919,22762337,1.17604,44.74000,0
1507135907,22762333,1.17588,260.97000,0
1507135272,22761687,1.17110,59.65704,1
1507135272,22761686,1.17111,10.34296,1
1507135263,22761683,1.17111,34.93045,1
1507135263,22761682,1.17125,58.16277,1
1507135263,22761681,1.17140,6.90678,1
1507134355,22761055,1.17125,109.03999,1
1507134355,22761054,1.17620,355.86541,1
1507134353,22761047,1.17125,580.34579,1
1507134351,22761044,1.17125,295.75205,1
1507134331,22761024,1.17125,186.99558,1
1507134329,22761022,1.17125,80.58639,1
1507134324,22761015,1.17125,80.58639,1
1507134321,22761012,1.17125,393.28070,1
1507134320,22761010,1.17125,196.96798,1
1507134319,22761005,1.17125,197.06499,1
1507134316,22761001,1.17125,393.28070,1
1507134311,22760996,1.17125,0.52770,1
1507134311,22760995,1.17126,104.62482,1
1507134138,22760894,1.17126,542.00537,1
1507134132,22760884,1.17126,128.86675,1
1507134121,22760866,1.17126,761.92951,1
1507134118,22760864,1.17126,748.67727,0
1507134117,22760861,1.17126,952.68345,1
1507134093,22760838,1.17126,79.86015,1
1507134093,22760836,1.17126,80.00000,1
1507134088,22760831,1.17126,79.86015,1
1507134080,22760823,1.17126,100.00000,1
1507133990,22760755,1.17127,59.16216,1
1507133990,22760754,1.17331,0.06949,1
1507133710,22760468,1.17127,100.10051,0
1507133691,22760450,1.17127,32.66000,0
1507133689,22760448,1.17127,53.79000,0
1507133686,22760444,1.17127,90.98000,0
1507133681,22760437,1.17127,12.46949,0
1507133678,22760433,1.17127,210.00000,1
1507133466,22760300,1.17625,374.27314,0
1507133456,22760281,1.17500,0.00001,0
1507133454,22760279,1.17500,99.99999,0
1507133391,22760147,1.17597,255.51576,1
1507133389,22760141,1.17596,64.85273,1
1507133388,22760127,1.17595,81.69089,1
1507133008,22759612,1.17125,87.59820,1
1507133000,22759602,1.17125,70.00000,1
1507132992,22759588,1.17125,128.72248,1
1507132990,22759584,1.17125,100.00000,1
1507132986,22759578,1.17125,128.68669,1
1507132960,22759526,1.17125,128.68669,1
1507132925,22759497,1.17125,6.11964,1
1507132871,22759445,1.17125,528.80111,1
1507132806,22759405,1.17125,133.58317,1
1507132692,22759262,1.17125,186.41741,1
1507132692,22759261,1.17126,6.93291,1
1507132667,22759243,1.17125,137.43306,1
1507132667,22759242,1.17139,6.78959,1
1507132666,22759240,1.17126,0.14332,0
1507132666,22759236,1.17126,16.45243,1
1507132665,22759235,1.17138,10.47270,1
1507132442,22759087,1.17126,12.49073,1
1507132442,22759086,1.17144,10.96829,1
1507132294,22758939,1.17125,399.59941,1
1507132278,22758926,1.17125,298.10619,1
1507132255,22758904,1.17126,100.00000,1
1507132238,22758873,1.17125,17.15492,1
1507132235,22758872,1.17125,76.50000,1
1507132172,22758804,1.17126,1511.03592,1
1507132170,22758801,1.17127,0.19511,0
1507132169,22758797,1.17126,815.05845,1
1507132169,22758794,1.17469,76.50000,1
1507132166,22758787,1.17126,76.50000,0
1507132165,22758784,1.17127,819.52478,0
1507132164,22758780,1.17126,386.65087,1
1507132138,22758768,1.17126,686.35067,1
1507132138,22758767,1.17126,130.98652,1
1507132137,22758765,1.17126,272.96570,1
1507132137,22758764,1.17127,31.78749,1
1507132137,22758763,1.17472,200.84420,1
1507132137,22758762,1.17472,200.84420,1
1507132137,22758760,1.17472,120.55133,1
1507132136,22758755,1.17472,31.78748,1
1507132135,22758751,1.17128,48.50539,0
1507132135,22758747,1.17128,200.84420,0
1507132135,22758746,1.17128,100.84420,0
1507132134,22758744,1.17128,100.00000,0
1507132134,22758739,1.17126,264.09956,1
1507132131,22758731,1.17126,53.50223,1
1507132131,22758728,1.17127,32.04397,1
1507132131,22758723,1.17127,45.63222,1
1507132131,22758721,1.17129,32.04397,1
1507132127,22758704,1.17137,32.04397,1
1507131671,22758374,1.17128,70.00000,1
1507130724,22757783,1.17412,0.30815,0
1507130724,22757782,1.17412,36.39360,1
1507130724,22757781,1.17412,36.39360,1
1507130724,22757780,1.17412,36.39360,1
1507130719,22757776,1.17128,36.39363,0
1507130718,22757775,1.17129,51.32173,1
1507130713,22757772,1.17152,51.32173,1
1507130640,22757703,1.17132,205.14969,1
1507130260,22757576,1.17597,419.09708,1
1507130259,22757574,1.17597,90.00000,0
1507129602,22757139,1.17126,82.01893,1
1507129602,22757137,1.17127,90.00000,1
1507129482,22757050,1.17129,30.00000,1
1507129300,22756926,1.17127,90.00000,1
1507129054,22756722,1.17126,1.55119,1
1507129054,22756721,1.17127,290.00000,1
1507129046,22756717,1.17126,3.12225,1
1507129046,22756716,1.17127,580.00000,1
1507129031,22756701,1.17128,638.46679,1
1507128407,22756307,1.17146,9.99400,1
1507127392,22755564,1.17191,98.88216,1
1507127263,22755477,1.17133,0.49827,0
1507127262,22755476,1.17136,100.54455,1
1507127241,22755467,1.17301,0.02451,1
1507127241,22755465,1.17303,101.35574,1
1507127226,22755459,1.17314,0.39268,0
1507127225,22755458,1.17316,102.18366,1
1507127153,22755436,1.17305,0.49886,0
1507127152,22755435,1.17307,102.80996,1
1507127119,22755413,1.17319,0.50188,0
1507127119,22755412,1.17321,103.64203,1
1507127101,22755401,1.17317,80.00000,1
1507127030,22755378,1.17305,104.66231,0
1507127003,22755362,1.17308,105.29411,1
1507126970,22755345,1.17356,106.65741,1
1507126968,22755339,1.17353,0.36860,0
1507126967,22755337,1.17355,107.24440,1
1507126962,22755332,1.17301,107.21989,1
1507126961,22755330,1.17301,410.43104,1
1507126960,22755325,1.17301,748.79144,1
1507126960,22755324,1.17308,107.24440,1
1507126932,22755303,1.17361,107.99335,1
1507126899,22755277,1.17353,133.94261,1
1507126898,22755276,1.17353,408.08040,1
1507126898,22755274,1.17353,31.47739,1
1507126898,22755273,1.17353,376.60301,1
1507126898,22755271,1.17353,408.08040,1
1507126898,22755270,1.17353,408.08040,1
1507126897,22755269,1.17353,408.08040,1
1507126896,22755267,1.17300,494.80921,1
1507126896,22755266,1.17353,408.08038,1
1507126896,22755264,1.17301,0.00002,0
1507126896,22755263,1.17301,408.08040,0
1507126894,22755261,1.17300,849.41041,1
1507126893,22755256,1.17300,902.88958,1
1507126891,22755252,1.17300,1356.78036,1
1507126891,22755251,1.17301,1506.37081,1
1507126890,22755248,1.17301,439.81990,1
1507126890,22755247,1.17301,902.65010,1
1507126886,22755242,1.17301,98.11622,1
1507126885,22755240,1.17301,1310.75503,1
1507126885,22755239,1.17301,486.25494,1
1507126885,22755238,1.17301,758.55561,1
1507126885,22755237,1.17302,97.65945,1
1507126883,22755233,1.17301,1750.07000,1
1507126881,22755231,1.17301,856.22505,1
1507126880,22755230,1.17301,0.50050,1
1507126879,22755228,1.17303,97.65945,1
1507126869,22755215,1.17300,2189.05992,1
1507126868,22755211,1.17300,902.67007,1
1507126868,22755210,1.17300,685.86534,1
1507126866,22755203,1.17300,2445.20993,1
1507126865,22755198,1.17300,645.72004,1
1507126862,22755190,1.17300,1159.47997,1
1507126855,22755178,1.17300,256.87999,1
1507126854,22755176,1.17300,902.38001,1
1507126854,22755174,1.17300,2713.18660,1
1507126853,22755170,1.17300,2187.31999,1
1507126852,22755167,1.17300,902.38000,1
1507126850,22755160,1.17300,902.12777,1
1507126849,22755158,1.17300,2186.76223,1
1507126848,22755157,1.17300,902.12776,1
1507126846,22755152,1.17300,901.89259,1
1507126845,22755149,1.17300,179.87602,1
1507126844,22755145,1.17300,2186.03596,1
1507126844,22755144,1.17300,86.16369,1
1507126843,22755142,1.17300,802.63982,1
1507126843,22755141,1.17301,99.26421,1
1507126841,22755138,1.17300,258.44999,1
1507126840,22755135,1.17300,951.76598,1
1507126839,22755132,1.17300,802.63979,1
1507126839,22755129,1.17302,99.26421,1
1507126832,22755120,1.17300,101.39437,1
1507126832,22755118,1.17300,901.84144,1
1507126832,22755117,1.17300,532.62456,1
1507126831,22755116,1.17300,2184.99457,1
1507126831,22755113,1.17300,268.39278,1
1507126831,22755112,1.17302,55.26265,1
1507126830,22755109,1.17302,45.63766,1
1507126829,22755105,1.17300,856.22776,1
1507126828,22755104,1.17300,0.47551,1
1507126828,22755103,1.17301,101.72181,1
1507126823,22755099,1.17300,0.47551,1
1507126823,22755097,1.17303,101.72181,1
1507126809,22755093,1.17301,158.75289,1
1507126809,22755092,1.17310,105.83526,0
1507126808,22755090,1.17312,105.82981,1
1507126707,22755032,1.17300,152.92720,1
1507126703,22755025,1.17300,2946.16540,1
1507126689,22755021,1.17300,0.48010,1
1507126689,22755020,1.17301,103.25571,1
1507126684,22755017,1.17300,1.32479,1
1507126684,22755016,1.17302,103.25571,1
1507126682,22755013,1.17300,0.48310,1
1507126682,22755011,1.17301,104.09740,1
1507126677,22755007,1.17316,104.09740,1
1507126052,22754682,1.17236,156.59771,1
1507125848,22754587,1.17280,1001.46653,1
1507125422,22754270,1.17654,675.56403,1
1507125416,22754264,1.17654,60.20000,1
1507125415,22754262,1.17654,577.68055,1
1507125327,22754137,1.17668,160.85089,1
1507125327,22754135,1.17669,233.17497,1
1507125326,22754134,1.17669,127.00000,1
1507125326,22754132,1.17669,452.38075,1
1507125262,22754057,1.17700,8114.77246,0
1507125259,22754049,1.17700,111.95218,0
1507125258,22754048,1.17700,36.31136,0
1507125257,22754046,1.17700,16.99235,0
1507125257,22754043,1.17700,111.14590,0
1507125256,22754038,1.17700,111.29615,0
1507125218,22753969,1.17700,841.54172,0
1507125218,22753965,1.17669,479.37828,0
1507125217,22753962,1.17669,440.23422,0
1507125216,22753956,1.17654,332.43527,1
1507125216,22753955,1.17668,847.56473,1
1507125215,22753951,1.17669,80.38750,0
1507125215,22753945,1.17668,5026.17307,1
1507125213,22753929,1.17654,415.68327,0
1507125212,22753927,1.17656,301.37164,1
1507125212,22753923,1.17668,291.46075,0
1507125212,22753920,1.17668,999.99999,0
1507125211,22753914,1.17656,1809.99999,1
1507125188,22753845,1.17660,161.28000,0
1507125187,22753838,1.17663,161.10648,1
1507124613,22753453,1.17170,60.00000,1
1507124237,22753170,1.17170,404.81382,1
1507124186,22753137,1.17170,783.06046,1
1507124180,22753130,1.17170,265.04911,1
1507123523,22752671,1.17198,9.89864,0
1507122471,22752086,1.17200,2087.28470,1
1507122458,22752076,1.17200,0.39748,1
1507122458,22752075,1.17201,86.06288,1
1507122141,22751881,1.17200,954.45944,1
1507122019,22751799,1.17200,16.51389,1
1507121934,22751756,1.17200,116.15188,1
1507121532,22751404,1.17228,1.46995,0
1507121530,22751398,1.17228,590.35726,0
1507121526,22751389,1.17228,408.17279,0
1507121525,22751388,1.17228,1953.30964,0
1507121525,22751387,1.17206,0.21282,0
1507121519,22751374,1.17206,85.30187,0
1507121509,22751363,1.17200,38.17463,1
1507121387,22751237,1.17206,444.61611,1
1507121221,22750988,1.17206,117.36000,1
1507121193,22750929,1.17206,689.17351,1
1507121187,22750917,1.17206,597.32793,1
1507121183,22750908,1.17206,597.32793,1
1507121178,22750892,1.17206,320.33685,1
1507121164,22750848,1.17206,2939.39997,1
1507121157,22750830,1.17206,2938.16519,1
1507121137,22750798,1.17206,2937.09705,1
1507121130,22750786,1.17206,632.69354,1
1507121123,22750767,1.17206,2935.64584,1
1507121108,22750734,1.17206,123.75384,1
1507121069,22750681,1.17207,31.00841,0
1507120956,22750563,1.17228,264.27056,0
1507120952,22750552,1.17228,122.90815,0
1507120945,22750506,1.17228,138.27000,0
1507120945,22750503,1.17207,137.21720,0
1507120944,22750502,1.17207,137.99832,0
1507120875,22750435,1.17206,138.08000,1
1507120858,22750392,1.17226,247.04100,0
1507120853,22750378,1.17226,571.62480,0
1507120853,22750377,1.17224,24.44424,0
1507120853,22750376,1.17224,6.64096,0
1507120765,22750302,1.17206,51.34550,1
1507120752,22750275,1.17206,67.76957,1
1507120751,22750273,1.17206,1434.85587,1
1507120748,22750262,1.17206,1096.67782,1
1507120744,22750248,1.17206,200.94535,1
1507120740,22750233,1.17206,201.61815,1
1507120731,22750219,1.17206,63.79367,1
1507120730,22750218,1.17206,1796.06282,1
1507120702,22750180,1.17206,46.32016,1
1507120676,22750145,1.17206,2932.68251,1
1507120668,22750136,1.17206,186.62296,1
1507120663,22750130,1.17206,186.62296,1
1507120601,22750072,1.17206,78.68000,1
1507120597,22750055,1.17206,594.39000,1
1507120596,22750037,1.17206,2060.57143,1
1507120587,22749985,1.17206,418.67047,1
1507120568,22749976,1.17206,90.18310,1
1507120565,22749975,1.17206,24.45342,1
1507120494,22749940,1.17206,126.11905,1
1507120430,22749891,1.17206,2930.63743,1
1507120422,22749876,1.17226,2534.20742,1
1507120418,22749862,1.17226,2465.79258,1
1507120416,22749856,1.17230,1940.08919,1
1507120415,22749854,1.17230,1443.43999,1
1507120414,22749852,1.17230,1020.05000,1
1507120412,22749843,1.17230,856.77999,1
1507120412,22749841,1.17230,1604.38001,1
1507120411,22749839,1.17230,855.98998,1
1507120310,22749749,1.17230,1046.93226,1
1507120294,22749738,1.17240,7.44720,0
1507120279,22749728,1.17230,814.74905,1
1507120253,22749719,1.17230,199.84010,1
1507120248,22749714,1.17230,199.84010,1
1507120103,22749656,1.17240,841.73166,1
1507119793,22749512,1.17240,18.12063,1
1507119790,22749509,1.17240,24.41903,1
1507119786,22749504,1.17240,24.40902,1
1507119715,22749465,1.17240,50.00000,1
1507119698,22749462,1.17240,24.39900,1
1507119681,22749456,1.17240,24.37896,1
1507119493,22749326,1.17240,1387.69000,1
1507119147,22749197,1.17240,39.09644,1
1507119144,22749193,1.17240,44.51553,1
1507119141,22749190,1.17240,39.09644,1
1507119140,22749187,1.17240,24.36881,1
1507119136,22749181,1.17240,24.35963,1
1507119134,22749179,1.17240,770.82054,1
1507119132,22749178,1.17240,24.34962,1
1507119081,22749164,1.17240,1052.20062,1
1507118991,22749110,1.17240,579.69445,1
1507118954,22749094,1.17240,57.35244,1
1507118885,22749016,1.17240,39.56842,1
1507118469,22748842,1.17327,199.68651,0
1507118216,22748691,1.17241,37.55000,1
1507117720,22748533,1.17327,37.12470,0
1507117720,22748531,1.17327,37.12470,0
1507117719,22748530,1.17327,37.12470,0
1507117719,22748529,1.17327,37.12470,0
1507117665,22748505,1.17327,206.05430,0
1507117564,22748478,1.17240,35.88740,1
1507117564,22748477,1.17241,8.47382,1
1507117563,22748476,1.17241,5.63878,1
1507116884,22748114,1.17240,77.78999,1
1507116881,22748109,1.17240,384.26306,1
1507116879,22748106,1.17240,467.32344,1
1507116879,22748103,1.17240,83.06892,1
1507116878,22748100,1.17240,966.38520,1
1507116867,22748090,1.17240,50.49872,1
1507116814,22748025,1.17240,24.41325,1
1507116635,22747922,1.17240,50.78696,1
1507116307,22747723,1.17240,493.66331,1
1507116302,22747721,1.17240,2275.34851,1
1507116288,22747715,1.17250,861.52644,1
1507116254,22747701,1.17250,498.35122,1
1507116194,22747679,1.17250,82.87000,1
1507116192,22747677,1.17250,82.87000,1
1507116191,22747675,1.17250,82.87000,1
1507116189,22747673,1.17250,82.87000,1
1507116186,22747670,1.17250,82.87000,1
1507116182,22747669,1.17250,579.40949,1
1507116178,22747655,1.17250,1234.20601,1
1507116172,22747653,1.17250,579.40400,1
1507116165,22747645,1.17250,1779.45884,1
1507116164,22747642,1.17250,665.21000,1
1507116163,22747641,1.17250,487.86000,1
1507116150,22747593,1.17250,653.91000,1
1507116148,22747585,1.17250,653.91000,1
1507115998,22747469,1.17250,24.40081,1
1507115307,22747084,1.17250,29.88487,1
1507115178,22747001,1.17250,132.12642,1
1507115173,22746996,1.17250,34.23571,1
1507115103,22746899,1.17250,50.69017,1
1507115079,22746868,1.17250,50.69017,1
1507114250,22746346,1.17327,771.27003,0
1507114233,22746290,1.17327,85.93076,0
1507114051,22746172,1.17327,15.43699,0
1507114048,22746166,1.17327,15.43699,0
1507114044,22746159,1.17327,25.18250,0
1507114043,22746157,1.17327,85.91371,0
1507113963,22746105,1.17250,50.00000,1
1507113906,22746070,1.17250,120.16388,1
1507113795,22745954,1.17250,50.00000,1
1507113542,22745808,1.17250,1039.97743,1
1507113541,22745807,1.17250,738.15887,1
1507113533,22745802,1.17250,158.36873,1
1507113528,22745799,1.17250,158.36873,1
1507113521,22745795,1.17250,1777.38338,1
1507113510,22745789,1.17250,1776.64015,1
1507113503,22745779,1.17250,1775.93560,1
1507113495,22745775,1.17250,579.34894,1
1507113260,22745633,1.17250,109.51618,1
1507113257,22745627,1.17250,490.30061,1
1507113252,22745620,1.17250,24.38890,1
1507113184,22745590,1.17250,1120.79396,1
1507113180,22745577,1.17250,1120.79396,1
1507113173,22745574,1.17250,170.00199,1
1507113173,22745573,1.17250,781.84670,1
1507113171,22745566,1.17250,2264.61210,1
1507113170,22745563,1.17250,577.84019,1
1507113167,22745558,1.17250,401.83214,1
1507113159,22745544,1.17250,2263.70236,1
1507113146,22745518,1.17250,358.71295,1
1507113137,22745503,1.17250,1435.85107,1
1507113137,22745502,1.17250,33.80275,1
1507113092,22745456,1.17250,36.05999,1
1507113078,22745444,1.17250,860.35999,1
1507113076,22745442,1.17250,148.29728,1
1507113073,22745437,1.17250,148.23881,1
1507112993,22745345,1.17250,145.36213,1
1507112895,22745314,1.17250,50.80775,1
1507112464,22745154,1.17327,234.14188,0
1507112459,22745142,1.17327,325.12685,0
1507112455,22745139,1.17327,163.24017,0
1507112436,22745128,1.17327,138.55991,0
1507112432,22745125,1.17327,138.55991,0
1507112326,22745056,1.17250,314.72338,1
1507112247,22744968,1.17250,177.95041,1
1507112242,22744964,1.17260,230.54067,1
1507112116,22744824,1.17260,1431.48257,1
1507112106,22744769,1.17260,598.87289,1
1507112103,22744738,1.17260,134.83848,1
1507112099,22744709,1.17260,1325.09091,1
1507112099,22744707,1.17260,826.58738,1
1507112086,22744675,1.17260,421.75180,1
1507112076,22744610,1.17260,35.26540,1
1507112070,22744556,1.17260,507.36780,1
1507111872,22744160,1.17260,3359.79264,1
1507111694,22744107,1.17260,89.05086,1
1507111690,22744105,1.17260,89.13526,1
1507111685,22744102,1.17260,60.00000,1
1507111606,22744071,1.17260,16.03516,1
1507111487,22744020,1.17260,946.92000,1
1507111365,22743979,1.17260,1210.54177,1
1507111031,22743771,1.17260,2437.55193,1
1507111031,22743770,1.17325,0.00564,1
1507111014,22743758,1.17325,2704.23184,1
1507110966,22743727,1.17325,36.12999,1
1507110917,22743705,1.17325,194.82634,1
1507110847,22743691,1.17325,754.50688,1
1507110845,22743690,1.17325,1310.29931,1
1507110845,22743689,1.17326,91.12068,1
1507110844,22743688,1.17326,172.25999,1
1507110842,22743683,1.17326,145.63236,1
1507110842,22743682,1.17326,199.84946,1
1507110842,22743679,1.17326,145.63819,1
1507110828,22743666,1.17326,491.12605,1
1507110827,22743664,1.17326,9.65596,1
1507110744,22743633,1.17326,5.45617,1
1507110633,22743566,1.17326,197.39871,1
1507110512,22743518,1.17326,984.56438,1
1507110340,22743437,1.17327,27.06640,0
1507110219,22743388,1.17327,16.93330,0
1507110219,22743387,1.17327,110.00000,0
1507110194,22743377,1.17326,39.75133,1
1507110194,22743376,1.17326,678.65853,1
1507110194,22743375,1.17326,325.31701,1
1507110148,22743357,1.17326,39.75133,1
1507110129,22743332,1.17326,32.06000,1
1507110099,22743275,1.17326,880.90000,1
1507110097,22743273,1.17327,34.93440,1
1507110097,22743272,1.17327,75.06560,1
1507110080,22743262,1.17327,50.97548,1
1507110079,22743261,1.17327,121.28451,1
1507110027,22743191,1.17326,102.77000,1
1507110025,22743187,1.17327,36.14000,1
1507110012,22743177,1.17327,30.12560,1
1507109991,22743169,1.17327,398.80000,1
1507109958,22743148,1.17327,163.71000,1
1507109934,22743081,1.17327,979.94696,1
1507109929,22743063,1.17327,43.29000,1
1507109924,22743045,1.17326,858.68363,1
1507109924,22743043,1.17327,31.27482,1
1507109924,22743042,1.17327,737.45300,1
1507109923,22743038,1.17328,20.84988,1
1507109906,22742976,1.17338,55.33194,0
1507109906,22742974,1.17339,55.33194,1
1507109905,22742972,1.17340,269.74737,1
1507109905,22742970,1.17340,680.25263,1
1507109846,22742844,1.17341,600.63000,1
1507109840,22742822,1.17329,305.34195,1
1507108839,22741997,1.17820,174.91227,1
1507108836,22741991,1.17819,486.47373,0
1507108822,22741952,1.17819,537.56847,0
1507108810,22741897,1.17819,433.08527,0
1507108574,22741785,1.17821,66.28736,0
1507108559,22741778,1.17335,15.64543,0
1507108538,22741758,1.17335,446.97471,0
1507108538,22741757,1.17330,15.64542,0
1507108415,22741550,1.17330,30.26660,0
1507108163,22741425,1.17330,127.21480,0
1507107984,22741307,1.17333,1698.56328,1
1507107196,22740960,1.17437,38.83405,0
1507107155,22740936,1.17327,690.97000,0
1507107154,22740934,1.17327,571.71999,0
1507107153,22740932,1.17328,9.99799,1
1507107151,22740926,1.17327,198.03999,1
1507107048,22740845,1.17437,38.68601,1
1507107044,22740838,1.17446,38.68601,1
1507107007,22740794,1.17437,46.26999,1
1507107004,22740788,1.17436,285.62054,1
1507107002,22740782,1.17436,144.63517,1
1507106999,22740777,1.17334,0.00003,0
1507106999,22740776,1.17334,438.52590,0
1507106995,22740771,1.17326,8.41925,1
1507106994,22740765,1.17327,388.98999,0
1507106993,22740763,1.17327,610.28018,1
1507106990,22740758,1.17328,79.72999,0
1507106989,22740755,1.17327,103.38999,1
1507106984,22740749,1.17327,2005.95490,1
1507106978,22740738,1.17328,26.64000,1
1507106977,22740734,1.17327,8.41245,1
1507106971,22740716,1.17333,23.07781,1
1507106941,22740665,1.17341,1749.44206,1
1507106294,22740251,1.17347,170.98999,1
1507105503,22739919,1.17331,59.74602,1
1507105310,22739845,1.17821,398.44783,1
1507105304,22739843,1.17821,423.20515,1
1507105299,22739838,1.17821,153.47586,1
1507105296,22739832,1.17821,202.84160,1
1507105293,22739824,1.17821,879.65480,1
1507105289,22739823,1.17821,174.10585,1
1507105289,22739820,1.17821,576.72263,1
1507105286,22739817,1.17820,1775.92750,0
1507105286,22739816,1.17819,220.00000,0
1507105276,22739804,1.17822,20.12765,1
1507105275,22739803,1.17822,99.12000,1
1507105275,22739801,1.17822,1564.39886,1
1507105273,22739798,1.17822,89.44478,1
1507105273,22739796,1.17822,2740.71673,1
1507105272,22739791,1.17822,806.10875,1
1507105272,22739789,1.17822,360.32084,1
1507105271,22739787,1.17822,10.68423,1
1507105271,22739784,1.17822,2303.64681,1
1507105270,22739777,1.17822,221.71795,1
1507105270,22739773,1.17822,64.44777,1
1507105269,22739764,1.17822,1719.26563,1
1507105141,22739711,1.17364,304.62960,0
1507105089,22739663,1.17342,137.44203,1
1507104740,22739482,1.17823,4.94194,0
1507104672,22739430,1.17361,5.00000,1
1507104169,22739112,1.17327,70.00000,1
1507103061,22738657,1.17825,996.79602,0
1507103060,22738655,1.17825,213.57268,0
1507102327,22738357,1.17515,41.24565,1
1507101782,22738093,1.17448,70.00000,1
1507099441,22737342,1.17539,50.00000,1
1507098855,22737012,1.17506,97.05118,1
1507098162,22736772,1.17900,273.62975,0
1507098162,22736771,1.17828,509.87084,0
1507098162,22736770,1.17828,510.17801,0
1507098162,22736769,1.17828,956.14479,0
1507098160,22736764,1.17827,290.00000,0
1507097883,22736673,1.17827,89.58000,0
1507097766,22736633,1.17702,417.20428,1
1507097763,22736629,1.17702,385.36588,1
1507097378,22736568,1.17802,433.27132,1
1507097374,22736563,1.17828,604.83077,1
1507097374,22736559,1.17828,510.08387,1
1507097372,22736557,1.17828,509.97300,1
1507097294,22736524,1.17900,6.38839,0
1507096808,22736380,1.17828,57.83087,1
1507096791,22736371,1.17828,1262.00005,1
1507096212,22736205,1.17900,9.91649,0
1507096027,22736105,1.17900,15.29628,0
1507095940,22736064,1.17900,1260.57552,0
1507095695,22735924,1.17900,236.06639,0
1507095687,22735921,1.17900,694.42598,0
1507095677,22735913,1.17900,221.05730,0
1507095674,22735911,1.17900,221.05679,0
1507095669,22735903,1.17900,197.44191,0
1507095669,22735901,1.17850,0.29569,0
1507095641,22735877,1.17850,142.90676,0
1507095638,22735872,1.17850,1257.67085,0
1507095628,22735862,1.17850,1257.16897,0
1507095615,22735854,1.17850,1258.04696,0
1507095609,22735850,1.17850,1060.11792,0
1507095577,22735843,1.17850,1256.71602,0
1507095572,22735826,1.17850,1256.23392,0
1507095568,22735819,1.17850,1255.69848,0
1507095556,22735814,1.17850,1255.14443,0
1507095547,22735809,1.17826,807.83350,0
1507095545,22735806,1.17826,4192.16650,0
1507095545,22735804,1.17825,0.65941,0
1507095540,22735794,1.17825,497.81713,0
1507095534,22735792,1.17825,829.52000,0
1507095512,22735767,1.17825,3672.00346,0
1507095487,22735743,1.17800,3919.19746,0
1507095485,22735740,1.17800,4323.02000,0
1507095482,22735738,1.17800,1757.78254,0
1507095482,22735736,1.17800,2589.70445,0
1507095474,22735726,1.17800,3071.00945,0
1507095469,22735714,1.17800,4339.28610,0
1507095466,22735711,1.17750,1282.13917,0
1507095466,22735710,1.17750,1366.85548,0
1507095466,22735709,1.17750,487.54300,0
1507095465,22735708,1.17750,245.79334,0
1507095465,22735705,1.17750,349.17666,0
1507095465,22735703,1.17750,418.08095,0
1507095460,22735693,1.17750,328.25757,0
1507095456,22735684,1.17750,3076.21938,0
1507095456,22735682,1.17750,1256.78806,0
1507095456,22735681,1.17723,1.39062,0
1507095452,22735677,1.17723,1732.85708,0
1507095449,22735674,1.17723,3675.43117,0
1507095444,22735662,1.17723,2236.18904,0
1507095440,22735656,1.17723,799.09486,0
1507095436,22735647,1.17723,1031.01343,0
1507095431,22735631,1.17723,4321.14200,0
1507095426,22735616,1.17723,804.27133,0
1507095421,22735602,1.17723,4316.40768,0
1507095412,22735563,1.17723,869.52000,0
1507095407,22735546,1.17723,25.08547,0
1507095406,22735533,1.17723,651.59809,0
1507095405,22735529,1.17723,4607.64094,0
1507095388,22735490,1.17723,247.53000,0
1507095387,22735488,1.17723,25.10007,0
1507095384,22735481,1.17723,25.09009,0
1507095372,22735471,1.17723,25.04886,0
1507095370,22735464,1.17723,1981.46000,0
1507095368,22735460,1.17723,67.69000,0
1507095341,22735418,1.17723,1244.25000,0
1507095339,22735415,1.17723,935.43000,0
1507095333,22735409,1.17723,376.75927,0
1507095333,22735408,1.17720,1.79073,0
1507095302,22735373,1.17720,2231.46018,0
1507095295,22735370,1.17720,3163.44722,0
1507095291,22735366,1.17720,4603.30187,0
1507095284,22735359,1.17700,4600.32835,0
1507095282,22735357,1.17700,5399.67165,0
1507095282,22735355,1.17690,1.06899,0
1507095275,22735347,1.17690,274.97101,0
1507095275,22735346,1.17690,804.25621,0
1507095220,22735307,1.17690,813.21509,0
1507095216,22735303,1.17690,869.08566,0
1507094923,22735224,1.17690,151.12000,0
1507094811,22735198,1.17690,76.03000,0
1507094760,22735190,1.17690,41.36000,0
1507094609,22735156,1.17690,2275.81176,0
1507094609,22735154,1.17689,240.09824,0
1507093809,22734996,1.17689,277.50000,0
1507093544,22734914,1.17689,449.34000,0
1507093532,22734908,1.17689,2088.99000,0
1507093254,22734850,1.17689,434.31367,0
1507093254,22734849,1.17689,52.77726,0
1507093254,22734848,1.17689,204.59036,0
1507093214,22734826,1.17689,374.18658,0
1507093213,22734824,1.17689,78.79000,0
1507093211,22734822,1.17689,145.57923,0
1507093210,22734821,1.17689,144.07657,0
1507092169,22734640,1.17690,25.11401,0
1507092169,22734636,1.17690,839.04000,0
1507092168,22734633,1.17690,839.85000,0
1507092166,22734631,1.17690,860.34000,0
1507092166,22734630,1.17690,308.17992,0
1507092166,22734627,1.17690,25.10402,0
1507092164,22734623,1.17690,365.00527,0
1507092163,22734618,1.17690,1031.23000,0
1507092106,22734610,1.17690,204.06000,0
1507092039,22734597,1.17690,384.49000,0
1507092037,22734593,1.17690,25.08805,0
1507092035,22734589,1.17689,1541.70714,0
1507091536,22734528,1.17691,61.62001,1
1507090408,22734326,1.17693,135.11000,0
1507090403,22734322,1.17693,25.07405,0
1507088399,22733863,1.17695,10.99007,0
1507088348,22733845,1.17695,25.04296,0
1507088034,22733820,1.17696,25.03298,0
1507088033,22733819,1.17696,32.49000,0
1507088010,22733813,1.17696,9.82045,0
1507087700,22733747,1.17696,24.97769,0
1507087699,22733745,1.17695,235.39710,0
1507083663,22733127,1.17204,0.72280,1
1507083663,22733126,1.17204,49.27720,1
1507081389,22732657,1.17696,389.54195,0
1507081365,22732650,1.17695,908.93252,0
1507081356,22732646,1.17695,709.47000,0
1507081333,22732637,1.17695,479.26077,0
1507081120,22732577,1.17690,479.73000,0
1507075590,22731348,1.17508,21.30336,0
1507075270,22731293,1.17508,3547.85603,0
