date,tid,price,amount,type
1507160921,22778092,43.75,1.25755000,0
1507160594,22778035,43.73,1.14040704,0
1507160570,22778030,43.74,0.82000970,0
1507160460,22777992,43.74,0.66134549,1
1507159375,22777550,43.81,7.43559900,0
1507159352,22777539,43.78,58.37000000,0
1507159064,22777433,43.81,13.91693900,0
1507159057,22777430,43.74,10.58049994,0
1507159057,22777429,43.74,35.00000000,0
1507159057,22777428,43.73,15.00000000,0
1507159056,22777425,43.74,50.00000000,0
1507159055,22777423,43.74,22.41950006,0
1507159050,22777419,43.76,15.00000000,1
1507158986,22777408,43.85,0.74645700,0
1507158250,22777055,43.87,3.23000000,1
1507157191,22776685,43.76,1.99800000,1
1507157051,22776624,43.94,18.73401300,0
1507157036,22776621,43.86,7.88620142,1
1507156763,22776473,43.90,23.35876994,1
1507155909,22776141,43.96,1.18880300,0
1507155786,22776088,43.95,2.04323094,0
1507155753,22776078,43.91,21.61220094,0
1507155702,22776030,43.97,1.75983625,0
1507155700,22776009,43.92,0.51000000,0
1507155698,22775994,43.92,18.49000000,1
1507155685,22775986,43.94,10.14770141,1
1507155643,22775951,44.01,5.00000000,0
1507155641,22775949,44.00,5.00000000,1
1507155640,22775948,44.01,23.69000000,0
1507155627,22775925,44.03,2.26618215,0
1507155279,22775768,44.02,5.00000000,1
1507155244,22775755,44.01,2.00076263,1
1507155075,22775689,44.16,7.80256032,0
1507155043,22775681,44.14,1.80751812,0
1507154718,22775449,44.09,12.68019400,1
1507154712,22775433,44.09,3.65879000,1
1507154611,22775337,44.10,10.45729900,0
1507154611,22775336,44.10,77.54588700,0
1507154610,22775334,44.10,20.03438800,0
1507154322,22775128,44.25,2.52846814,0
1507154168,22775100,44.16,8.71113990,1
1507154165,22775098,44.16,1.28886010,0
1507154130,22775077,44.11,4.19000000,0
1507154116,22775075,44.09,2.13967700,0
1507153884,22774949,44.18,2.26704500,0
1507153742,22774845,44.23,2.00000000,0
1507153638,22774609,44.27,13.31804833,0
1507153638,22774607,44.26,5.81000000,0
1507153636,22774604,44.25,3.40930940,0
1507153589,22774520,44.09,10.00000000,1
1507153584,22774510,44.25,3.87497175,1
1507153584,22774509,44.25,3.85000000,0
1507153582,22774508,44.24,1.29327350,0
1507153568,22774488,44.25,4.50892655,0
1507153519,22774448,43.99,9.54000000,1
1507153518,22774447,44.33,45.86081660,0
1507153518,22774446,44.30,0.20000000,0
1507153518,22774445,44.29,0.95000000,0
1507153517,22774444,44.26,147.00000000,0
1507153517,22774443,44.25,0.38304000,0
1507153517,22774442,44.24,4.76000000,0
1507153516,22774440,44.20,5.16285080,0
1507153516,22774439,44.20,0.20000000,0
1507153516,22774438,44.20,0.34000000,0
1507153516,22774437,44.20,2.00000000,0
1507153514,22774436,44.18,18.49000000,0
1507153435,22774395,44.15,6.77870895,0
1507153393,22774324,44.13,12.77452979,1
1507153392,22774323,44.10,0.20000000,0
1507153259,22774186,43.99,8.44144862,1
1507153258,22774183,44.00,59.08000000,0
1507153225,22774150,43.95,39.36164700,0
1507153225,22774147,43.94,1.17000000,0
1507153220,22774137,43.89,50.15564200,0
1507153220,22774135,43.89,13.91175200,0
1507153218,22774127,43.89,1.52430210,0
1507153218,22774124,43.89,2.00000000,0
1507153218,22774122,43.88,5.87000000,0
1507153218,22774121,43.84,7.02036690,0
1507153215,22774120,43.84,0.73205800,0
1507153214,22774119,43.84,0.73910600,0
1507153080,22774056,43.70,0.22604119,0
1507153024,22774037,43.70,0.11395881,0
1507152878,22773920,43.37,1.46666282,0
1507152877,22773918,43.37,10.12387594,0
1507152875,22773915,43.37,1.47292002,0
1507152874,22773910,43.39,3.80654122,1
1507152874,22773907,43.37,11.66199990,0
1507152345,22773595,43.39,2.89651994,0
1507152225,22773526,43.45,8.47871116,1
1507152224,22773524,43.45,3.00000000,0
1507152200,22773516,43.37,5.74982707,1
1507151732,22773126,43.37,1.14987318,0
1507151577,22773030,43.18,3.18598040,1
1507151575,22773029,43.19,11.81401960,1
1507151474,22772939,43.33,2.30233095,1
1507151390,22772866,43.36,0.50000000,0
1507151105,22772397,43.16,0.37072000,0
1507150879,22772175,43.17,23.69256600,0
1507150878,22772172,43.17,15.89511100,0
1507150748,22772039,43.17,4.01090100,0
1507150390,22771763,43.21,4.00000000,0
1507150294,22771712,43.14,1.84388434,1
1507150292,22771710,43.14,3.03000000,0
1507150290,22771709,43.14,13.31000000,0
1507150290,22771708,43.13,36.69000000,0
1507150288,22771706,43.13,14.65615100,0
1507150284,22771698,43.14,1.68384900,0
1507150158,22771611,43.16,7.24474700,0
1507150099,22771558,43.10,46.00000000,0
1507150081,22771528,43.11,29.00000000,1
1507150081,22771527,43.12,15.00000000,1
1507149915,22771365,43.02,0.00045561,0
1507149915,22771364,43.02,18.98311899,0
1507149914,22771363,43.02,15.00000000,1
1507149872,22771332,43.10,1.27797940,1
1507149776,22771286,43.11,5.73844600,0
1507149729,22771280,43.11,15.00000000,1
1507149682,22771261,43.11,7.99900000,1
1507149488,22771169,43.10,2.72202060,1
1507149486,22771167,43.14,7.27797940,1
1507149115,22771094,43.12,6.00000000,1
1507149104,22771087,43.34,4.49397583,0
1507148889,22771023,43.22,4.17654178,1
1507148740,22770917,43.25,1.03675800,0
1507148677,22770879,43.25,1.09299915,0
1507148643,22770820,43.23,1.00000000,0
1507148601,22770803,43.25,6.60000000,0
1507148219,22770596,43.45,0.57323523,0
1507148209,22770592,43.24,7.00000000,1
1507148202,22770590,43.50,3.43954023,0
1507148184,22770577,43.22,11.75999990,1
1507148180,22770576,43.20,40.68757393,0
1507148180,22770575,43.20,50.00000000,0
1507148180,22770574,43.20,50.00000000,0
1507148179,22770573,43.20,50.00000000,0
1507148179,22770572,43.20,50.00000000,0
1507148179,22770571,43.20,50.00000000,0
1507148179,22770570,43.20,50.00000000,0
1507148178,22770569,43.20,50.00000000,0
1507148178,22770568,43.20,50.00000000,0
1507148177,22770567,43.20,50.00000000,0
1507148177,22770566,43.20,50.00000000,0
1507148177,22770565,43.20,50.00000000,0
1507148176,22770561,43.20,50.00000000,0
1507148176,22770560,43.20,50.00000000,0
1507148063,22770491,43.02,51.27433803,1
1507148063,22770489,43.02,68.01400000,0
1507148063,22770488,43.08,116.00000000,0
1507148063,22770487,43.10,110.00000000,1
1507148062,22770486,43.10,3.00000000,1
1507148062,22770485,43.10,1.00000000,1
1507148062,22770484,43.10,0.20000000,1
1507148062,22770483,43.10,15.00000000,0
1507148062,22770482,43.10,20.00000000,0
1507148061,22770481,43.12,41.04000000,0
1507148061,22770480,43.12,18.41746197,0
1507148061,22770479,43.12,116.95700000,0
1507148061,22770478,43.12,20.37800000,0
1507148061,22770477,43.24,18.71920000,0
1507148058,22770476,43.11,18.71923957,1
1507148058,22770475,43.12,20.00000000,0
1507148057,22770474,43.12,15.00000000,0
1507148057,22770472,43.13,0.46005712,1
1507148057,22770471,43.20,0.20000000,1
1507148056,22770470,43.20,0.34000000,1
1507148056,22770469,43.20,0.34000000,1
1507148056,22770468,43.20,3.00000000,1
1507148056,22770467,43.21,2.40013030,1
1507148056,22770466,43.22,1.00000000,1
1507148055,22770465,43.28,1.17814233,1
1507148055,22770464,43.28,1.16243068,1
1507148055,22770463,43.30,0.20000000,1
1507148050,22770455,43.39,0.13009911,1
1507148049,22770454,43.40,0.20000000,1
1507148045,22770449,43.41,2.36005551,1
1507147961,22770409,43.41,7.63994449,1
1507147895,22770314,43.48,0.68813247,0
1507147757,22770256,43.48,0.35000000,0
1507147742,22770249,43.48,1.00000000,0
1507147573,22770146,43.50,11.72231600,0
1507147572,22770145,43.49,1.00450500,0
1507147570,22770140,43.49,3.89997700,0
1507147567,22770137,43.49,11.86551800,0
1507147561,22770127,43.49,59.23941100,0
1507147534,22770113,43.50,9.00000000,0
1507147533,22770110,43.49,9.00000000,1
1507147532,22770109,43.50,9.83000000,0
1507147529,22770108,43.50,1.94551724,1
1507147529,22770107,43.50,1.04239547,1
1507147529,22770106,43.50,1.20000000,1
1507147529,22770105,43.50,8.00000000,1
1507147477,22770073,43.51,0.54010085,0
1507147475,22770069,43.50,0.20000000,1
1507147475,22770068,43.50,0.99052132,1
1507147475,22770067,43.50,0.34000000,1
1507147475,22770066,43.50,8.84309399,1
1507147474,22770065,43.51,17.50000000,1
1507147473,22770064,43.51,0.22983222,1
1507147355,22769988,43.66,1.57214842,1
1507147354,22769987,43.66,2.00000000,1
1507147351,22769981,43.66,9.00000000,1
1507147301,22769952,43.53,11.63443362,1
1507147301,22769951,43.54,1.00000000,1
1507147300,22769948,43.55,21.59273995,1
1507146475,22769504,43.71,2.41569435,0
1507146424,22769475,43.67,4.55738951,1
1507145995,22769287,43.71,4.56463052,0
1507145956,22769272,43.66,0.67104665,1
1507145737,22769143,43.66,9.16125400,0
1507145608,22769087,43.68,0.50000000,0
1507145564,22769050,43.63,1.00000000,1
1507145542,22769045,43.63,1.00000000,1
1507145416,22769008,43.67,4.00023000,0
1507145356,22768993,43.75,4.03983678,1
1507145354,22768990,43.65,0.96039322,0
1507145320,22768958,43.50,3.15690601,1
1507145320,22768957,43.51,1.14605895,1
1507145320,22768956,43.51,3.12185504,0
1507145318,22768954,43.55,2.57518000,1
1507145232,22768905,43.70,2.00023000,0
1507145131,22768812,43.56,10.00000000,1
1507145051,22768769,43.55,7.42482000,1
1507144450,22768435,43.74,0.14390529,1
1507144444,22768432,43.76,0.14399041,0
1507144441,22768423,43.76,0.14398587,0
1507144436,22768420,43.74,0.14397562,0
1507144431,22768419,43.73,0.14398771,0
1507144426,22768412,43.74,0.14389320,0
1507144421,22768411,43.74,0.14395900,0
1507144420,22768410,43.76,0.14396353,0
1507144416,22768407,43.75,0.14393667,0
1507144413,22768405,43.74,0.14394573,0
1507144409,22768385,43.74,0.14393667,0
1507144400,22768266,43.75,2.30260000,0
1507144394,22768265,43.73,0.16446318,1
1507144327,22768218,43.74,2.49230000,0
1507144280,22768193,43.71,2.19053591,0
1507144280,22768192,43.70,5.59476409,0
1507144216,22768154,43.70,0.33332942,0
1507144197,22768140,43.70,0.31320000,0
1507144086,22768072,43.75,0.63240000,0
1507143947,22767966,43.74,4.55837332,0
1507143542,22767699,43.76,1.82286806,0
1507143370,22767594,43.76,6.38254113,0
1507143325,22767552,43.73,10.00000000,0
1507143285,22767532,43.71,12.29398307,0
1507143285,22767531,43.70,5.96595000,0
1507143259,22767525,43.69,26.68299033,0
1507143254,22767520,43.56,4.76538656,1
1507143254,22767518,43.56,0.81469053,1
1507143013,22767404,43.56,1.18530947,1
1507143013,22767402,43.57,3.88000000,1
1507142900,22767362,43.56,1.00000000,1
1507142898,22767356,43.60,0.20000000,1
1507142898,22767355,43.60,0.34000000,1
1507142832,22767333,43.64,2.07750000,0
1507142640,22767257,43.68,1.79640000,0
1507142564,22767218,43.67,0.00423000,1
1507142524,22767187,43.61,6.04172000,0
1507142450,22767133,43.64,3.95828000,1
1507142445,22767130,43.64,5.00000000,1
1507142432,22767119,43.66,16.13000000,0
1507142407,22767077,43.64,0.04172000,1
1507142407,22767076,43.68,0.11828000,1
1507142407,22767075,43.70,6.84000000,1
1507142292,22767022,43.83,0.22184009,0
1507142290,22767019,43.70,43.16000000,1
1507142289,22767018,43.70,2.00000000,1
1507142289,22767017,43.70,0.20000000,1
1507142289,22767016,43.70,0.34000000,1
1507142289,22767015,43.71,14.30000000,1
1507142237,22766987,43.75,1.04070433,1
1507142237,22766986,43.75,5.00000000,1
1507142237,22766985,43.75,0.38304000,1
1507142196,22766958,43.76,14.28572269,1
1507142009,22766848,43.80,7.46973500,1
1507142007,22766841,43.80,3.53026500,1
1507142006,22766839,43.90,13.68085832,1
1507142001,22766829,43.90,15.63475923,1
1507142000,22766828,43.90,0.43438245,1
1507141999,22766827,43.90,1.09984755,1
1507141999,22766824,43.90,15.63495600,1
1507141997,22766820,43.90,4.71707738,1
1507141992,22766813,43.90,7.32988993,1
1507141990,22766804,43.90,10.78314329,1
1507141987,22766800,43.90,7.21681000,1
1507141935,22766760,43.90,15.62697000,1
1507141933,22766759,43.90,40.02703900,1
1507141933,22766758,43.91,17.90000000,1
1507141913,22766731,43.93,16.75260970,1
1507141912,22766730,43.93,5.95396895,0
1507141850,22766699,43.96,1.13444040,0
1507141803,22766675,43.90,16.84600000,1
1507141802,22766671,43.90,7.54510815,1
1507141797,22766669,43.90,5.27472689,1
1507141796,22766668,43.90,9.00000000,1
1507141776,22766651,43.91,1.71999932,1
1507141707,22766597,43.90,1.00000000,1
1507141704,22766595,44.04,1.72138965,0
1507141661,22766569,44.00,0.00007406,1
1507141625,22766549,44.00,1.18697660,1
1507141597,22766540,43.90,15.00000000,1
1507141592,22766539,43.91,0.89000000,1
1507141455,22766405,43.90,15.00000000,1
1507141451,22766397,44.06,8.19541534,0
1507141413,22766328,44.05,0.22633371,0
1507141275,22766184,44.07,0.88144061,0
1507141229,22766148,43.90,5.51724000,1
1507141194,22766091,43.90,2.04533030,1
1507141155,22766047,43.90,12.00000000,1
1507141150,22766040,43.90,7.00000000,1
1507141140,22766029,43.91,6.47000000,1
1507141028,22765920,44.07,1.13115498,0
1507140485,22765702,44.07,4.07420014,0
1507140199,22765537,43.90,1.33586151,1
1507140199,22765536,43.90,2.00000000,1
1507140199,22765535,43.90,7.34126849,1
1507140112,22765453,44.06,2.37403541,0
1507139542,22765104,43.90,0.45190476,1
1507139540,22765103,43.91,1.81000000,1
1507139420,22765034,43.91,1.29678460,1
1507139420,22765033,43.91,0.99821460,1
1507139419,22765032,43.92,2.70500080,1
1507139258,22764978,44.08,1.10149337,0
1507139139,22764919,43.91,0.00178540,1
1507139139,22764918,43.92,2.54462460,1
1507139136,22764913,43.92,3.78492000,1
1507139013,22764838,44.08,1.65362541,0
1507138552,22764284,44.06,1.13186564,0
1507138201,22763979,44.06,3.05628688,0
1507137340,22763418,43.90,0.15682675,1
1507137340,22763417,43.90,0.83212325,1
1507137315,22763390,44.08,1.00023000,0
1507136415,22762667,43.90,6.22834400,1
1507135683,22762155,44.02,0.33984552,0
1507135600,22762030,43.90,81.30998700,1
1507135523,22761975,43.90,24.00000000,1
1507135327,22761706,43.90,44.36946706,1
1507135149,22761610,43.90,11.90385569,1
1507135149,22761609,43.91,39.58000000,1
1507135149,22761608,43.92,4.40509690,1
1507135006,22761555,43.92,6.00000000,1
1507134984,22761527,44.08,83.78406565,1
1507134982,22761525,44.08,51.99247700,0
1507134931,22761498,44.05,1.01000000,0
1507134930,22761495,44.14,2.24150430,0
1507134929,22761494,44.05,4.54792658,0
1507134875,22761451,44.13,0.45207342,0
1507134680,22761356,43.92,1.14907834,1
1507134612,22761281,43.93,1.00000000,1
1507134552,22761242,43.93,5.34180000,1
1507134481,22761166,43.93,9.00000000,1
1507134413,22761119,43.93,5.00000000,1
1507134404,22761115,43.99,0.21980729,1
1507134354,22761050,44.11,2.47192098,1
1507134353,22761046,44.11,13.15678509,1
1507133695,22760455,44.10,0.00000019,1
1507133692,22760452,44.10,1.41870800,1
1507133689,22760447,44.10,2.47697038,1
1507133680,22760436,44.06,1.08683000,1
1507133672,22760432,44.03,0.55250326,1
1507133672,22760431,44.04,0.45820674,1
1507133669,22760430,44.13,1.00023000,0
1507133470,22760306,43.90,4.35622300,1
1507133430,22760255,43.95,1.18057751,0
1507133389,22760139,43.95,2.47690000,0
1507133255,22759912,43.95,1.00000000,1
1507133255,22759911,43.95,0.34055899,1
1507133255,22759910,43.96,10.00196350,1
1507133145,22759794,43.96,6.52229000,1
1507133067,22759726,44.09,9.13000000,0
1507133066,22759725,44.15,6.19599789,0
1507133066,22759724,44.15,26.34559400,1
1507133066,22759723,44.12,0.11863811,0
1507133064,22759721,44.09,17.34000000,0
1507132901,22759462,43.96,4.87410000,1
1507132772,22759377,44.05,7.00000000,1
1507132718,22759268,44.05,8.00000000,1
1507132519,22759130,44.05,2.26395824,0
1507132361,22758999,43.91,27.13464179,0
1507132345,22758978,43.91,10.00000000,1
1507132343,22758977,43.91,4.00000000,1
1507132156,22758776,44.13,5.40290000,0
1507132119,22758684,44.11,7.71560000,0
1507132078,22758661,43.93,17.87000000,1
1507131995,22758624,44.12,7.78464179,1
1507131995,22758623,44.12,2.82000000,0
1507131995,22758622,44.11,16.53000000,0
1507131935,22758594,44.10,7.72030000,0
1507131752,22758442,44.05,1.35680000,0
1507131604,22758314,43.95,10.00000000,1
1507131558,22758279,44.05,2.26469921,0
1507131534,22758257,44.00,5.00000000,1
1507131497,22758238,44.05,0.01768765,0
1507131495,22758236,44.04,0.98254235,0
1507131161,22758059,44.06,7.72270000,0
1507131003,22757917,44.05,1.50390000,1
1507131003,22757915,44.05,14.49600000,1
1507130909,22757856,43.91,6.00000000,1
1507130887,22757843,44.05,15.99990000,0
1507130825,22757826,43.91,4.48000000,1
1507130817,22757821,43.90,27.00000000,1
1507130670,22757755,43.91,18.55541600,1
1507130667,22757753,44.06,11.32092601,0
1507130399,22757617,43.88,11.68644083,1
1507130268,22757579,43.88,1.00590484,1
1507130268,22757578,43.90,0.00000016,1
1507130160,22757531,43.90,1.88012800,1
1507130115,22757510,43.90,0.17120800,1
1507130020,22757456,43.90,17.72661100,1
1507130020,22757455,43.90,2.09315100,1
1507130007,22757451,43.90,2.05133600,1
1507129905,22757359,43.90,1.66752400,1
1507129767,22757245,43.90,39.51046900,1
1507129712,22757220,43.90,33.86104784,1
1507129596,22757131,43.90,1.00000000,1
1507129593,22757126,43.95,1.55738900,1
1507129568,22757104,43.95,5.00000000,1
1507129498,22757065,43.95,5.59020800,1
1507129498,22757064,43.95,6.18448900,1
1507129498,22757063,43.95,7.17909800,1
1507129440,22757022,43.95,1.00000000,1
1507129387,22756980,43.95,1.00000000,1
1507129376,22756972,43.95,1.00000000,1
1507129244,22756861,43.95,2.52881600,1
1507129105,22756759,43.95,3.00000000,1
1507129102,22756756,43.96,3.00000000,1
1507127835,22755885,43.90,8.18917300,1
1507127835,22755884,43.90,12.09804200,1
1507127491,22755697,43.90,4.43333900,1
1507127460,22755661,43.90,0.17127600,1
1507127435,22755639,43.90,6.00000000,1
1507127403,22755580,43.90,11.00000000,1
1507127394,22755568,44.00,4.41991600,1
1507127392,22755565,44.11,0.00022647,1
1507127391,22755562,44.11,2.24171753,1
1507127345,22755519,44.00,0.58008400,1
1507126756,22755061,44.09,0.55354224,0
1507126075,22754700,44.05,9.85012857,1
1507126074,22754697,44.05,12.79686348,0
1507125995,22754656,43.93,4.19020000,1
1507125513,22754340,43.90,0.64902200,1
1507125497,22754330,43.90,15.78000000,1
1507125489,22754325,43.90,13.28886900,1
1507125465,22754303,43.90,20.06910800,1
1507125465,22754302,43.91,5.26000000,1
1507125432,22754278,43.91,0.26842600,1
1507125425,22754273,43.90,7.35969600,1
1507125219,22753977,44.01,4.56807477,0
1507125219,22753975,44.01,18.31543220,0
1507124380,22753291,43.90,1.00000000,1
1507124275,22753179,43.91,5.00000000,1
1507124191,22753140,43.91,3.00000000,1
1507124183,22753134,43.91,4.00000000,1
1507124167,22753099,43.91,7.00000000,1
1507124141,22753087,43.99,18.31543220,0
1507124141,22753085,43.91,3.00000000,0
1507124140,22753084,44.03,4.40928443,1
1507124135,22753081,43.91,10.00000000,1
1507123173,22752463,43.78,1.00000000,1
1507123173,22752462,43.78,0.18625637,1
1507123168,22752460,43.80,0.15720000,1
1507123168,22752459,43.80,0.20000000,1
1507123168,22752458,43.80,1.66039595,1
1507123165,22752456,43.80,3.00000000,1
1507123128,22752430,43.83,21.00000000,1
1507123120,22752428,43.85,8.62948210,1
1507123104,22752417,44.03,6.79650238,0
1507122991,22752289,43.87,8.00000000,1
1507122806,22752199,44.14,1.13632533,1
1507122805,22752198,44.14,3.09000000,0
1507122672,22752152,44.06,4.52791648,0
1507122594,22752124,43.97,1.00000000,1
1507122578,22752120,43.94,2.00000000,1
1507122373,22752035,44.16,13.81023000,0
1507122373,22752033,44.16,1.19000000,0
1507122255,22751965,43.80,1.97464000,1
1507122248,22751940,44.08,22.50000000,0
1507122208,22751917,44.20,56.41990950,0
1507122189,22751909,43.81,0.76880800,1
1507122069,22751828,43.80,3.00000000,1
1507122030,22751809,43.80,0.36496405,1
1507122030,22751808,43.80,14.63503595,1
1507122013,22751787,43.80,1.00000000,1
1507121978,22751776,44.02,1.00000000,0
1507121962,22751769,43.80,4.00000000,1
1507121934,22751754,44.11,2.12844089,1
1507121934,22751752,44.11,16.37000000,1
1507121934,22751751,44.01,2.63921564,1
1507121932,22751750,44.01,1.48516000,0
1507121887,22751730,43.90,0.20000000,1
1507121887,22751729,43.90,0.62826594,1
1507121861,22751698,43.95,0.45110000,1
1507121854,22751690,43.97,3.94341298,1
1507121854,22751688,43.97,30.90390800,1
1507121840,22751674,43.97,1.00000000,1
1507121838,22751672,43.97,8.18443000,1
1507121837,22751671,43.97,1.00000000,1
1507121788,22751636,43.97,26.58363300,1
1507121754,22751599,43.97,6.00000000,1
1507121751,22751590,43.97,2.00000000,1
1507121749,22751589,43.97,7.08827761,1
1507121749,22751588,44.00,1.15000000,1
1507121748,22751587,44.00,0.20000000,1
1507121748,22751586,44.00,4.50000000,1
1507121748,22751585,44.00,0.12000000,1
1507121748,22751584,44.01,0.00000045,1
1507121741,22751567,44.01,23.06571100,1
1507121741,22751566,44.01,47.61386900,1
1507121548,22751423,44.01,1.00000000,1
1507121434,22751282,44.01,1.00000000,1
1507121369,22751218,44.01,0.12000000,1
1507121307,22751170,44.24,0.21899381,0
1507121287,22751155,44.01,2.86825000,1
1507121223,22750992,44.01,31.00000000,1
1507121221,22750987,44.01,1.11000000,1
1507121212,22750949,44.01,2.00000000,1
1507121181,22750903,44.01,3.22216955,1
1507121181,22750902,44.01,0.12000000,1
1507121181,22750901,44.02,0.12000000,1
1507121181,22750900,44.02,8.83521000,0
1507121180,22750898,44.03,0.21326370,1
1507121180,22750897,44.03,0.12000000,1
1507121180,22750896,44.03,9.77872500,0
1507121178,22750891,44.04,35.29863175,1
1507121178,22750889,44.05,12.83000000,1
1507121178,22750888,44.06,36.46200000,1
1507121175,22750879,44.04,0.88000000,1
1507121175,22750878,44.04,0.12000000,1
1507121172,22750874,44.05,5.14804986,1
1507121172,22750873,44.05,3.85195014,1
1507121169,22750869,44.05,4.00000000,1
1507121149,22750817,44.05,0.88000000,0
1507121147,22750809,44.05,0.12000000,1
1507121111,22750746,44.06,9.96522076,1
1507121111,22750745,44.06,0.12000000,1
1507121111,22750744,44.07,0.12000000,1
1507121111,22750742,44.07,0.79477924,1
1507121109,22750739,44.07,3.85109323,1
1507121109,22750738,44.08,5.55891220,1
1507121109,22750737,44.09,0.58999457,1
1507121089,22750697,44.10,2.00000000,1
1507121019,22750633,44.47,6.55239215,1
1507121018,22750632,44.39,0.12000000,0
1507121018,22750631,44.34,11.18542194,0
1507121016,22750629,44.29,0.12000000,0
1507120985,22750609,44.25,7.13001000,0
1507120874,22750428,44.09,0.00000543,0
1507120866,22750406,44.09,9.91114500,0
1507120864,22750404,44.09,2.14304065,0
1507120856,22750387,44.09,2.09838000,0
1507120854,22750381,44.09,13.56610000,0
1507120854,22750380,44.08,17.96622305,0
1507120851,22750375,44.09,22.85302200,0
1507120844,22750370,44.09,2.22669000,0
1507120841,22750365,44.09,4.34641000,0
1507120839,22750364,44.09,2.23024000,0
1507120819,22750353,44.09,1.29435120,1
1507120819,22750352,44.10,2.02000000,1
1507120717,22750201,44.09,0.01760000,1
1507120715,22750197,44.10,0.20000000,1
1507120431,22749895,44.19,17.06867031,1
1507120431,22749894,44.20,2.15876940,1
1507120431,22749892,44.21,1.77256029,1
1507120426,22749886,44.22,1.00000000,1
1507120423,22749880,44.22,3.14537645,1
1507120423,22749879,44.23,1.85462355,1
1507119998,22749620,44.16,9.22545797,0
1507119998,22749619,44.20,0.20000000,1
1507119998,22749618,44.27,18.31543194,1
1507119996,22749617,44.33,23.81911009,1
1507119975,22749604,44.33,15.00000000,1
1507119973,22749601,44.33,7.00000000,1
1507119942,22749562,44.33,7.75181810,1
1507119942,22749561,44.33,7.24818190,1
1507119908,22749550,44.58,5.00000000,0
1507119862,22749536,44.37,1.00000000,1
1507119664,22749442,44.35,1.00000000,1
1507119663,22749440,44.35,5.00000000,1
1507119624,22749390,44.36,12.00000000,1
1507119607,22749386,44.33,25.00000000,1
1507119598,22749381,44.64,1.04278673,1
1507119597,22749380,44.64,9.00000000,1
1507119597,22749379,44.59,0.12000000,0
1507119597,22749377,44.57,3.13000000,1
1507119595,22749376,44.49,0.12000000,0
1507119592,22749374,44.33,19.00000000,1
1507119440,22749300,44.31,9.95062680,1
1507119433,22749298,44.30,0.77955940,1
1507119433,22749297,44.30,9.82000000,1
1507119433,22749296,44.30,11.20044060,1
1507119433,22749295,44.30,0.20000000,1
1507119426,22749293,44.40,0.20000000,1
1507119323,22749262,44.41,11.00000000,1
1507119320,22749257,44.40,5.00000000,1
1507119304,22749251,44.37,7.00000000,1
1507119215,22749219,44.68,0.05088730,1
1507119215,22749218,44.65,2.83000000,0
1507119215,22749217,44.59,0.12000000,0
1507119213,22749215,44.49,0.12000000,0
1507119213,22749214,44.49,0.87934270,0
1507119146,22749196,44.49,0.00004173,1
1507119143,22749192,44.49,0.99995827,1
1507119143,22749191,44.49,0.00061557,1
1507119141,22749189,44.49,0.87938443,1
1507119137,22749183,44.49,0.12000000,0
1507118799,22748987,44.55,9.98720539,0
1507118665,22748941,44.53,4.24051201,0
1507118665,22748940,44.49,0.12000000,0
1507118664,22748939,44.39,0.12000000,0
1507117967,22748615,44.16,5.88119989,1
1507117672,22748510,44.39,1.76023000,0
1507117672,22748509,44.39,0.12000000,0
1507117671,22748508,44.29,0.12000000,0
1507117562,22748475,44.21,9.00000000,0
1507117562,22748474,44.20,13.00000000,0
1507117479,22748340,44.21,6.00000000,1
1507117473,22748335,44.21,7.00000000,1
1507117446,22748326,44.21,9.00000000,1
1507117374,22748302,44.20,1.25416507,1
1507116855,22748076,44.29,1.88203206,1
1507116854,22748074,44.29,0.12000000,0
1507116478,22747778,44.09,3.00000000,1
1507115748,22747345,44.27,2.18229049,0
1507115418,22747161,44.28,2.47786811,0
1507114274,22746366,44.35,4.92309385,0
1507114274,22746365,44.33,0.57992191,0
1507114272,22746364,44.29,0.12000000,0
1507113953,22746104,44.33,2.13038574,1
1507113951,22746102,44.29,0.12000000,0
1507113599,22745852,44.07,5.35412753,1
1507113599,22745851,44.08,0.12000000,1
1507113599,22745849,44.09,0.12000000,1
1507113599,22745847,44.10,0.12000000,1
1507113599,22745846,44.11,0.12000000,1
1507112885,22745305,44.39,0.02360585,1
1507112874,22745301,44.39,0.12000000,0
1507112049,22744427,44.27,2.26700000,1
1507111995,22744309,44.54,5.00023000,0
1507111932,22744199,44.40,0.50102204,1
1507111690,22744104,44.57,0.00010634,1
1507111690,22744103,44.57,1.99989366,1
1507111617,22744079,44.57,0.00000487,1
1507111601,22744068,44.57,0.36013000,1
1507111600,22744067,44.57,7.63986513,0
1507111478,22744018,44.57,10.67556652,0
1507110926,22743713,44.12,1.36646605,1
1507110926,22743712,44.12,0.12000000,1
1507110926,22743711,44.13,0.12000000,1
1507110926,22743710,44.14,0.12000000,1
1507110926,22743709,44.20,18.31542584,1
1507110806,22743652,44.48,25.81700540,0
1507110806,22743651,44.47,23.52000000,0
1507110754,22743634,44.45,1.00518486,0
1507110268,22743414,44.36,35.33633904,0
1507110266,22743413,44.32,0.64267546,0
1507110153,22743360,44.15,0.67000000,0
1507110152,22743359,44.15,0.12000000,1
1507110147,22743356,44.16,0.12000000,1
1507110138,22743347,44.17,0.12000000,1
1507110138,22743346,44.18,0.12000000,1
1507110137,22743345,44.19,0.12000000,1
1507110134,22743342,44.20,0.12000000,1
1507110134,22743341,44.21,0.12000000,1
1507110133,22743340,44.22,0.12000000,1
1507110133,22743339,44.23,0.12000000,1
1507110131,22743337,44.26,0.72572500,1
1507110130,22743333,44.26,1.00000000,1
1507110122,22743322,44.26,4.50000000,1
1507110115,22743313,44.24,1.88000000,0
1507110114,22743311,44.24,0.12000000,1
1507110106,22743302,44.25,0.12000000,1
1507110091,22743266,44.26,0.12000000,1
1507109896,22742942,44.27,9.64000000,1
1507109896,22742940,44.27,0.12000000,1
1507109896,22742938,44.28,0.12000000,1
1507109894,22742936,44.29,0.12000000,1
1507109875,22742923,44.30,0.12000000,1
1507109875,22742922,44.31,0.12000000,1
1507109871,22742915,44.32,0.12000000,1
1507109867,22742913,44.34,10.00000000,1
1507109855,22742871,44.33,3.00000034,1
1507109855,22742870,44.33,1.62660700,1
1507109855,22742869,44.33,0.12000000,1
1507109855,22742867,44.34,9.99721266,1
1507109854,22742864,44.34,4.45863100,1
1507109853,22742861,44.34,3.00000000,1
1507109849,22742850,44.34,0.42415634,0
1507109849,22742849,44.34,0.71125650,1
1507109849,22742848,44.34,0.12000000,1
1507109849,22742847,44.35,0.12000000,1
1507109847,22742845,44.36,0.12000000,1
1507109839,22742821,44.37,0.12000000,1
1507109839,22742819,44.38,0.12000000,1
1507109839,22742817,44.39,0.12000000,1
1507109837,22742813,44.40,1.12331081,1
1507109837,22742811,44.40,0.12000000,1
1507109815,22742783,44.41,1.80008600,1
1507109815,22742782,44.41,0.12000000,1
1507109815,22742781,44.42,0.12000000,1
1507109815,22742780,44.43,0.12000000,1
1507109815,22742778,44.44,0.12000000,1
1507109815,22742776,44.45,0.12000000,1
1507109815,22742775,44.46,0.12000000,1
1507109797,22742746,44.47,0.12000000,1
1507109793,22742728,44.48,0.12000000,1
1507109793,22742726,44.49,0.12000000,1
1507109701,22742533,44.74,4.48122485,0
1507109566,22742445,44.77,1.09157918,0
1507109360,22742396,44.68,2.52260519,0
1507109193,22742311,44.50,27.84839004,1
1507109193,22742310,44.50,0.12000000,1
1507109192,22742309,44.50,5.00000000,1
1507109192,22742308,44.52,0.12000000,1
1507109192,22742307,44.53,11.69160996,1
1507109192,22742306,44.53,0.12000000,1
1507109187,22742303,44.54,6.30840188,1
1507109187,22742302,44.55,6.92891710,1
1507109187,22742301,44.55,0.12000000,1
1507109185,22742300,44.70,0.64268102,1
1507109027,22742222,44.77,1.42595488,0
1507108826,22741972,44.85,2.22407865,1
1507108825,22741971,44.85,0.00000162,0
1507108806,22741888,44.85,105.08378838,1
1507108803,22741884,44.85,6.28000000,1
1507108803,22741883,44.86,12.72000000,1
1507108782,22741861,44.85,50.65000000,1
1507108782,22741860,44.85,50.00000000,1
1507108773,22741851,44.85,8.59220400,1
1507108770,22741849,44.85,1.00000000,1
1507108761,22741847,44.85,1.99977704,1
1507108761,22741846,44.85,6.00000000,1
1507108747,22741844,44.85,8.00000000,1
1507108741,22741837,44.96,3.69639679,0
1507108741,22741836,44.96,2.93727759,0
1507108713,22741825,44.89,0.99093785,1
1507108711,22741824,44.89,0.12000000,0
1507108679,22741815,44.85,15.00000000,1
1507108670,22741810,44.85,7.00000000,1
1507108654,22741802,44.85,3.00000000,1
1507108649,22741800,44.85,3.00000000,1
1507108502,22741597,44.85,15.00000000,1
1507108499,22741594,44.85,6.00000000,1
1507108496,22741591,44.85,14.00000000,1
1507108492,22741584,44.94,3.43146417,0
1507108491,22741583,44.89,0.12000000,0
1507108487,22741582,44.85,9.00000000,1
1507108471,22741579,44.85,13.00000000,1
1507108468,22741578,44.85,7.00000000,1
1507108454,22741577,44.85,7.00000000,1
1507108442,22741575,44.85,16.00000000,1
1507108403,22741536,44.85,13.00000000,1
1507108391,22741535,44.85,7.00000000,1
1507108389,22741534,44.85,4.00000000,1
1507108385,22741533,44.85,1.00000000,1
1507108382,22741531,44.85,12.00000000,1
1507108377,22741529,44.85,8.00000000,1
1507108320,22741523,44.85,14.00000000,1
1507108286,22741514,44.85,13.18300200,1
1507108286,22741513,44.85,4.51385500,1
1507108267,22741498,44.85,1.08899900,1
1507108259,22741483,44.85,4.51385600,1
1507108259,22741482,44.85,19.18300100,1
1507108253,22741478,44.85,13.22056800,1
1507108209,22741462,44.87,0.99333440,1
1507108193,22741454,44.87,3.00000000,1
1507108179,22741443,44.86,1.00000000,1
1507108171,22741434,44.85,44.39913200,1
1507108169,22741433,44.85,10.88211800,1
1507108169,22741432,44.85,19.48397000,1
1507108131,22741401,44.85,4.00000000,1
1507108126,22741398,44.86,14.00000000,1
1507108100,22741373,44.86,17.88000000,1
1507108092,22741371,44.87,7.54937820,1
1507108071,22741367,44.87,0.82435200,1
1507108049,22741362,44.88,32.49129679,0
1507108049,22741361,44.89,5.54310044,1
1507108049,22741360,44.89,6.99999500,1
1507108048,22741359,44.89,0.12000000,0
1507108022,22741342,44.85,51.68047200,1
1507108021,22741340,44.86,44.61000000,1
1507108018,22741335,44.85,2.24525758,1
1507108018,22741334,44.86,0.00022737,1
1507108017,22741332,44.86,15.56977263,1
1507107863,22741256,44.80,24.82038175,0
1507107856,22741255,44.79,14.20799030,1
1507107854,22741254,44.79,0.12000000,0
1507107831,22741223,44.79,0.12000000,0
1507107714,22741196,44.69,0.12000000,0
1507107443,22741045,44.59,6.99999500,1
1507107207,22740967,44.59,0.12000000,1
1507107196,22740961,44.58,2.85504572,1
1507106549,22740385,44.80,1.99531250,0
1507106547,22740384,44.79,0.12000000,0
1507106535,22740375,44.78,9.79126364,1
1507106492,22740346,44.78,2.22755695,0
1507106167,22740215,44.80,2.69963700,0
1507106167,22740214,44.79,0.12000000,0
1507105830,22740091,44.73,3.07735301,0
1507105824,22740087,44.73,0.44600939,0
1507105813,22740083,44.76,10.80166567,0
1507105539,22739955,44.56,0.12000000,1
1507105539,22739954,44.57,0.12000000,1
1507105535,22739951,44.77,2.10833147,0
1507105534,22739950,44.69,0.12000000,0
1507105296,22739828,44.58,4.54989044,0
1507105295,22739827,44.58,0.00016789,1
1507105271,22739785,44.58,0.11983211,1
1507105271,22739783,44.59,0.12000000,1
1507105245,22739756,44.69,2.16687536,0
1507105091,22739669,44.64,1.07952509,1
1507104875,22739540,44.69,3.62400000,0
1507104873,22739539,44.68,3.38000000,0
1507104853,22739525,44.71,5.42094914,0
1507104768,22739503,44.60,3.38000000,1
1507104768,22739502,44.60,0.12000000,1
1507104740,22739480,44.64,6.50000000,1
1507104721,22739459,44.63,1.10064527,1
1507104680,22739435,44.87,1.00022287,0
1507104675,22739433,44.87,1.08524764,0
1507104584,22739368,44.61,0.11977900,1
1507104584,22739366,44.61,0.12000000,1
1507104584,22739365,44.62,0.12000000,1
1507104584,22739364,44.63,0.12000000,1
1507104583,22739363,44.64,0.12000000,1
1507104583,22739362,44.65,0.12000000,1
1507104364,22739203,44.85,2.04882943,0
1507104083,22739095,44.83,0.29294659,1
1507104053,22739085,44.83,0.58705341,0
1507104053,22739084,44.79,0.12000000,0
1507103551,22738893,44.66,7.00900000,0
1507103543,22738890,44.66,0.12000000,1
1507103468,22738837,44.76,0.20000000,0
1507103449,22738827,44.67,0.12000000,1
1507103449,22738826,44.68,0.12000000,1
1507103449,22738825,44.69,0.12000000,1
1507103449,22738824,44.70,0.12000000,1
1507103448,22738823,44.71,0.12000000,1
1507103448,22738822,44.72,0.12000000,1
1507103448,22738821,44.73,0.12000000,1
1507103448,22738820,44.74,0.12000000,1
1507103448,22738819,44.75,0.12000000,1
1507103448,22738818,44.76,0.12000000,1
1507103448,22738817,44.77,0.12000000,1
1507103448,22738816,44.78,0.12000000,1
1507103421,22738787,44.79,1.00000000,0
1507103418,22738778,44.87,1.00000000,0
1507103017,22738638,44.79,4.64000000,0
1507103005,22738635,44.79,0.24000000,0
1507102989,22738630,44.79,0.12000000,1
1507102963,22738614,44.80,6.28342782,1
1507102963,22738612,44.80,0.12000000,1
1507102413,22738387,44.81,0.12000000,1
1507102412,22738386,44.82,0.12000000,1
1507102308,22738344,44.91,2.02115342,0
1507102295,22738338,44.83,1.51000000,0
1507102271,22738332,44.83,0.12000000,1
1507102266,22738331,44.84,0.12000000,1
1507102255,22738326,44.85,0.12000000,1
1507102254,22738325,44.86,0.12000000,1
1507102250,22738324,44.87,0.12000000,1
1507102250,22738323,44.88,0.12000000,1
1507102230,22738319,44.89,1.00000000,1
1507102122,22738250,44.89,0.20000000,0
1507102112,22738239,44.89,0.20000000,0
1507101792,22738100,44.84,16.90028682,1
1507101731,22738079,44.90,0.11000000,1
1507101331,22737928,44.99,2.09715937,1
1507101331,22737926,44.99,0.12000000,0
1507101315,22737919,44.90,11.00000000,1
1507101261,22737887,44.93,34.14000000,1
1507100668,22737726,44.89,0.12000000,0
1507100571,22737707,44.88,0.20000000,0
1507100435,22737671,44.93,8.00000000,1
1507100410,22737669,44.98,0.20000000,0
1507099999,22737536,45.08,0.20000000,1
1507099811,22737458,45.12,10.86444118,1
1507099811,22737456,45.09,1.66505348,0
1507099811,22737455,45.09,0.12000000,0
1507099811,22737454,45.08,0.12000000,0
1507099810,22737453,45.03,2.65939422,0
1507099810,22737452,45.00,0.50000000,0
1507099810,22737451,45.00,1.00000000,0
1507099810,22737450,45.00,2.95111112,0
1507099809,22737449,44.99,0.12000000,0
1507099473,22737354,45.00,17.04888888,0
1507099473,22737353,45.00,5.00000000,0
1507099472,22737352,44.99,0.12000000,0
1507099215,22737225,44.89,0.12000000,0
1507099069,22737197,44.99,31.63000000,1
1507099059,22737193,44.99,3.00000000,1
1507099058,22737192,44.99,0.12000000,0
1507099057,22737191,44.98,10.13000000,0
1507099057,22737190,44.89,0.12000000,0
1507099016,22737174,45.00,16.89666666,1
1507099016,22737173,44.99,0.12000000,0
1507099015,22737172,44.95,0.12644000,0
1507099015,22737171,44.94,12.03000000,0
1507099013,22737170,44.90,4.10226200,0
1507098943,22737087,44.90,9.89773800,0
1507098943,22737086,44.89,0.12000000,0
1507098759,22736978,44.84,20.07135300,0
1507098750,22736974,44.84,1.92864700,0
1507098750,22736973,44.82,0.11662000,0
1507098630,22736906,44.80,20.00000000,0
1507098630,22736902,44.80,0.34000000,0
1507098630,22736900,44.79,0.12000000,0
1507097884,22736674,44.79,2.00000000,0
1507097792,22736642,44.80,1.88415178,1
1507097792,22736639,44.79,0.12000000,0
1507097789,22736637,44.78,3.07000000,1
1507096641,22736341,44.69,0.12000000,0
1507096598,22736304,44.59,0.12000000,0
1507095670,22735906,44.57,1.55934486,0
1507095669,22735904,44.66,1.55000000,0
1507095669,22735900,44.66,25.83757783,1
1507095668,22735898,44.65,3.55775300,1
1507095668,22735897,44.59,0.12000000,0
1507095657,22735883,44.51,19.15690000,1
1507095656,22735881,44.51,19.15690000,1
1507095651,22735879,44.52,11.36951900,1
1507095544,22735802,44.65,1.55741090,1
1507095543,22735801,44.66,56.31574400,0
1507095543,22735800,44.66,2.63425600,0
1507095534,22735793,44.65,17.01325051,0
1507095533,22735791,44.65,1.55674949,0
1507095421,22735601,44.62,3.02387100,1
1507095421,22735599,44.62,9.63231900,1
1507095409,22735550,44.69,1.37541284,0
1507095409,22735549,44.69,0.12000000,0
1507095405,22735532,44.61,18.87218300,1
1507095400,22735519,44.61,5.93890500,1
1507095395,22735512,44.61,5.70690400,1
1507095395,22735511,44.61,6.99000000,1
1507095395,22735510,44.61,1.13812100,1
1507095392,22735499,44.60,29.62000000,0
1507095385,22735484,44.59,0.12000000,0
1507095375,22735477,44.56,5.93890500,1
1507095355,22735450,44.58,58.87000000,0
1507095352,22735444,44.56,35.15018200,1
1507095350,22735437,44.57,24.74981900,1
1507095350,22735435,44.57,6.99000000,1
1507095349,22735433,44.57,11.65627600,1
1507095346,22735424,44.55,5.96390500,1
1507095160,22735278,44.58,16.78331090,0
1507094917,22735218,44.57,1.70069554,0
1507094883,22735214,44.48,2.25715100,1
1507094874,22735210,44.48,8.78880600,1
1507094869,22735208,44.42,7.00000000,1
1507094857,22735205,44.53,16.80215585,0
1507094811,22735201,44.52,1.08777178,0
1507094811,22735200,44.50,0.50000000,0
1507094811,22735197,44.49,0.12000000,0
1507094265,22735098,44.47,0.00073104,1
1507094241,22735078,44.47,14.53226896,1
1507094238,22735077,44.46,0.00362016,1
1507094237,22735076,44.41,5.16752984,0
1507093272,22734859,44.32,0.76687173,0
1507092996,22734782,44.34,5.00000000,0
1507092355,22734701,44.30,32.26455982,0
1507092353,22734700,44.29,19.36000000,0
1507092350,22734698,44.30,45.38892908,1
1507092349,22734694,44.30,32.26524700,1
1507091385,22734484,44.24,11.27373418,0
1507087699,22733744,44.09,18.92104300,1
1507087158,22733624,44.21,14.50000000,1
1507086482,22733556,44.18,4.85611876,0
1507086480,22733553,44.17,26.55000000,0
1507086278,22733504,44.08,0.88000000,0
1507086277,22733503,44.08,0.12000000,1
1507083773,22733144,44.12,3.35386364,0
1507081862,22732740,44.12,15.02336684,1
1507081862,22732739,44.15,4.85611876,1
1507081860,22732737,44.16,9.99797040,1
1507081375,22732654,44.10,33.90598140,1
1507081375,22732653,44.13,11.09401860,1
1507079754,22732302,44.36,27.91600000,1
1507079753,22732301,44.30,2.00000000,0
1507079752,22732300,44.30,22.08400000,0
1507078626,22732078,44.12,20.42383022,0
1507077481,22731762,44.23,5.63802849,0
1507077397,22731735,44.27,3.72184254,1
1507077350,22731713,44.28,21.80000000,1
1507077349,22731712,44.27,5.29103300,1
1507076127,22731470,44.43,0.20000000,0
1507076117,22731468,44.43,1.49400000,0
1507075467,22731335,44.40,0.00067567,1
1507075462,22731333,44.40,5.69932433,1
