date,tid,price,amount,type
1507161631,22778263,0.00005073,2083.90380445,1
1507161630,22778257,0.00005073,97.13542283,0
1507161629,22778250,0.00005068,1367.90000000,0
1507161246,22778180,0.00005045,817.26743540,0
1507161245,22778179,0.00005045,3891.85298374,1
1507161245,22778178,0.00005045,12752.05326386,1
1507161077,22778145,0.00005025,329.91150000,1
1507161076,22778144,0.00005030,1170.08850000,1
1507160948,22778095,0.00005061,59.07923335,0
1507160666,22778045,0.00005057,460.57801067,1
1507160635,22778040,0.00005061,430.50642165,0
1507160594,22778036,0.00005041,135.35656560,1
1507160574,22778032,0.00005062,465.05610431,0
1507160529,22778016,0.00005036,2882.03919523,1
1507160529,22778015,0.00005039,270.27002177,1
1507160503,22777998,0.00005061,874.07409602,0
1507160291,22777861,0.00005043,538.81820042,1
1507159782,22777727,0.00005036,1076.55381500,1
1507159771,22777726,0.00005035,4370.35910906,1
1507159771,22777725,0.00005038,1826.60000000,1
1507159771,22777724,0.00005039,2146.68545450,1
1507159462,22777580,0.00005056,1143.30399525,0
1507159416,22777563,0.00005039,6600.00000000,0
1507159379,22777551,0.00005037,429.22692078,0
1507159342,22777536,0.00005035,6324.23964800,0
1507159174,22777491,0.00005035,1840.88239357,0
1507159158,22777486,0.00005031,2187.18700226,0
1507159078,22777448,0.00005040,636.02480158,0
1507158970,22777403,0.00005039,754.84242905,1
1507158947,22777337,0.00005039,752.76938668,0
1507158633,22777274,0.00005016,2864.31810070,1
1507158633,22777273,0.00005017,1175.03440000,1
1507158569,22777240,0.00005035,4015.58925016,1
1507158569,22777239,0.00005036,5357.02303684,1
1507158195,22777042,0.00005031,176.49300000,1
1507157762,22776924,0.00005052,500.00000000,0
1507157755,22776923,0.00005037,598.96973100,1
1507157751,22776922,0.00005038,1280.03904300,1
1507157751,22776921,0.00005038,370.97534178,1
1507157664,22776894,0.00005046,3146.40372844,1
1507157637,22776891,0.00005046,2845.00000000,1
1507157636,22776890,0.00005046,1378.09460800,1
1507157626,22776886,0.00005097,10.88071414,1
1507157625,22776885,0.00005097,413.47647615,0
1507157599,22776882,0.00005045,3447.75030000,1
1507157598,22776881,0.00005044,202.99942100,1
1507157590,22776879,0.00005035,1171.05610000,1
1507157573,22776848,0.00005031,148.39700000,1
1507157571,22776847,0.00005127,4576.36764595,0
1507157571,22776846,0.00005127,690.38532830,1
1507157571,22776845,0.00005127,10299.56300000,1
1507157571,22776844,0.00005100,21818.51654210,0
1507157571,22776843,0.00005100,22000.00000000,0
1507157570,22776842,0.00005098,32210.43246227,1
1507157570,22776841,0.00005098,3451.92664149,1
1507157570,22776840,0.00005097,10542.96257248,1
1507157570,22776839,0.00005060,690.38532830,0
1507157569,22776838,0.00005059,43727.86900000,0
1507157569,22776837,0.00005050,400.00000000,0
1507157569,22776836,0.00005048,25000.00000000,0
1507157568,22776835,0.00005047,3451.92664149,0
1507157498,22776789,0.00005033,1173.72230000,1
1507157394,22776754,0.00005034,209.18611400,1
1507157144,22776658,0.00005034,1170.17440000,1
1507157006,22776602,0.00005062,47.87929672,0
1507156842,22776525,0.00005058,96.15737445,1
1507156841,22776524,0.00005058,2574.17405072,0
1507156532,22776387,0.00005045,453.94767096,0
1507156530,22776386,0.00005040,50.00000000,0
1507156474,22776373,0.00005039,235.15737249,0
1507156472,22776372,0.00005029,50.00000000,0
1507156400,22776362,0.00005013,50.00000000,0
1507156238,22776300,0.00005009,1876.92620490,1
1507156238,22776299,0.00005011,1123.07379510,1
1507156225,22776291,0.00005009,27300.25033283,1
1507156225,22776289,0.00005011,2812.74465968,0
1507156225,22776288,0.00005013,2239.99563449,1
1507156225,22776287,0.00005013,1166.88790000,1
1507156223,22776283,0.00005015,1131.43851500,0
1507156223,22776282,0.00005015,100.00000000,1
1507156158,22776211,0.00005020,9825.11639277,1
1507156158,22776210,0.00005022,2174.88360723,1
1507155706,22776040,0.00005040,1000.00000000,0
1507155671,22775980,0.00005044,4213.81773600,0
1507155651,22775961,0.00005051,2268.75040400,1
1507155649,22775960,0.00005067,500.00000000,0
1507155527,22775872,0.00005069,2164.64154666,0
1507155369,22775805,0.00005069,500.00000000,0
1507155241,22775754,0.00005076,213.67809299,0
1507155071,22775686,0.00005065,235.69062191,0
1507154996,22775666,0.00005069,531.21617357,0
1507154992,22775662,0.00005070,1256.11360946,0
1507154949,22775638,0.00005055,1164.12950000,0
1507154764,22775488,0.00005066,481.56827535,0
1507154585,22775303,0.00005054,2215.22972925,1
1507154576,22775282,0.00005065,4529.18144126,0
1507154553,22775249,0.00005070,4690.37790927,0
1507154553,22775247,0.00005070,10065.44054426,0
1507154396,22775160,0.00005059,965.03103380,0
1507154324,22775130,0.00005049,434.56871600,1
1507154024,22775015,0.00005061,1652.31416716,0
1507153951,22774994,0.00005031,118.70457850,0
1507153813,22774877,0.00005022,1055.62269000,0
1507153717,22774819,0.00005010,600.00000000,0
1507153709,22774793,0.00005025,1164.12417910,0
1507153704,22774774,0.00005007,21104.23834346,1
1507153702,22774769,0.00005022,113.23513954,1
1507153694,22774725,0.00005022,252.61907607,0
1507153694,22774721,0.00005022,550.69959000,0
1507153689,22774708,0.00005034,1000.00000000,1
1507153689,22774705,0.00005040,1432.00830083,0
1507153684,22774693,0.00005044,2490.05295215,0
1507153674,22774681,0.00005050,3594.61091300,1
1507153665,22774658,0.00005050,3360.38908700,1
1507153650,22774630,0.00005051,1603.15288300,1
1507153646,22774625,0.00005056,95.84948329,1
1507153640,22774614,0.00005056,547.20414778,1
1507153640,22774613,0.00005056,914.50442322,1
1507153639,22774610,0.00005056,2132.90234200,1
1507153638,22774605,0.00005056,168.27276000,1
1507153634,22774600,0.00005055,2658.04723400,1
1507153634,22774598,0.00005067,728.71376100,1
1507153633,22774593,0.00005067,3469.01182400,1
1507153628,22774592,0.00005067,302.27441500,1
1507153628,22774591,0.00005070,3252.42178300,1
1507153626,22774586,0.00005070,12245.78100000,1
1507153626,22774583,0.00005070,3469.01182300,1
1507153619,22774568,0.00005070,3129.78539400,1
1507153617,22774563,0.00005071,495.95772047,1
1507153617,22774562,0.00005071,15662.46306670,1
1507153617,22774561,0.00005077,130.99097483,1
1507153599,22774537,0.00005090,2553.53223698,0
1507153577,22774502,0.00005086,1249.96244593,0
1507153569,22774491,0.00005086,1273.82633460,0
1507153479,22774412,0.00005071,376.54054034,0
1507153477,22774411,0.00005077,261.45945966,1
1507153447,22774402,0.00005090,565.82795400,0
1507153445,22774397,0.00005090,171.04666800,0
1507153431,22774394,0.00005090,553.09696000,0
1507153427,22774391,0.00005090,407.76615500,0
1507153420,22774390,0.00005090,2932.69532840,0
1507153385,22774318,0.00005090,715.04541600,0
1507153377,22774313,0.00005090,1307.90692500,0
1507153364,22774304,0.00005090,442.66816000,0
1507153364,22774303,0.00005090,1152.78602900,0
1507153351,22774294,0.00005090,10481.78520600,0
1507153349,22774292,0.00005090,2730.60181000,0
1507153346,22774288,0.00005090,227.70000000,0
1507153345,22774287,0.00005094,1145.85230000,1
1507153314,22774262,0.00005090,55748.12532491,1
1507153314,22774260,0.00005091,16113.46507509,1
1507153314,22774259,0.00005093,1138.30960000,1
1507153292,22774228,0.00005142,11765.11667000,0
1507153292,22774227,0.00005142,8709.52500000,0
1507153283,22774217,0.00005105,1016.89780700,0
1507153283,22774215,0.00005105,18755.40219300,0
1507153282,22774209,0.00005105,227.70000000,0
1507153207,22774114,0.00005121,1147.49970000,1
1507153109,22774068,0.00005142,1039.42609879,1
1507153108,22774067,0.00005142,1445.52778530,0
1507153065,22774055,0.00005129,3000.00000000,1
1507153054,22774051,0.00005139,1430.09826814,0
1507153014,22774031,0.00005129,1445.52778500,1
1507153014,22774030,0.00005129,633.55432700,1
1507153009,22774027,0.00005129,330.31267300,1
1507153007,22774026,0.00005129,172.06000000,1
1507152909,22773961,0.00005132,1152.17490000,1
1507152909,22773960,0.00005137,3989.79320965,1
1507152909,22773959,0.00005140,3851.00000000,1
1507152874,22773908,0.00005156,599.46944844,1
1507152873,22773900,0.00005156,929.65800000,1
1507152871,22773891,0.00005156,1197.62785412,1
1507152870,22773885,0.00005156,700.00000000,1
1507152869,22773881,0.00005156,471.55500000,1
1507152868,22773880,0.00005156,3371.68000000,1
1507152865,22773879,0.00005156,1630.00969744,0
1507152733,22773823,0.00005156,369.99030256,0
1507152731,22773822,0.00005149,52.54804726,0
1507152340,22773594,0.00005149,160.65546708,0
1507152338,22773593,0.00005146,1486.90000000,0
1507152319,22773576,0.00005146,795.60000000,0
1507152103,22773461,0.00005124,1135.56490000,1
1507152028,22773407,0.00005146,5276.79129420,0
1507152028,22773406,0.00005145,3303.03383491,1
1507152028,22773405,0.00005145,3950.00000000,0
1507152026,22773403,0.00005140,197.48198591,0
1507152019,22773397,0.00005119,1155.94720000,1
1507151958,22773309,0.00005123,1145.54549675,0
1507151810,22773167,0.00005142,2463.99241540,0
1507151810,22773166,0.00005140,3171.07803395,0
1507151808,22773165,0.00005139,11484.65380203,0
1507151678,22773114,0.00005141,2910.32872981,0
1507151636,22773092,0.00005129,230.22984028,0
1507151482,22772943,0.00005135,1603.54021421,0
1507151481,22772941,0.00005119,515.59546955,0
1507151395,22772872,0.00005114,216.38951896,0
1507151389,22772865,0.00005114,100.25772390,0
1507151384,22772856,0.00005114,822.46410100,0
1507151368,22772822,0.00005109,18637.81344870,1
1507151368,22772821,0.00005110,2923.79315130,1
1507151368,22772820,0.00005114,1155.89340000,1
1507151346,22772788,0.00005119,1022.17226550,1
1507151346,22772786,0.00005120,131.06602465,1
1507151271,22772520,0.00005112,2282.50000000,0
1507151240,22772506,0.00005123,38.94222135,0
1507151178,22772465,0.00005116,3227.17191593,1
1507151137,22772426,0.00005112,174.90200000,1
1507151096,22772377,0.00005111,174.90200000,1
1507151087,22772365,0.00005149,19.89318314,1
1507151086,22772360,0.00005149,238.69392697,1
1507151086,22772355,0.00005149,198.78323831,0
1507150936,22772276,0.00005100,201.00000000,1
1507150922,22772270,0.00005100,10000.00000000,1
1507150915,22772262,0.00005101,3036.00000000,0
1507150901,22772245,0.00005114,198.78323831,1
1507150901,22772244,0.00005121,6306.49542435,0
1507150753,22772046,0.00005155,2909.24287099,0
1507150752,22772045,0.00005150,732.00000000,0
1507150752,22772044,0.00005150,590.55398059,0
1507150752,22772043,0.00005147,97.44967057,0
1507150751,22772042,0.00005145,4700.00000000,0
1507150751,22772041,0.00005142,487.24835285,0
1507150749,22772040,0.00005130,176.10033569,0
1507150580,22771884,0.00005126,197.82571788,1
1507150496,22771848,0.00005150,58.44601941,0
1507150496,22771847,0.00005149,1270.43444786,1
1507150495,22771846,0.00005149,600.00000000,0
1507150495,22771845,0.00005148,1000.00000000,0
1507150495,22771844,0.00005133,17.50000000,0
1507150493,22771843,0.00005130,397.58541894,0
1507150493,22771841,0.00005130,0.00004554,1
1507150490,22771838,0.00005130,607.47503380,1
1507150484,22771834,0.00005130,187.37470278,1
1507150484,22771831,0.00005130,397.54644808,1
1507150478,22771826,0.00005130,4212.12699390,1
1507150478,22771825,0.00005131,1480.27090819,1
1507150476,22771821,0.00005130,397.50748633,1
1507150473,22771819,0.00005131,1520.97780782,1
1507150472,22771817,0.00005131,39.73692005,0
1507150471,22771816,0.00005131,357.63228045,0
1507150467,22771811,0.00005131,181.64278054,1
1507150466,22771810,0.00005133,157.50000000,0
1507150461,22771806,0.00005131,181.64278054,1
1507150459,22771801,0.00005131,397.22760806,1
1507150456,22771799,0.00005131,181.63431235,1
1507150451,22771794,0.00005131,348.68208408,0
1507150450,22771789,0.00005131,2500.00000000,1
1507150445,22771786,0.00005131,396.64217374,1
1507150445,22771783,0.00005131,184.01571168,1
1507150439,22771780,0.00005130,184.00713286,1
1507150437,22771777,0.00005131,396.39380022,1
1507150434,22771773,0.00005131,5685.57426573,1
1507150423,22771771,0.00005130,1914.89360000,0
1507150422,22771770,0.00005128,561.69636370,0
1507150422,22771769,0.00005127,300.00000000,0
1507150408,22771767,0.00005126,783.74689614,0
1507150392,22771764,0.00005126,421.70368071,0
1507150343,22771741,0.00005126,546.22240301,0
1507150340,22771738,0.00005121,2341.88038968,1
1507150334,22771736,0.00005120,2500.00000000,1
1507150316,22771721,0.00005121,2500.00000000,1
1507150241,22771674,0.00005118,995.67585151,1
1507150230,22771669,0.00005119,263.24468000,1
1507150176,22771624,0.00005117,1237.37219301,0
1507150165,22771621,0.00005124,335.92956894,1
1507150165,22771620,0.00005120,1500.00000000,0
1507150165,22771619,0.00005120,3278.22378444,0
1507150164,22771618,0.00005118,14745.84664662,0
1507150133,22771592,0.00005120,0.00000126,1
1507150133,22771591,0.00005120,2306.60036000,1
1507150130,22771585,0.00005120,120.00000100,1
1507150128,22771581,0.00005120,5671.83474358,1
1507150121,22771571,0.00005120,1400.24803281,0
1507150120,22771570,0.00005120,641.31686135,0
1507150010,22771474,0.00005120,618.95019057,0
1507149991,22771419,0.00005092,5664.81822025,1
1507149987,22771409,0.00005088,2309.82711427,0
1507149765,22771284,0.00005115,390.00000000,0
1507149713,22771274,0.00005083,100.00000000,1
1507149500,22771172,0.00005084,100.00000000,0
1507149390,22771144,0.00005113,1934.38587913,0
1507149389,22771143,0.00005110,99.06787203,0
1507149389,22771142,0.00005110,98.55072463,0
1507149339,22771131,0.00005099,500.60895634,0
1507149293,22771120,0.00005084,3401.90896200,0
1507149237,22771110,0.00005098,150.32205819,0
1507149101,22771086,0.00005097,7190.78536393,0
1507149092,22771083,0.00005097,126.10626589,0
1507148960,22771037,0.00005097,1958.02216990,0
1507148891,22771024,0.00005082,357.03841400,1
1507148886,22771022,0.00005098,3499.31654604,1
1507148870,22771014,0.00005098,256.88589094,1
1507148851,22771000,0.00005110,60.14341501,1
1507148850,22770998,0.00005110,675.51180764,1
1507148845,22770990,0.00005110,2500.00000000,1
1507148838,22770974,0.00005110,2500.00000000,1
1507148834,22770969,0.00005110,2243.21606637,1
1507148833,22770965,0.00005110,3231.35371669,1
1507148827,22770961,0.00005099,4172.45031458,0
1507148819,22770946,0.00005098,293.80311972,1
1507148809,22770938,0.00005099,191.41943390,0
1507148784,22770930,0.00005098,232.53555389,1
1507148766,22770925,0.00005098,1038.83192200,1
1507148713,22770899,0.00005099,4363.86974848,1
1507148704,22770897,0.00005120,148.39785156,0
1507148683,22770885,0.00005099,247.53262760,0
1507148681,22770881,0.00005099,176.68803518,1
1507148675,22770876,0.00005099,5635.68739472,1
1507148670,22770869,0.00005099,5632.94923264,1
1507148667,22770867,0.00005120,23591.33509652,0
1507148666,22770866,0.00005119,2213.08811616,0
1507148666,22770865,0.00005118,4195.57678732,0
1507148591,22770798,0.00005099,4186.62701802,0
1507148590,22770797,0.00005099,4300.00000000,0
1507148555,22770787,0.00005098,1522.85355325,1
1507148551,22770786,0.00005098,1809.33095436,0
1507148551,22770785,0.00005097,11346.44245980,0
1507148538,22770777,0.00005096,556.43461262,0
1507148483,22770756,0.00005096,68.25363331,0
1507148463,22770744,0.00005096,380.71115303,1
1507148461,22770743,0.00005097,4324.87325877,0
1507148442,22770740,0.00005096,215.25683259,0
1507148401,22770710,0.00005062,4632.72732012,0
1507148401,22770709,0.00005062,8989.01959488,0
1507148401,22770708,0.00005067,288.84402230,1
1507148401,22770707,0.00005067,135.74596315,1
1507148400,22770706,0.00005073,2120.93658517,1
1507148400,22770705,0.00005078,1158.23560000,1
1507148398,22770704,0.00005083,276.23687753,1
1507148328,22770663,0.00005083,276.24391504,0
1507148313,22770646,0.00005083,349.88914150,0
1507148284,22770636,0.00005083,1069.52744442,0
1507148230,22770607,0.00005083,147.37267400,0
1507148196,22770588,0.00005083,81.36922348,0
1507148195,22770587,0.00005083,2339.13707005,1
1507148195,22770586,0.00005084,436.46053151,1
1507148164,22770552,0.00005099,81.34205059,0
1507148118,22770530,0.00005098,527.90721852,0
1507148113,22770528,0.00005098,84.30684331,0
1507147919,22770324,0.00005099,39215.34014084,0
1507147919,22770323,0.00005098,1210.26467969,0
1507147889,22770311,0.00005094,800.20121711,0
1507147889,22770310,0.00005088,483.65283186,0
1507147889,22770309,0.00005088,315.11265936,0
1507147887,22770308,0.00005078,542.81696856,0
1507147818,22770279,0.00005078,59.30452257,0
1507147807,22770273,0.00005078,403.49449269,0
1507147760,22770262,0.00005078,432.40850866,0
1507147760,22770260,0.00005078,166.73497374,0
1507147706,22770244,0.00005078,751.03800708,0
1507147682,22770225,0.00005073,1146.71730000,1
1507147427,22770027,0.00005058,204.13028829,1
1507147384,22769997,0.00005078,520.25151166,1
1507147380,22769994,0.00005078,917.77299880,1
1507147373,22769993,0.00005078,5062.83667793,1
1507147373,22769991,0.00005075,4511.51066622,0
1507147322,22769966,0.00005048,759.80991624,0
1507147309,22769955,0.00005048,394.26877500,0
1507147269,22769930,0.00005038,700.00000000,1
1507147267,22769928,0.00005040,300.00000000,1
1507147265,22769925,0.00005048,152.75111008,0
1507147264,22769924,0.00005048,84.32109122,0
1507147219,22769870,0.00005048,135.73562802,0
1507147160,22769835,0.00005048,293.80311972,0
1507147018,22769800,0.00005048,300.82155894,0
1507146944,22769781,0.00005048,1165.01629913,0
1507146922,22769778,0.00005048,238.38153433,0
1507146912,22769776,0.00005048,218.86226441,0
1507146690,22769685,0.00005035,40.00000000,1
1507146634,22769663,0.00005048,99.83163950,0
1507146615,22769655,0.00005048,1702.53369255,0
1507146614,22769654,0.00005048,444.35931279,0
1507146614,22769653,0.00005048,740.59885465,0
1507146604,22769647,0.00005062,496.31968097,0
1507146604,22769646,0.00005061,131.43264295,0
1507146495,22769558,0.00005050,83.56005639,0
1507146495,22769557,0.00005050,347.56926669,0
1507146456,22769483,0.00005050,1264.22554455,0
1507146428,22769476,0.00005050,217.05558369,0
1507146412,22769469,0.00005050,0.00003080,1
1507146406,22769466,0.00005050,1828.85042573,1
1507146398,22769463,0.00005046,94.61185487,1
1507146267,22769406,0.00005035,1815.50114223,1
1507146267,22769405,0.00005036,5022.83667793,0
1507146266,22769403,0.00005088,19293.98113207,1
1507146265,22769401,0.00005079,348.71029921,0
1507146265,22769400,0.00005079,1743.55149603,0
1507146265,22769399,0.00005079,2013.55150000,1
1507146264,22769393,0.00005078,212.78878230,1
1507146263,22769392,0.00005078,1884.65076000,0
1507146159,22769362,0.00005042,529.26200000,1
1507146155,22769344,0.00005043,1884.65076000,1
1507146154,22769343,0.00005042,224.42121471,1
1507146140,22769338,0.00005041,1753.23096685,0
1507146130,22769333,0.00005039,162.99960797,0
1507145982,22769280,0.00005039,337.00039203,0
1507145804,22769173,0.00005041,60.36325115,0
1507145716,22769119,0.00005034,213.80773166,1
1507145528,22769042,0.00005062,504.69972342,0
1507145463,22769022,0.00005055,3874.22443751,0
1507145463,22769019,0.00005054,0.38929181,0
1507145463,22769016,0.00005054,12639.51127819,1
1507145461,22769015,0.00005054,2162.82341282,0
1507145458,22769014,0.00005014,116.00000000,1
1507145383,22769000,0.00005048,920.16640253,0
1507145254,22768919,0.00005068,121.75730071,0
1507144896,22768716,0.00005075,2432.40000000,0
1507144789,22768657,0.00005063,216.11202393,0
1507144788,22768656,0.00005064,290.37203791,0
1507144786,22768655,0.00005029,5000.00000000,1
1507144774,22768647,0.00005068,73.03274485,0
1507144773,22768646,0.00005068,427.50211665,0
1507144759,22768634,0.00005019,216.43473743,0
1507144757,22768632,0.00005078,756.96534751,0
1507144755,22768630,0.00005011,2761.81719641,1
1507144755,22768629,0.00005012,174.12505362,1
1507144755,22768628,0.00005013,1720.79396748,1
1507144754,22768627,0.00005016,343.26378249,1
1507144746,22768617,0.00005013,800.00000000,1
1507144729,22768610,0.00005035,637.14711606,0
1507144728,22768608,0.00005038,385.16984886,1
1507144728,22768606,0.00005038,1932.59803256,1
1507144728,22768605,0.00005070,23637.89478252,1
1507144727,22768603,0.00005070,426.84716239,1
1507144723,22768600,0.00005070,220.25670086,1
1507144723,22768598,0.00005070,1595.21100000,1
1507144720,22768592,0.00005070,426.27916883,1
1507144718,22768589,0.00005070,212.08519530,1
1507144716,22768586,0.00005070,800.00000000,1
1507144714,22768582,0.00005070,425.02839833,1
1507144713,22768578,0.00005070,221.20842501,1
1507144712,22768575,0.00005070,1990.00000000,1
1507144708,22768572,0.00005070,220.26226281,1
1507144708,22768569,0.00005070,5398.69861781,1
1507144705,22768564,0.00005070,11360.40897472,1
1507144703,22768563,0.00005070,229.11990851,1
1507144703,22768560,0.00005067,10000.00000000,0
1507144703,22768559,0.00005066,12659.65528408,0
1507144703,22768558,0.00005064,3365.17749223,0
1507144703,22768557,0.00005063,5811.86662660,0
1507144595,22768508,0.00005061,1806.59088676,0
1507144595,22768507,0.00005040,347.97175423,0
1507144595,22768506,0.00005040,101.51325609,0
1507144594,22768505,0.00005040,509.41634503,0
1507144594,22768504,0.00005040,254.13494864,0
1507144594,22768503,0.00005040,347.97175423,0
1507144594,22768502,0.00005040,162.01781468,0
1507144593,22768501,0.00005040,1273.54086258,0
1507144525,22768459,0.00005039,4016.33327170,0
1507144525,22768458,0.00005038,1725.19670817,0
1507144524,22768456,0.00005038,509.41634503,0
1507144524,22768455,0.00005038,764.12451755,0
1507144524,22768454,0.00005038,769.20282362,0
1507144524,22768453,0.00005038,131.35686755,0
1507144524,22768452,0.00005038,197.03530132,0
1507144417,22768409,0.00005029,2391.25625263,0
1507144417,22768408,0.00005029,958.74374737,0
1507143961,22767974,0.00005030,2123.42127236,0
1507143812,22767871,0.00005035,1802.84131082,0
1507143736,22767808,0.00005037,243.58387929,0
1507143688,22767770,0.00005029,433.46987472,0
1507143611,22767731,0.00005025,2183.00000000,0
1507143316,22767547,0.00005031,221.09620353,0
1507143262,22767527,0.00005006,500.00000000,1
1507142694,22767283,0.00005036,313.89712964,0
1507142651,22767262,0.00005035,507.74160873,0
1507141688,22766590,0.00005039,49.41456638,0
1507141685,22766588,0.00005039,632.26116293,0
1507141534,22766493,0.00005039,190.44090932,0
1507141533,22766492,0.00005039,328.39216887,0
1507141467,22766421,0.00005040,137.83453869,0
1507141459,22766406,0.00005040,3377.94503049,1
1507141454,22766404,0.00005040,4949.33966824,1
1507141454,22766401,0.00005040,195.64440006,1
1507141454,22766399,0.00005041,152.32735417,1
1507141448,22766396,0.00005040,347.97175423,1
1507141448,22766391,0.00005040,756.11668246,1
1507141443,22766389,0.00005040,996.10786766,1
1507141443,22766386,0.00005040,189.39810426,1
1507141442,22766381,0.00005040,5000.00000000,1
1507141438,22766380,0.00005040,381.42819015,1
1507141437,22766376,0.00005040,4946.96037914,1
1507141432,22766372,0.00005040,381.42819015,1
1507141431,22766367,0.00005040,4944.96355450,1
1507141426,22766360,0.00005040,381.42819015,1
1507141426,22766357,0.00005040,3087.36322274,1
1507141421,22766355,0.00005040,381.42819015,1
1507141420,22766348,0.00005040,3086.11706161,1
1507141420,22766347,0.00005077,2603.28698050,1
1507141420,22766345,0.00005077,214.24745346,1
1507141419,22766343,0.00005077,94.88116135,0
1507141419,22766341,0.00005077,269.26318395,0
1507141419,22766339,0.00005077,1161.50240000,0
1507141415,22766332,0.00005040,381.42819015,1
1507141415,22766329,0.00005040,2500.00000000,1
1507141410,22766326,0.00005040,992.59916597,1
1507141409,22766322,0.00005040,2500.00000000,1
1507141404,22766316,0.00005040,1865.45878951,1
1507141404,22766312,0.00005040,992.03097025,1
1507141399,22766305,0.00005040,634.36850087,1
1507141397,22766302,0.00005040,991.74033917,1
1507141393,22766299,0.00005040,6459.51364000,1
1507141393,22766298,0.00005040,2500.00000000,1
1507141388,22766292,0.00005040,199.90393317,1
1507141388,22766289,0.00005041,168.34184722,1
1507141383,22766267,0.00005088,2476.90860849,1
1507141383,22766264,0.00005088,376.74701000,1
1507141383,22766258,0.00005087,172.86198273,0
1507141382,22766256,0.00005082,212.48124461,1
1507141382,22766253,0.00005082,2769.26317287,1
1507141382,22766252,0.00005082,1182.44300000,0
1507141377,22766241,0.00005040,481.00000000,1
1507141346,22766223,0.00005040,7257.00000033,1
1507141328,22766213,0.00005040,94.79122233,1
1507141325,22766212,0.00005040,1884.60593553,1
1507141318,22766207,0.00005040,941.18580425,1
1507141309,22766203,0.00005040,4616.42732544,1
1507141309,22766201,0.00005041,167.74329067,1
1507141302,22766196,0.00005040,995.34717285,1
1507141255,22766165,0.00005041,171.89851352,0
1507141250,22766162,0.00005040,380.66784000,1
1507141242,22766159,0.00005041,203.44576091,0
1507141238,22766158,0.00005041,464.59547782,1
1507141238,22766156,0.00005041,45.68887241,1
1507141237,22766154,0.00005041,229.64540377,1
1507141232,22766152,0.00005041,651.09616569,1
1507141221,22766139,0.00005041,314.61694867,0
1507141219,22766126,0.00005095,1268.17075564,0
1507141219,22766124,0.00005089,400.00000000,0
1507141219,22766123,0.00005088,214.21325080,0
1507141218,22766121,0.00005041,314.61694867,0
1507141217,22766120,0.00005041,26.17140942,0
1507141217,22766119,0.00005041,47.19261386,0
1507141216,22766118,0.00005041,236.07351091,0
1507141215,22766115,0.00005040,349.65000000,1
1507141210,22766105,0.00005041,5.17941448,1
1507141205,22766098,0.00005041,261.33833552,1
1507141204,22766097,0.00005042,53.27861315,1
1507141196,22766092,0.00005088,45.24174528,0
1507141187,22766084,0.00005040,991.17253266,1
1507141181,22766078,0.00005040,957.83052493,1
1507141181,22766076,0.00005041,32.77470164,1
1507141176,22766072,0.00005041,165.82989715,0
1507141176,22766071,0.00005041,91.18513534,0
1507141175,22766068,0.00005040,381.36291353,1
1507141170,22766066,0.00005040,381.14462051,1
1507141164,22766059,0.00005040,380.92649430,1
1507141163,22766058,0.00005041,65.39938850,0
1507141163,22766057,0.00005041,224.04850368,0
1507141163,22766056,0.00005041,103.09694572,0
1507141156,22766049,0.00005041,62.73295143,1
1507141153,22766043,0.00005041,11.10569613,1
1507141153,22766041,0.00005041,369.30942758,1
1507141148,22766037,0.00005040,380.19738671,1
1507141142,22766030,0.00005040,379.97981651,1
1507141137,22766019,0.00005040,808.51584741,1
1507141136,22766017,0.00005041,408.12687996,0
1507141132,22766013,0.00005041,0.00003244,1
1507141127,22766009,0.00005041,451.04076022,1
1507141115,22766001,0.00005041,498.43964168,1
1507141097,22765994,0.00005058,5447.39642880,1
1507141096,22765992,0.00005058,228.33971427,1
1507141096,22765990,0.00005057,4808.58441466,0
1507141096,22765989,0.00005057,4515.67944227,0
1507141075,22765966,0.00005066,4351.11804184,0
1507141046,22765930,0.00005040,9561.99812532,1
1507141044,22765928,0.00005041,550.81516468,0
1507141042,22765924,0.00005041,608.68987581,1
1507141033,22765921,0.00005042,3263.83207734,1
1507141028,22765917,0.00005041,4853.93661321,1
1507141028,22765915,0.00005041,672.64116667,1
1507140971,22765878,0.00005044,142.20000000,0
1507140969,22765877,0.00005043,1291.71038812,0
1507140967,22765876,0.00005041,50.00000000,1
1507140922,22765867,0.00005040,6869.62654000,1
1507140895,22765854,0.00005040,213.52320671,1
1507140870,22765840,0.00005041,1386.65442229,1
1507140870,22765839,0.00005041,748.57764484,1
1507140848,22765829,0.00005040,2272.36267560,1
1507140848,22765828,0.00005041,827.23732440,1
1507140836,22765827,0.00005041,814.19168124,1
1507140769,22765806,0.00005041,890.38565089,1
1507140736,22765797,0.00005041,881.46566000,1
1507140735,22765794,0.00005041,211.80879669,1
1507140688,22765773,0.00005043,1207.40269780,0
1507140683,22765769,0.00005043,3546.34816815,0
1507140669,22765763,0.00005041,1421.10000000,1
1507140499,22765709,0.00005087,8024.31393748,0
1507140499,22765708,0.00005087,15400.17776500,1
1507140499,22765707,0.00005087,9519.47247336,1
1507140498,22765706,0.00005083,877.77253269,0
1507140498,22765705,0.00005044,15635.03700019,1
1507140497,22765704,0.00005032,4388.86266345,0
1507140388,22765655,0.00005030,432.17888342,1
1507140382,22765652,0.00005030,8000.00000000,1
1507140333,22765595,0.00005030,1860.82367000,1
1507140329,22765592,0.00005030,161.56114343,1
1507140326,22765589,0.00005030,211.64495413,1
1507140229,22765563,0.00005030,213.79134902,1
1507140227,22765557,0.00005033,113.56209020,1
1507140222,22765549,0.00005033,215.90811795,1
1507140213,22765542,0.00005033,2977.10704492,1
1507140196,22765532,0.00005034,4500.00000000,1
1507140196,22765530,0.00005034,2972.22968147,1
1507140190,22765524,0.00005034,213.22507747,1
1507140189,22765522,0.00005034,2609.91600000,1
1507140185,22765519,0.00005034,200.85495728,1
1507140185,22765518,0.00005089,500.58852426,0
1507140184,22765515,0.00005034,5211.27520190,1
1507140182,22765510,0.00005034,182.47147170,1
1507140178,22765504,0.00005035,5520.06099762,1
1507140177,22765503,0.00005035,4500.00000000,1
1507140173,22765500,0.00005033,5515.02840855,1
1507140167,22765492,0.00005033,5510.02674584,1
1507140156,22765488,0.00005033,149.59232000,1
1507140131,22765472,0.00005033,349.65000000,1
1507140125,22765467,0.00005033,200.04269550,1
1507140124,22765462,0.00005033,2211.16578884,1
1507140067,22765440,0.00005033,142.20000000,1
1507140003,22765414,0.00005033,1422.90000000,1
1507139976,22765382,0.00005034,697.62949503,1
1507139937,22765364,0.00005033,3643.40698987,1
1507139937,22765363,0.00005034,856.59301013,1
1507139889,22765340,0.00005034,909.00000000,1
1507139872,22765336,0.00005037,927.58961884,1
1507139853,22765321,0.00005034,587.22261794,1
1507139853,22765320,0.00005035,232.55508468,1
1507139853,22765319,0.00005035,1163.82229738,1
1507139812,22765299,0.00005035,212.83466754,1
1507139791,22765294,0.00005034,135.79006785,1
1507139791,22765293,0.00005035,243.69693215,1
1507139780,22765285,0.00005034,1201.14687741,1
1507139766,22765276,0.00005033,654.16437254,1
1507139766,22765275,0.00005034,55.50362746,1
1507139765,22765274,0.00005034,709.66800000,1
1507139764,22765273,0.00005034,709.66800000,1
1507139763,22765272,0.00005033,709.66800000,1
1507139751,22765266,0.00005099,10702.15318475,0
1507139751,22765265,0.00005099,3215.55904509,1
1507139751,22765264,0.00005099,2605.66000000,1
1507139750,22765263,0.00005098,80253.05817000,0
1507139750,22765262,0.00005071,118.39709546,0
1507139749,22765261,0.00005070,6960.00000000,0
1507139749,22765260,0.00005070,223.82789317,0
1507139749,22765259,0.00005069,764.09323837,0
1507139749,22765258,0.00005068,19994.99999914,0
1507139749,22765257,0.00005068,1836.00000000,1
1507139748,22765256,0.00005054,3820.46619184,0
1507139748,22765255,0.00005048,4239.57841407,0
1507139747,22765254,0.00005037,0.16911165,0
1507139729,22765246,0.00005033,4500.00000000,1
1507139705,22765218,0.00005033,958.53711745,1
1507139687,22765211,0.00005033,900.00000000,1
1507139680,22765205,0.00005041,242.00288835,1
1507139663,22765194,0.00005041,2178.02599513,1
1507139594,22765134,0.00005041,2255.75782248,1
1507139498,22765073,0.00005044,334.58029342,0
1507139446,22765041,0.00005041,35111.60000000,1
1507139444,22765037,0.00005041,192.61329404,0
1507139422,22765035,0.00005035,1271.21000000,1
1507139355,22765015,0.00005035,287.25043478,1
1507139251,22764977,0.00005035,9137.02318360,1
1507139251,22764976,0.00005036,907.92932075,1
1507139109,22764906,0.00005035,1187.16614958,1
1507139106,22764905,0.00005035,578.80100000,1
1507138934,22764778,0.00005041,303.92615960,0
1507138864,22764732,0.00005041,147.19301725,0
1507138837,22764684,0.00005033,997.00000000,1
1507138829,22764650,0.00005041,503.72081848,1
1507138804,22764635,0.00005053,315.00000000,1
1507138802,22764626,0.00005070,23080.84527528,1
1507138801,22764625,0.00005070,211.61506152,1
1507138799,22764622,0.00005070,315.00000000,1
1507138799,22764619,0.00005070,249.34739664,1
1507138795,22764617,0.00005070,515.69198553,1
1507138793,22764614,0.00005070,249.32394299,1
1507138790,22764613,0.00005070,1454.96000000,1
1507138787,22764607,0.00005070,1454.96000000,1
1507138784,22764603,0.00005070,197.06517961,1
1507138779,22764599,0.00005070,197.05592599,1
1507138773,22764594,0.00005070,2500.00000000,1
1507138772,22764592,0.00005071,821.00420947,0
1507138768,22764588,0.00005070,5000.00000000,1
1507138768,22764585,0.00005071,222.85666666,1
1507138764,22764581,0.00005070,1322.10000000,1
1507138762,22764580,0.00005070,197.03774647,1
1507138756,22764573,0.00005070,197.01924701,1
1507138753,22764572,0.00005070,1054.32000000,1
1507138752,22764571,0.00005070,2046.30000000,1
1507138747,22764570,0.00005071,517.91399168,0
1507138747,22764569,0.00005071,718.96054382,0
1507138739,22764565,0.00005070,4784.18000000,1
1507138736,22764563,0.00005070,39847.20000000,1
1507138735,22764558,0.00005071,323.93138391,0
1507138735,22764557,0.00005071,1042.89192773,0
1507138734,22764554,0.00005070,459.71439973,1
1507138731,22764553,0.00005070,399.59997000,1
1507138728,22764549,0.00005070,164.17530516,1
1507138727,22764548,0.00005070,400.28000000,1
1507138726,22764545,0.00005070,8540.30000000,1
1507138723,22764537,0.00005070,430.41300000,1
1507138717,22764531,0.00005070,10000.00000000,1
1507138715,22764529,0.00005070,440.38700000,1
1507138710,22764528,0.00005070,720.31700000,1
1507138694,22764513,0.00005070,576.04800000,1
1507138693,22764512,0.00005070,2530.25000000,1
1507138690,22764509,0.00005070,5281.25000000,1
1507138688,22764507,0.00005070,10954.60000000,1
1507138687,22764506,0.00005070,1933.03000000,1
1507138674,22764500,0.00005070,1095.89000000,1
1507138671,22764493,0.00005070,595.45700000,1
1507138666,22764484,0.00005070,1185.98082767,1
1507138661,22764478,0.00005070,2080.00000000,1
1507138651,22764466,0.00005070,27176.81734000,1
1507138650,22764462,0.00005071,1182.58441988,1
1507138648,22764461,0.00005090,2138.25776031,0
1507138646,22764459,0.00005070,5000.00000000,1
1507138645,22764456,0.00005070,1181.66690607,1
1507138642,22764454,0.00005070,2000.00000000,1
1507138624,22764438,0.00005070,1664.39000000,1
1507138622,22764437,0.00005070,159.96500000,1
1507138621,22764435,0.00005070,233.06071000,1
1507138620,22764429,0.00005070,821.46700000,1
1507138618,22764424,0.00005070,1034.32000000,1
1507138612,22764415,0.00005070,91524.90000000,1
1507138612,22764413,0.00005070,2000.00000000,1
1507138610,22764411,0.00005094,1020.46930054,1
1507138610,22764409,0.00005094,13922.31160086,1
1507138610,22764408,0.00005094,811.92915712,0
1507138610,22764407,0.00005093,10585.37101726,0
1507138602,22764403,0.00005070,1658.06000000,1
1507138599,22764400,0.00005070,1292.89000000,1
1507138599,22764399,0.00005070,165.50983078,1
1507138598,22764396,0.00005070,659.05808580,1
1507138596,22764393,0.00005070,2986.34000000,1
1507138596,22764391,0.00005070,233.06072000,1
1507138595,22764389,0.00005070,570.08059145,1
1507138594,22764382,0.00005070,2325.19039515,1
1507138588,22764375,0.00005070,113.39995000,1
1507138582,22764369,0.00005070,2092.50000000,1
1507138581,22764368,0.00005070,2000.00000000,1
1507138577,22764366,0.00005070,2092.50000000,1
1507138575,22764364,0.00005070,2976.26146162,1
1507138573,22764356,0.00005070,645.34200000,1
1507138572,22764355,0.00005071,1817.53762472,0
1507138572,22764352,0.00005070,211.05951800,1
1507138572,22764350,0.00005070,728.45200000,1
1507138571,22764346,0.00005070,744.84001548,1
1507138571,22764344,0.00005070,1596.01000000,1
1507138570,22764340,0.00005070,2268.66748014,1
1507138570,22764336,0.00005070,2964.05305564,1
1507138566,22764330,0.00005070,446.01952500,1
1507138566,22764328,0.00005070,247.95063025,1
1507138564,22764325,0.00005070,1096.14169258,1
1507138563,22764317,0.00005070,11240.39925000,1
1507138562,22764312,0.00005070,1090.62460744,1
1507138559,22764306,0.00005070,4500.00000000,1
1507138559,22764304,0.00005070,3756.91000000,1
1507138559,22764302,0.00005070,553.49314124,1
1507138559,22764301,0.00005071,2387.61821617,1
1507138557,22764296,0.00005070,2259.28468409,1
1507138553,22764288,0.00005070,119.74600000,1
1507138552,22764285,0.00005070,8371.30000000,1
1507138551,22764282,0.00005070,5998.41000000,1
1507138551,22764280,0.00005070,2000.00000000,1
1507138551,22764277,0.00005070,4015.95569262,1
1507138550,22764275,0.00005070,2394.71000000,1
1507138545,22764260,0.00005070,3990.10641303,1
1507138540,22764256,0.00005070,5061.96308503,1
1507138540,22764254,0.00005070,10472.14992000,1
1507138540,22764252,0.00005070,883.58200000,1
1507138534,22764240,0.00005070,2205.51844870,1
1507138534,22764237,0.00005070,2416.24967037,1
1507138531,22764235,0.00005070,2996.89000000,1
1507138529,22764233,0.00005070,904.78217262,1
1507138528,22764231,0.00005071,5903.28000000,1
1507138526,22764229,0.00005070,310.30985000,1
1507138521,22764224,0.00005070,904.69917285,1
1507138513,22764216,0.00005070,175.29500000,1
1507138510,22764206,0.00005070,2327.35000000,1
1507138508,22764201,0.00005070,1691.88670000,1
1507138508,22764200,0.00005070,4378.98090000,1
1507138508,22764198,0.00005070,4378.98090000,1
1507138500,22764183,0.00005070,543.51100000,1
1507138495,22764182,0.00005070,1456.32000000,1
1507138492,22764181,0.00005070,271.75869600,1
1507138487,22764173,0.00005071,176.50300000,1
1507138464,22764165,0.00005071,1181.06140109,1
1507138456,22764162,0.00005070,1255.17081800,1
1507138448,22764157,0.00005070,9047.79500000,1
1507138420,22764147,0.00005070,693.51450154,1
1507138416,22764144,0.00005084,427.82164634,0
1507138415,22764143,0.00005070,498.00187500,1
1507138371,22764133,0.00005070,2476.10900000,1
1507138369,22764132,0.00005070,3303.63100000,1
1507138357,22764129,0.00005070,961.63660000,1
1507138356,22764128,0.00005070,3122.78200000,1
1507138356,22764127,0.00005070,1019.31715300,1
1507138353,22764126,0.00005070,1283.11482860,1
1507138348,22764124,0.00005070,162.59619000,1
1507138346,22764121,0.00005070,961.22700000,1
1507138344,22764120,0.00005070,1764.43040000,1
1507138341,22764119,0.00005071,936.90840000,1
1507138340,22764118,0.00005070,3183.18248200,1
1507138339,22764117,0.00005070,1764.43040000,1
1507138338,22764114,0.00005070,937.04960000,1
1507138337,22764113,0.00005070,827.52200000,1
1507138336,22764111,0.00005070,3549.92460000,1
1507138321,22764090,0.00005070,1539.88213370,1
1507138320,22764089,0.00005075,0.00001130,1
1507138279,22764067,0.00005099,4834.98960580,0
1507138279,22764066,0.00005099,10585.37101726,1
1507138278,22764065,0.00005098,861.17458826,0
1507138278,22764063,0.00005086,2643.04460677,0
1507138276,22764061,0.00005081,3556.87310000,0
1507138266,22764055,0.00005075,1374.34258170,1
1507138227,22764000,0.00005075,125.65740700,1
1507138123,22763945,0.00005086,185.47404640,0
1507138067,22763910,0.00005086,3439.02634683,0
1507138065,22763906,0.00005085,2460.98308935,0
1507138028,22763891,0.00005070,204.00000000,1
1507138026,22763890,0.00005070,2857.00000000,1
1507138024,22763888,0.00005070,2763.03865100,1
1507138014,22763877,0.00005070,204.00000000,1
1507138011,22763872,0.00005070,2857.00000000,1
1507137859,22763797,0.00005070,204.00000000,1
1507137857,22763796,0.00005070,1544.07822600,1
1507137814,22763770,0.00005070,1697.51116800,1
1507137804,22763764,0.00005070,206.18556700,1
1507137800,22763762,0.00005087,294.13387065,0
1507137798,22763760,0.00005070,44.81233958,1
1507137798,22763759,0.00005072,165.13937142,1
1507137790,22763756,0.00005070,238.49439300,1
1507137766,22763737,0.00005070,205.71898700,1
1507137764,22763734,0.00005070,212.44954400,1
1507137761,22763731,0.00005070,216.75061400,1
1507137759,22763729,0.00005070,203.50020300,1
1507137757,22763728,0.00005070,498.97648800,1
1507137750,22763725,0.00005070,275.26068000,1
1507137745,22763723,0.00005070,2500.00000000,1
1507137723,22763716,0.00005070,2000.00000000,1
1507137673,22763684,0.00005071,167.72368421,0
1507137658,22763678,0.00005070,390.21906131,1
1507137654,22763677,0.00005071,1066.47826086,0
1507137639,22763662,0.00005071,1490.59221598,1
1507137636,22763659,0.00005070,48999.28365385,1
1507137636,22763658,0.00005071,1490.59221598,1
1507137636,22763657,0.00005071,1814.03866817,1
1507137611,22763641,0.00005071,1897.15214723,1
1507137610,22763638,0.00005071,380.77399090,1
1507137607,22763633,0.00005086,200.05033425,0
1507137605,22763626,0.00005070,2177.38231927,1
1507137605,22763624,0.00005070,5422.57126002,1
1507137603,22763622,0.00005070,13443.43559000,1
1507137555,22763605,0.00005070,204.00000000,1
1507137555,22763604,0.00005070,2857.00000000,1
1507137550,22763603,0.00005070,204.00000000,1
1507137546,22763599,0.00005070,2979.00000000,1
1507137540,22763560,0.00005070,75210.35900000,1
1507137535,22763557,0.00005070,204.00000000,1
1507137531,22763556,0.00005070,1866.42520400,1
1507137528,22763555,0.00005070,15000.00000000,1
1507137527,22763554,0.00005070,204.00000000,1
1507137526,22763553,0.00005070,2857.00000000,1
1507137521,22763549,0.00005070,1209.79915976,1
1507137521,22763548,0.00005071,1647.20084024,1
1507137520,22763547,0.00005070,204.00000000,1
1507137516,22763545,0.00005070,2857.00000000,1
1507137515,22763542,0.00005070,204.00000000,1
1507137512,22763540,0.00005070,1713.03107062,1
1507137512,22763539,0.00005071,1143.96892938,1
1507137508,22763537,0.00005071,676.28370474,1
1507137508,22763536,0.00005071,2384.71629526,1
1507137506,22763535,0.00005071,204.00000000,1
1507137501,22763531,0.00005071,2857.00000000,1
1507137494,22763530,0.00005070,845.50524556,1
1507137494,22763529,0.00005071,2011.49475444,1
1507137493,22763528,0.00005070,2857.00000000,1
1507137490,22763527,0.00005070,204.00000000,1
1507137489,22763524,0.00005070,2868.00000000,1
1507137486,22763523,0.00005070,718.00608087,1
1507137486,22763522,0.00005071,2342.99391913,1
1507137479,22763513,0.00005071,204.00000000,1
1507137479,22763512,0.00005071,1724.66998675,1
1507137479,22763511,0.00005072,1143.78261525,1
1507137475,22763509,0.00005072,206.33386100,1
1507137469,22763506,0.00005072,1118.36118200,1
1507137464,22763504,0.00005071,4935.65472200,1
1507137454,22763502,0.00005071,2728.33902761,1
1507137450,22763501,0.00005070,2784.87302700,1
1507137369,22763440,0.00005082,85.60684769,0
1507137368,22763439,0.00005078,1168.86650000,0
1507137360,22763430,0.00005059,5000.00000000,1
1507137344,22763421,0.00005064,1156.48573807,1
1507137331,22763407,0.00005066,941.74700000,1
1507137328,22763406,0.00005069,0.50148424,1
1507137327,22763405,0.00005077,563.27917819,1
1507137327,22763404,0.00005078,153.13033757,1
1507137212,22763327,0.00005099,48.76246442,0
1507137212,22763325,0.00005099,1125.00435260,0
1507137210,22763319,0.00005099,53.94351833,0
1507137175,22763268,0.00005099,9387.77027300,1
1507137175,22763267,0.00005118,9351.08499413,0
1507137173,22763266,0.00005098,106.77523504,0
1507137154,22763257,0.00005098,391.33228717,0
1507137115,22763245,0.00005097,520.45772022,0
1507137113,22763239,0.00005096,437.44722737,0
1507137051,22763218,0.00005096,326.05965463,0
1507137042,22763215,0.00005096,3417.62186028,1
1507137040,22763213,0.00005096,1221.31066065,0
1507137018,22763199,0.00005097,858.82113660,0
1507137018,22763198,0.00005096,315.40625206,0
1507136981,22763170,0.00005073,1165.71230000,1
1507136926,22763106,0.00005103,500.04722712,1
1507136903,22763097,0.00005129,69424.79149446,0
1507136903,22763096,0.00005112,1101.13283758,0
1507136903,22763095,0.00005110,200.00000000,0
1507136903,22763094,0.00005110,8710.97102869,0
1507136903,22763093,0.00005107,793.34766309,0
1507136903,22763092,0.00005106,73265.93400000,0
1507136903,22763091,0.00005105,15999.31391431,0
1507136902,22763090,0.00005105,158.66953262,0
1507136890,22763089,0.00005080,10933.99025181,1
1507136889,22763088,0.00005080,20028.12290600,1
1507136889,22763087,0.00005080,1871.88435000,1
1507136881,22763082,0.00005080,1743.21000000,1
1507136880,22763081,0.00005080,67263.67620931,1
1507136880,22763080,0.00005081,3388.11800969,1
1507136880,22763079,0.00005081,12364.90430800,1
1507136878,22763078,0.00005080,12216.52500000,1
1507136878,22763077,0.00005074,942.59128288,0
1507136824,22763027,0.00005081,1054.24247195,0
1507136822,22763022,0.00005063,42.50000000,0
1507136788,22762997,0.00005100,5871.46455181,1
1507136787,22762996,0.00005100,2322.04395465,1
1507136786,22762995,0.00005100,2300.00000000,0
1507136786,22762994,0.00005100,412.94773000,0
1507136786,22762993,0.00005100,400.72129000,0
1507136786,22762992,0.00005100,87.00000000,0
1507136786,22762991,0.00005100,657.00000000,0
1507136786,22762990,0.00005100,71.00000000,0
1507136786,22762988,0.00005099,5000.00000000,0
1507136786,22762987,0.00005098,11854.58458238,0
1507136786,22762986,0.00005084,564.18803845,0
1507136786,22762984,0.00005079,63778.73600000,0
1507136785,22762982,0.00005078,255.29190112,0
1507136785,22762981,0.00005070,125.87925419,0
1507136785,22762980,0.00005068,5000.00000000,0
1507136785,22762979,0.00005067,1276.45950562,0
1507136785,22762978,0.00005063,22.68319178,0
1507136757,22762954,0.00005063,177.31680822,0
1507136741,22762943,0.00005050,96.52283399,0
1507136718,22762925,0.00005050,197.52594059,0
1507136709,22762920,0.00005050,2005.95122542,0
1507136709,22762919,0.00005049,294.04877458,0
1507136698,22762900,0.00005049,4816.20284400,0
1507136614,22762833,0.00005049,428.71618142,0
1507136497,22762752,0.00005042,1187.03629512,0
1507136300,22762610,0.00005033,4844.96423604,0
1507136276,22762600,0.00005022,2886.25325961,1
1507136274,22762599,0.00005022,2079.42873959,0
1507136201,22762563,0.00005028,456.29753381,0
1507136197,22762553,0.00005028,4364.58571997,0
1507136189,22762551,0.00005028,591.38524264,0
1507136023,22762375,0.00005030,15929.02265680,1
1507136022,22762374,0.00005030,3915.81455300,1
1507136022,22762373,0.00005030,4202.38425548,1
1507136022,22762372,0.00005031,15929.02265652,1
1507136020,22762371,0.00005025,3045.98958737,0
1507136020,22762370,0.00005024,22680.00000000,0
1507136020,22762369,0.00005024,226.78894735,0
1507135991,22762363,0.00005027,1105.56017505,0
1507135918,22762336,0.00005038,281.03905630,0
1507135852,22762311,0.00005024,1088.72432324,0
1507135665,22762124,0.00004943,265.49649166,1
1507135665,22762122,0.00004992,2590.07682319,1
1507135665,22762120,0.00004998,507.82800365,1
1507135665,22762118,0.00005002,1166.30800000,1
1507135661,22762115,0.00005029,2640.00000000,0
1507135652,22762101,0.00005031,8426.55813953,0
1507135385,22761729,0.00005004,293.80311972,1
1507135253,22761679,0.00005021,99.33339972,0
1507135125,22761592,0.00005023,1083.56878359,0
1507135123,22761590,0.00005022,1397.00000000,0
1507134985,22761530,0.00005009,2500.00000000,1
1507134887,22761463,0.00005027,320.89429800,0
1507134868,22761449,0.00005012,60.00000000,0
1507134868,22761448,0.00005012,540.00000000,0
1507134790,22761404,0.00005010,1397.03126729,1
1507134708,22761365,0.00005029,3922.62872390,0
1507134708,22761364,0.00005029,4706.97620340,0
1507134694,22761359,0.00005031,1237.52492220,0
1507134528,22761237,0.00005033,2170.29068150,0
1507134484,22761177,0.00005020,1177.14577633,1
1507134382,22761088,0.00005038,20.79158396,0
1507134381,22761086,0.00005037,217.94870513,1
1507134380,22761083,0.00005037,4661.40981249,0
1507134373,22761078,0.00005040,1978.84662698,0
1507134282,22760983,0.00005049,24378.13527431,0
1507134282,22760982,0.00005034,88.01785780,0
1507134281,22760981,0.00005015,654.60299577,0
1507134281,22760980,0.00005009,2854.96854098,0
1507134281,22760979,0.00005009,4578.11812104,0
1507134280,22760977,0.00005005,915.62362421,0
1507134246,22760955,0.00005005,125.27666283,0
1507134207,22760922,0.00004974,13695.15639616,0
1507134205,22760921,0.00005004,2319.84360384,1
1507134134,22760889,0.00005034,117.82677791,0
1507134132,22760887,0.00005019,824.68548572,0
1507134132,22760886,0.00005019,4123.42742860,0
1507134127,22760877,0.00005013,1170.51680000,0
1507134111,22760851,0.00005000,900.00000000,0
1507134031,22760782,0.00005034,359.93886429,1
1507134027,22760778,0.00005034,205.84468377,1
1507134026,22760775,0.00005039,142.28424000,0
1507133860,22760589,0.00005070,10164.72100000,0
1507133846,22760576,0.00005070,1278.85404339,0
1507133844,22760574,0.00005070,2140.11400394,0
1507133819,22760560,0.00005070,7803.80946200,0
1507133818,22760559,0.00005070,15756.63171400,0
1507133817,22760558,0.00005069,1298.00000000,0
1507133800,22760550,0.00005069,102.00000000,0
1507133791,22760545,0.00005070,1203.16266534,0
1507133791,22760544,0.00005069,2077.47310466,0
1507133783,22760536,0.00005070,103.38856000,0
1507133780,22760533,0.00005069,2468.28487682,0
1507133728,22760480,0.00005080,35796.83877952,1
1507133728,22760479,0.00005080,3468.71242000,1
1507133692,22760453,0.00005082,1583.74065328,0
1507133692,22760451,0.00005082,899.08201390,0
1507133537,22760373,0.00005095,13.68047764,0
1507133537,22760372,0.00005095,123.36643109,1
1507133534,22760364,0.00005064,1164.27920000,1
1507133530,22760358,0.00005094,3807.89418924,0
1507133530,22760357,0.00005094,504.34792988,0
1507133524,22760342,0.00005090,2053.00000000,1
1507133512,22760332,0.00005094,3589.69375736,0
1507133510,22760331,0.00005093,404.41432574,0
1507133492,22760327,0.00005093,10720.65128607,1
1507133491,22760326,0.00005091,2049.60000000,0
1507133491,22760324,0.00005091,99.85538907,0
1507133490,22760322,0.00005091,449.27694536,0
1507133490,22760321,0.00005091,50.00000000,0
1507133408,22760180,0.00005093,245.77662428,1
1507133388,22760128,0.00005071,9785.00000000,1
1507133385,22760111,0.00005072,326.76221193,1
1507133385,22760109,0.00005072,326.59543499,0
1507133379,22760093,0.00005093,356.15169553,1
1507133376,22760091,0.00005093,2320.69822412,1
1507133375,22760085,0.00005093,326.42882346,1
1507133375,22760081,0.00005093,11362.13600000,0
1507133375,22760080,0.00005090,48189.94852653,0
1507133375,22760078,0.00005087,1649.63673036,0
1507133374,22760076,0.00005090,1810.05147347,0
1507133374,22760075,0.00005088,50.00000000,0
1507133372,22760074,0.00005075,100.00000000,0
1507133369,22760063,0.00005070,326.39089204,1
1507133364,22760050,0.00005071,326.11922758,1
1507133358,22760048,0.00005069,249.43884828,0
1507133341,22760021,0.00005065,1101.13283758,0
1507133334,22760016,0.00005058,325.92888275,0
1507133305,22759969,0.00005050,730.00000000,0
1507133285,22759936,0.00005050,2735.87358547,0
1507133285,22759934,0.00005050,3990.00000000,0
1507133285,22759931,0.00005049,373.76934525,0
1507133239,22759896,0.00005046,1174.98683118,1
1507133236,22759889,0.00005046,16151.30435602,0
1507133223,22759883,0.00005026,4590.22739831,1
1507133223,22759882,0.00005027,409.77260169,1
1507133211,22759871,0.00005025,885.72217138,1
1507133210,22759870,0.00005030,1372.70000000,1
1507133210,22759869,0.00005031,1163.43730000,1
1507133210,22759868,0.00005033,1578.14052862,1
1507133134,22759776,0.00005032,193.80311972,0
1507133134,22759775,0.00005025,100.00000000,0
1507133126,22759762,0.00005019,3673.94366805,0
1507133126,22759757,0.00005020,1748.45955469,1
1507133121,22759751,0.00005019,5422.23507109,0
1507133116,22759747,0.00005018,1101.13283758,0
1507133115,22759746,0.00005017,1000.00000000,0
1507133112,22759744,0.00005017,99000.00000000,0
1507133087,22759736,0.00005011,1361.73139095,0
1507133026,22759633,0.00004998,590.00000000,0
1507133009,22759617,0.00005011,638.86729195,0
1507133009,22759616,0.00005002,1709.95361683,0
1507133007,22759609,0.00004998,590.00000000,1
1507132992,22759586,0.00004998,51.00000000,0
1507132975,22759552,0.00004998,1000.00000000,0
1507132967,22759537,0.00004998,1967.67655603,0
1507132967,22759535,0.00004996,1032.32344397,0
1507132954,22759519,0.00005004,1459.61091127,1
1507132954,22759518,0.00005004,249.33612226,0
1507132950,22759515,0.00004998,3019.03552550,1
1507132943,22759511,0.00004997,2480.96447449,0
1507132879,22759447,0.00004998,2600.06142456,0
1507132816,22759409,0.00005003,3506.93264041,1
1507132816,22759408,0.00004998,45.00000000,0
1507132815,22759407,0.00004995,147.35902600,0
1507132790,22759393,0.00004980,595.19333188,1
1507132789,22759392,0.00004981,6056.10059727,0
1507132789,22759391,0.00004982,1943.89940273,1
1507132755,22759370,0.00004981,2148.55822892,0
1507132741,22759363,0.00004981,2374.27401305,0
1507132735,22759359,0.00004981,2623.71005723,1
1507132702,22759264,0.00004983,147.35902600,1
1507132666,22759239,0.00004982,100.75289552,1
1507132666,22759237,0.00004982,468.43035806,1
1507132531,22759140,0.00004987,190.59514738,0
1507132528,22759139,0.00005000,400.00000000,1
1507132509,22759125,0.00005000,8734.17909522,1
1507132509,22759124,0.00005000,7043.92226600,1
1507132508,22759123,0.00005000,227.90900000,1
1507132508,22759122,0.00005000,4177.80000000,1
1507132508,22759121,0.00005000,4880.11946200,1
1507132506,22759118,0.00005000,952.00016812,1
1507132505,22759116,0.00005000,122.78935397,1
1507132505,22759114,0.00004998,73188.15700000,0
1507132504,22759113,0.00004997,673.12365469,0
1507132449,22759094,0.00005004,24.93361223,1
1507132448,22759092,0.00005004,224.40251003,1
1507132447,22759091,0.00005004,0.08655659,0
1507132438,22759082,0.00005006,216.81382341,1
1507132437,22759081,0.00005004,134.10000000,1
1507132436,22759079,0.00005004,47.68307249,0
1507132398,22759055,0.00004968,2105.89178117,1
1507132398,22759054,0.00005000,367.90382883,1
1507132397,22759053,0.00005000,179.40500000,1
1507132397,22759052,0.00005000,1635.05000000,1
1507132396,22759051,0.00005000,32164.46633500,1
1507132396,22759050,0.00005000,2491.32854400,1
1507132396,22759049,0.00005000,1244.00000000,1
1507132396,22759048,0.00005000,5581.19606000,1
1507132396,22759047,0.00005000,14443.80394000,1
1507132395,22759046,0.00005000,181.40100000,1
1507132395,22759045,0.00005000,12202.78266300,1
1507132395,22759044,0.00005000,907.24889500,1
1507132395,22759043,0.00005000,1350.82562200,1
1507132395,22759042,0.00005000,946.23852800,1
1507132394,22759041,0.00005000,929.28988200,1
1507132394,22759040,0.00005000,1974.22425200,1
1507132394,22759039,0.00005000,3599.15212000,1
1507132394,22759038,0.00005000,1023.47590800,1
1507132393,22759037,0.00005000,3251.20179200,1
1507132393,22759036,0.00005000,134.10000000,1
1507132392,22759035,0.00005000,2500.00000000,0
1507132391,22759034,0.00005000,48.98000000,0
1507132391,22759033,0.00005000,20000.00000000,0
1507132391,22759032,0.00005000,3905.00000000,0
1507132391,22759031,0.00005000,66.00000000,0
1507132391,22759030,0.00004998,193.00832449,0
1507132391,22759029,0.00004997,9337.00000000,0
1507132391,22759028,0.00004993,2000.39411825,0
1507132391,22759027,0.00004988,252.65656499,0
1507132390,22759026,0.00004987,965.04162244,0
1507132390,22759025,0.00004986,25824.82500000,0
1507132390,22759024,0.00004980,300.00000000,0
1507132360,22758997,0.00004965,1179.28618010,1
1507132304,22758957,0.00004960,2001.23697200,1
1507132297,22758951,0.00004977,155.18063090,1
1507132296,22758950,0.00004976,1326.95397394,1
1507132296,22758949,0.00004975,101.29659074,0
1507132296,22758948,0.00004975,100.00000000,0
1507132294,22758937,0.00004971,497.74740206,0
1507132274,22758920,0.00004971,603.38543552,0
1507132248,22758891,0.00004965,2374.33051359,0
1507132200,22758855,0.00004964,401.93614021,0
1507131947,22758604,0.00004960,476.61290322,0
1507131945,22758602,0.00004960,8461.48665710,1
1507131945,22758601,0.00004960,1728.76334290,0
1507131941,22758596,0.00004960,1095.67157258,0
1507131890,22758534,0.00004958,994.09277934,0
1507131889,22758532,0.00004955,100.00000000,0
1507131823,22758500,0.00004941,226.01663658,0
1507131742,22758435,0.00004941,451.02691762,0
1507131688,22758395,0.00004941,1173.52299887,1
1507131636,22758355,0.00004938,1188.66169491,1
1507131533,22758254,0.00004946,10041.03861706,0
1507131531,22758252,0.00004938,43.00000000,0
1507131337,22758153,0.00004931,1186.56670000,1
1507131256,22758116,0.00004933,4703.40019892,0
1507131221,22758100,0.00004920,43.00000000,1
1507131186,22758075,0.00004934,476.96757194,0
1507131076,22758022,0.00004942,1806.58680696,0
1507131076,22758021,0.00004930,98.83306288,0
1507131075,22758020,0.00004929,292.00000000,0
1507130941,22757864,0.00004930,101.16693712,0
1507130897,22757845,0.00004920,245.99724602,1
1507130813,22757818,0.00004917,250.00000000,1
1507130778,22757797,0.00004917,1175.73420000,1
1507130778,22757796,0.00004918,2318.70000000,1
1507130485,22757646,0.00004921,1551.75208290,0
1507130232,22757564,0.00004904,11531.40049800,1
1507130220,22757560,0.00004904,468.59950154,1
1507130207,22757558,0.00004920,164.10314537,1
1507129863,22757320,0.00004930,604.19241586,0
1507129860,22757317,0.00004933,6599.21609568,0
1507129858,22757316,0.00004930,4452.65255966,0
1507129804,22757271,0.00004944,3984.72006472,1
1507129804,22757270,0.00004935,2607.19537801,0
1507129802,22757266,0.00004928,2318.80000000,0
1507129795,22757262,0.00004927,202.00000000,0
1507129785,22757255,0.00004928,61.88585997,0
1507129784,22757253,0.00004928,54.98117277,0
1507129694,22757209,0.00004926,2714.76818984,0
1507129686,22757207,0.00004926,101.70442549,1
1507129649,22757188,0.00004935,4467.55967578,0
1507129625,22757166,0.00004928,1176.21820000,1
1507129622,22757152,0.00004933,6960.00000000,1
1507129621,22757150,0.00004940,1177.65000000,1
1507129618,22757149,0.00004950,4265.67696969,0
1507129596,22757129,0.00004935,2021.27659574,1
1507129596,22757128,0.00004935,1173.63600000,1
1507129592,22757122,0.00004950,1617.93919192,0
1507129492,22757059,0.00004950,54.66404040,0
1507129491,22757058,0.00004949,187.21749978,0
1507129489,22757057,0.00004949,287.00000000,0
1507129391,22756982,0.00004936,2464.00000000,0
1507129368,22756966,0.00004936,2246.00000000,1
1507129326,22756951,0.00004930,72.77470000,1
1507129325,22756950,0.00004935,1175.22530000,1
1507129133,22756787,0.00004924,803.79445771,0
1507129091,22756746,0.00004912,225.53148612,1
1507129085,22756739,0.00004924,252.64260408,0
1507129078,22756734,0.00004924,44.69577579,0
1507129078,22756733,0.00004923,102.17275339,0
1507129078,22756730,0.00004916,255.43478475,0
1507129076,22756729,0.00004912,40.05895547,0
1507129052,22756719,0.00004908,153.26100244,0
1507128999,22756666,0.00004912,153.13619706,0
1507128997,22756664,0.00004908,50.00000000,0
1507128884,22756572,0.00004899,201.57501531,0
1507128871,22756569,0.00004899,649.10614411,1
1507128869,22756568,0.00004896,0.00000002,0
1507128845,22756551,0.00004896,12675.52961600,0
1507128782,22756523,0.00004886,161.14640299,1
1507128606,22756454,0.00004895,500.00000000,0
1507128517,22756368,0.00004896,108.26225490,0
1507128516,22756367,0.00004896,1943.20812908,0
1507128516,22756366,0.00004893,11781.19100000,0
1507128516,22756365,0.00004885,723.91859011,0
1507128514,22756363,0.00004883,500.00000000,0
1507128341,22756253,0.00004867,1637.77870461,1
1507128341,22756252,0.00004867,8862.22129539,1
1507127859,22755967,0.00004878,522.21115211,0
1507127537,22755724,0.00004883,2226.83575670,0
1507127386,22755543,0.00004843,250.00000000,1
1507127371,22755533,0.00004853,447.00000000,0
1507127152,22755433,0.00004853,1488.31959612,0
1507127032,22755379,0.00004850,4530.55443298,0
1507126912,22755284,0.00004852,127.02122835,0
1507126613,22754987,0.00004853,2228.93055841,0
1507126580,22754972,0.00004848,1195.87830000,1
1507126524,22754958,0.00004866,215.41944101,1
1507126522,22754956,0.00004850,16.99450626,0
1507126474,22754884,0.00004850,201.50280905,0
1507126317,22754831,0.00004850,1200.37340000,1
1507126317,22754830,0.00004850,23379.12928469,1
1507126308,22754827,0.00004850,25708.27345900,1
1507126201,22754749,0.00004850,442.59725631,1
1507126201,22754748,0.00004851,310.90278369,1
1507126196,22754746,0.00004851,1331.48807200,1
1507126191,22754745,0.00004851,1108.60321800,1
1507126188,22754743,0.00004852,14417.23703800,1
1507126182,22754741,0.00004853,298.90665000,1
1507126179,22754740,0.00004851,1331.48807200,1
1507126128,22754727,0.00004864,750.76665296,0
1507126089,22754713,0.00004869,525.44773054,0
1507125322,22754122,0.00004865,134.84583762,0
1507125279,22754085,0.00004870,97.84821592,0
1507125214,22753941,0.00004859,1267.20000000,1
1507125214,22753938,0.00004859,2908.94117496,0
1507125182,22753805,0.00004852,6326.82390003,1
1507125182,22753803,0.00004852,3883.30513550,0
1507125182,22753802,0.00004848,1198.58660000,0
1507124881,22753597,0.00004849,205.51474530,0
1507124692,22753494,0.00004847,1110.85440297,0
1507124468,22753377,0.00004825,98.28975821,1
1507124466,22753374,0.00004825,270.00000000,1
1507124442,22753354,0.00004840,403.78822314,0
1507124424,22753337,0.00004840,90.00000000,0
1507124400,22753306,0.00004850,7437.67830300,1
1507124345,22753243,0.00004836,1869.30000000,0
1507124333,22753221,0.00004900,14715.09857142,0
1507124332,22753220,0.00004896,711.00000000,0
1507124332,22753219,0.00004895,561.13325029,0
1507124332,22753218,0.00004856,1215.02750000,0
1507124331,22753217,0.00004855,2805.66625146,0
1507124331,22753216,0.00004849,6081.17700000,1
1507124331,22753215,0.00004849,26000.00000000,0
1507124329,22753212,0.00004848,9541.10250821,0
1507124310,22753189,0.00004848,507.15900000,0
1507124253,22753174,0.00004828,1760.92554300,1
1507124080,22753066,0.00004834,6086.14350900,0
1507124013,22753042,0.00004812,1219.28730000,1
1507123986,22753039,0.00004850,255.42662837,0
1507123952,22753030,0.00004856,1159.64333625,1
1507123952,22753029,0.00004856,1215.02750000,1
1507123949,22753027,0.00004831,15703.02792608,1
1507123948,22753026,0.00004899,17161.37885282,0
1507123948,22753025,0.00004899,921.00000000,1
1507123948,22753023,0.00004896,10000.00000000,0
1507123948,22753020,0.00004890,4093.62044215,0
1507123948,22753019,0.00004890,126.90000000,1
1507123947,22753018,0.00004890,433.04300000,1
1507123947,22753017,0.00004877,1101.13283758,0
1507123947,22753016,0.00004863,257.05790519,0
1507123946,22753015,0.00004863,75599.24400000,1
1507123946,22753014,0.00004861,69065.97600000,0
1507123946,22753013,0.00004856,500.00000000,0
1507123945,22753012,0.00004855,617.48938742,0
1507123945,22753011,0.00004830,4894.58367405,0
1507123945,22753010,0.00004829,3087.44693711,0
1507123945,22753009,0.00004829,6943.13043512,0
1507123943,22753008,0.00004828,10585.37101726,0
1507123925,22752995,0.00004831,901.93188095,1
1507123924,22752994,0.00004830,1346.80000000,0
1507123917,22752992,0.00004844,9807.95943180,0
1507123916,22752991,0.00004856,20500.34308072,1
1507123916,22752990,0.00004846,674.41919077,0
1507123916,22752989,0.00004846,3372.09595386,0
1507123916,22752988,0.00004844,34745.69900000,0
1507123915,22752987,0.00004830,2526.52536607,0
1507123869,22752979,0.00004830,22220.01884057,0
1507123869,22752978,0.00004829,22488.57200000,0
1507123869,22752977,0.00004826,4006.45063824,0
1507123868,22752975,0.00004825,6323.68700000,0
1507123731,22752848,0.00004805,1217.36000000,1
1507123586,22752735,0.00004824,769.55016583,1
1507123584,22752734,0.00004821,556.36715328,0
1507123439,22752586,0.00004803,164.22980675,1
1507123325,22752522,0.00004811,6096.25336800,0
1507122529,22752109,0.00004817,70.40730745,0
1507122154,22751894,0.00004829,500.00000000,1
1507122009,22751785,0.00004837,970.00000000,0
1507121458,22751293,0.00004857,143.76240477,0
1507121456,22751290,0.00004850,0.00000377,0
1507121246,22751098,0.00004850,303.76466271,0
1507121246,22751097,0.00004850,136.23533352,0
1507121246,22751096,0.00004847,1165.67708377,0
1507121207,22750944,0.00004833,1627.60400000,1
1507121207,22750943,0.00004833,1216.09600000,1
1507121207,22750942,0.00004836,2156.30000000,1
1507121176,22750884,0.00004847,213.01363918,0
1507121015,22750628,0.00004847,98.30927705,0
1507120994,22750616,0.00004849,877.74280510,0
1507120994,22750615,0.00004849,500.00000000,0
1507120994,22750614,0.00004849,100.00000000,0
1507120992,22750612,0.00004847,1142.25719490,0
1507120969,22750595,0.00004846,1730.00000000,1
1507120963,22750579,0.00004846,1512.72672106,0
1507120961,22750574,0.00004845,2081.60566800,1
1507120957,22750566,0.00004844,3598.14884400,1
1507120956,22750565,0.00004845,443.62606903,0
1507120953,22750557,0.00004845,49.37393097,1
1507120953,22750554,0.00004845,444.36537869,1
1507120950,22750538,0.00004840,1867.56385256,0
1507120945,22750505,0.00004840,767.14075715,0
1507120945,22750504,0.00004830,716.36959259,0
1507120944,22750501,0.00004830,98.30927705,0
1507120943,22750490,0.00004830,286.45396794,0
1507120943,22750489,0.00004829,13.03668337,0
1507120940,22750477,0.00004829,486.96331663,0
1507120874,22750431,0.00004827,150.00000000,0
1507120733,22750221,0.00004825,244.53222798,0
1507120460,22749918,0.00004824,1120.17993366,0
1507120292,22749735,0.00004817,362.39049201,0
1507120185,22749693,0.00004801,0.00000041,0
1507120171,22749689,0.00004801,30874.93590300,0
1507120152,22749683,0.00004801,4041.69218913,0
1507120149,22749676,0.00004801,846.85326000,0
1507120130,22749667,0.00004800,1022.36747891,1
1507120119,22749662,0.00004801,1241.00551100,0
1507120024,22749628,0.00004800,1193.64701572,0
1507120008,22749625,0.00004801,2372.20174300,0
1507119829,22749517,0.00004800,264.48291666,0
1507119731,22749468,0.00004800,171.69854166,0
1507119280,22749235,0.00004800,132.84104166,0
1507118879,22749011,0.00004800,831.25000000,0
1507118703,22748954,0.00004801,415.54092897,0
1507118024,22748628,0.00004801,207.77046449,0
1507117460,22748330,0.00004799,923.99776800,0
1507117285,22748270,0.00004799,1904.63795700,0
1507117282,22748269,0.00004799,1397.38841425,1
1507117281,22748268,0.00004799,1203.73750000,0
1507117190,22748235,0.00004800,81.80645833,0
1507117050,22748172,0.00004788,50.00000000,1
1507116706,22747978,0.00004795,2174.79999971,0
1507116705,22747977,0.00004796,1205.35010000,1
1507116705,22747976,0.00004797,2092.69487029,1
1507116085,22747520,0.00004795,60.00000000,1
1507115869,22747392,0.00004821,1127.08691142,0
1507115869,22747391,0.00004819,1040.71880596,0
1507115867,22747390,0.00004818,1764.65128349,0
1507115777,22747355,0.00004796,623.81010000,0
1507115741,22747342,0.00004796,1150.00000000,0
1507115449,22747171,0.00004798,1226.18990000,1
1507115407,22747148,0.00004821,196.25948973,0
1507115380,22747124,0.00004796,130.00000000,1
1507115362,22747115,0.00004817,463.71143865,0
1507115148,22746963,0.00004812,528.73898586,1
1507114891,22746759,0.00004794,1100.62579600,0
1507114458,22746463,0.00004819,822.54139863,1
1507114458,22746462,0.00004819,2993.90320300,1
1507114458,22746461,0.00004816,7871.67915700,1
1507114456,22746460,0.00004816,2448.26400921,0
1507114452,22746457,0.00004816,192.05149501,0
1507114395,22746435,0.00004796,1656.47591200,1
1507114242,22746340,0.00004796,50.00000000,1
1507114079,22746209,0.00004816,203.70556478,0
1507114077,22746206,0.00004814,2801.01986340,0
1507113640,22745877,0.00004799,315.95832465,0
1507113508,22745782,0.00004794,850.00000000,1
1507113186,22745595,0.00004810,1325.99497900,1
1507113186,22745594,0.00004810,2904.79424500,1
1507113185,22745593,0.00004810,1283.27729600,1
1507113164,22745552,0.00004809,600.00000000,0
1507113151,22745531,0.00004810,601.26299376,1
1507113149,22745523,0.00004805,3963.26137459,0
1507112895,22745312,0.00004801,1843.42137054,0
1507112708,22745235,0.00004798,151.02026194,1
1507112460,22745149,0.00004817,271.62570064,1
1507112460,22745148,0.00004815,42.35792500,0
1507112275,22744996,0.00004800,6539.03114717,1
1507112275,22744994,0.00004802,447.20085283,1
1507112170,22744889,0.00004801,257.68023380,0
1507112161,22744879,0.00004800,622.78838809,1
1507112124,22744840,0.00004800,200.00000000,0
1507112107,22744782,0.00004793,265.76953871,0
1507112104,22744749,0.00004791,0.00000076,0
1507112077,22744631,0.00004789,628.38218968,1
1507112066,22744522,0.00004791,55.96940268,0
1507112066,22744521,0.00004787,148.88474732,0
1507111000,22743751,0.00004780,1104.21845776,0
1507110490,22743508,0.00004787,111.29768121,0
1507109970,22743159,0.00004769,4656.82184600,0
1507109930,22743068,0.00004769,2500.00000000,0
1507109835,22742808,0.00004769,886.98148000,0
1507109806,22742768,0.00004769,4327.80185000,0
1507109787,22742695,0.00004769,80.67188000,0
1507109784,22742685,0.00004769,5943.74386300,0
1507109720,22742557,0.00004769,479.62382050,0
1507109683,22742519,0.00004769,1060.71293900,0
1507109681,22742518,0.00004768,1124.30180369,0
1507109634,22742468,0.00004769,16627.09503733,0
1507109634,22742467,0.00004768,3372.90496267,0
1507109498,22742420,0.00004766,3500.00000000,0
1507109331,22742383,0.00004768,521.03859060,0
1507109304,22742371,0.00004767,1695.05966423,1
1507108887,22742123,0.00004770,526.00000000,1
1507108877,22742062,0.00004778,2247.52750512,1
1507108864,22742038,0.00004778,1198.84109488,0
1507108864,22742037,0.00004765,2245.00000000,0
1507108851,22742018,0.00004755,885.23837616,0
1507108846,22742012,0.00004755,2312.38927996,0
1507108831,22741988,0.00004755,17043.23793600,0
1507108829,22741982,0.00004755,8810.25855288,0
1507108829,22741981,0.00004754,232.92103412,0
1507108807,22741891,0.00004755,20948.87585500,0
1507107831,22741222,0.00004750,11392.99940000,1
1507107831,22741220,0.00004750,1334.00060000,1
1507107758,22741204,0.00004755,20000.00000000,1
1507107717,22741200,0.00004763,11957.60189813,0
1507107717,22741199,0.00004762,16651.30299387,0
1507107713,22741195,0.00004763,1332.14602900,0
1507107705,22741190,0.00004755,626.12196588,1
1507107705,22741189,0.00004756,9140.95700000,1
1507107705,22741188,0.00004757,232.92103412,1
1507107693,22741166,0.00004763,159.34816900,0
1507107692,22741165,0.00004763,422.93628900,0
1507107297,22741013,0.00004763,449.19735460,0
1507107247,22740993,0.00004762,308.04675400,0
1507107003,22740786,0.00004763,0.00000188,1
1507106986,22740751,0.00004763,2087.87960591,1
1507106979,22740742,0.00004763,1556.67210207,1
1507106973,22740724,0.00004763,2589.70116754,1
1507106972,22740721,0.00004764,20657.85931400,0
1507106968,22740710,0.00004764,2093.84172964,0
1507106963,22740706,0.00004763,421.10946891,1
1507106958,22740693,0.00004763,2586.96088669,1
1507106951,22740674,0.00004764,10106.03815000,0
1507106941,22740667,0.00004764,6843.65321300,0
1507106941,22740666,0.00004764,1955.13837800,0
1507106940,22740664,0.00004764,3532.00000000,0
1507106807,22740528,0.00004763,798.73410000,1
1507106803,22740520,0.00004763,1382.41629600,1
1507106683,22740448,0.00004764,245.92088828,1
1507106595,22740411,0.00004763,6088.38637100,1
1507106546,22740380,0.00004765,2245.00000000,1
1507106513,22740364,0.00004770,994.98279874,0
1507106511,22740362,0.00004770,35460.63083026,1
1507106511,22740359,0.00004770,164.28566400,1
1507106500,22740354,0.00004771,599.34297064,0
1507106500,22740353,0.00004771,500.19776416,0
1507106487,22740345,0.00004771,1215.05489937,0
1507106447,22740302,0.00004771,1076.44048715,0
1507106447,22740301,0.00004771,398.32282312,0
1507106434,22740296,0.00004771,1629.69659958,0
1507106399,22740284,0.00004778,0.00002524,1
1507106394,22740281,0.00004778,1198.84112012,1
1507106303,22740256,0.00004778,1856.10303700,1
1507106193,22740230,0.00004778,581.04456928,1
1507106191,22740229,0.00004778,2699.92726700,1
1507106185,22740225,0.00004778,1138.13796600,1
1507106179,22740224,0.00004778,567.50076036,1
1507106158,22740204,0.00004774,418.44525500,0
1507106060,22740183,0.00004777,4176.28720955,0
1507105883,22740129,0.00004770,869.08056899,1
1507105877,22740125,0.00004770,1298.93083390,1
1507105872,22740122,0.00004770,1298.93083390,1
1507105867,22740120,0.00004770,1298.93083390,1
1507105861,22740110,0.00004770,1298.93083390,1
1507105856,22740100,0.00004770,1298.93083390,1
1507105850,22740096,0.00004770,1198.93083390,1
1507105850,22740095,0.00004775,100.00000000,1
1507105642,22740021,0.00004770,500.00000000,1
1507105546,22739959,0.00004770,600.00000000,1
1507105439,22739887,0.00004770,1123.18667933,1
1507105438,22739886,0.00004771,1032.69769667,1
1507105146,22739717,0.00004771,11312.94730333,1
1507105146,22739716,0.00004772,2656.83950492,1
1507105146,22739715,0.00004772,2244.87477175,1
1507105112,22739694,0.00004774,2657.39637800,1
1507105080,22739651,0.00004772,189.67455000,0
1507105039,22739621,0.00004772,3771.80487804,1
1507105027,22739614,0.00004770,399.17386000,1
1507105018,22739610,0.00004784,74.15614548,0
1507104982,22739580,0.00004771,1992.84678048,0
1507104889,22739546,0.00004770,3000.00000000,1
1507104884,22739545,0.00004770,37152.02152019,1
1507104884,22739544,0.00004771,2202.22116981,1
1507104862,22739531,0.00004770,369.42914285,0
1507104861,22739530,0.00004770,298.60673098,0
1507104664,22739426,0.00004770,209.12075472,0
1507103987,22739052,0.00004763,1656.49031700,1
1507103974,22739042,0.00004770,369.42914287,1
1507103968,22739039,0.00004770,877.03102857,1
1507103963,22739036,0.00004770,876.85777142,1
1507103957,22739033,0.00004770,876.68205714,1
1507103937,22739028,0.00004778,1006.80257214,0
1507103937,22739027,0.00004778,5426.85397871,1
1507103937,22739026,0.00004775,189.70785000,1
1507103935,22739025,0.00004770,767.59089856,0
1507103935,22739024,0.00004770,652.93943955,0
1507103935,22739023,0.00004770,2402.19944214,0
1507103854,22739000,0.00004757,671.09495990,1
1507103684,22738945,0.00004765,223.38598551,0
1507103643,22738932,0.00004757,9653.43700000,1
1507103595,22738904,0.00004769,2000.86894527,0
1507103447,22738815,0.00004770,461.01572327,0
1507103429,22738805,0.00004770,1160.04843600,0
1507103428,22738798,0.00004766,400.00000000,0
1507103366,22738758,0.00004754,3303.10360000,1
1507103365,22738755,0.00004757,1187.89640000,1
1507103310,22738730,0.00004756,1744.56458266,0
1507103292,22738719,0.00004753,800.00000000,0
1507103242,22738706,0.00004753,2153.92843250,1
1507103124,22738677,0.00004761,525.43604285,0
1507103106,22738672,0.00004761,1321.01890359,0
1507102960,22738610,0.00004766,443.00000000,0
1507102817,22738500,0.00004749,510.00000000,0
1507102746,22738462,0.00004749,1996.98938139,0
1507102660,22738442,0.00004762,21.59743805,0
1507102659,22738441,0.00004761,197.05160680,1
1507102589,22738432,0.00004748,781.72068600,1
1507102503,22738408,0.00004748,6882.20400000,1
1507102453,22738399,0.00004748,351.97446700,1
1507102352,22738367,0.00004748,1935.40000000,1
1507102327,22738358,0.00004748,481.12314664,1
1507102326,22738356,0.00004748,1516.73480457,1
1507102145,22738261,0.00004748,8887.67030300,1
1507102123,22738251,0.00004748,7944.12462200,1
1507102108,22738235,0.00004748,1993.89562043,1
1507102050,22738193,0.00004763,1108.18223808,0
1507101960,22738163,0.00004747,9686.00000000,1
1507101903,22738140,0.00004750,551.79993600,1
1507101464,22738024,0.00004760,145.11155462,0
1507101462,22738015,0.00004756,892.82368199,0
1507101294,22737912,0.00004746,7371.67314000,1
1507101294,22737911,0.00004751,1204.58170000,1
1507101294,22737910,0.00004751,1423.74516000,1
1507101280,22737907,0.00004754,1670.69412000,0
1507101274,22737901,0.00004754,838.74928700,0
1507101271,22737897,0.00004754,836.55659300,0
1507100944,22737793,0.00004756,522.43166526,0
1507099969,22737525,0.00004742,123.74137931,1
1507099699,22737398,0.00004755,543.64963196,1
1507099539,22737363,0.00004756,123.74137931,0
1507099457,22737351,0.00004753,222.48579844,0
1507099086,22737201,0.00004745,1319.93298208,0
1507099028,22737184,0.00004745,649.00000000,0
1507098066,22736740,0.00004740,215.60084388,0
1507098064,22736739,0.00004738,229.98254259,0
1507097922,22736705,0.00004724,770.01745741,0
1507097921,22736704,0.00004726,229.98254259,1
1507097861,22736668,0.00004741,739.92575406,0
1507097859,22736667,0.00004736,160.00000000,0
1507097001,22736426,0.00004729,5965.50339974,1
1507096840,22736387,0.00004752,146.93897306,0
1507096564,22736296,0.00004731,4267.00000000,1
1507096232,22736210,0.00004728,1442.09849700,0
1507095307,22735376,0.00004732,65.50888160,1
1507095129,22735264,0.00004733,6047.00000000,1
1507094803,22735195,0.00004730,1353.71093000,0
1507094726,22735184,0.00004730,1382.40000000,0
1507094579,22735148,0.00004730,1285.48442100,0
1507094296,22735101,0.00004733,65.50888137,0
1507094294,22735100,0.00004734,934.49113483,1
1507094277,22735099,0.00004745,1829.39810326,0
1507094158,22735063,0.00004730,200.00000000,1
1507093853,22735002,0.00004747,4210.89576740,0
1507093853,22735001,0.00004746,685.19650140,0
1507093355,22734873,0.00004747,188.96144933,0
1507092687,22734725,0.00004749,1208.00583100,1
1507092687,22734724,0.00004747,1141.99416900,0
1507092069,22734607,0.00004752,828.68118686,0
1507092067,22734606,0.00004751,1406.88170490,0
1507091793,22734562,0.00004751,2235.74784255,0
1507091733,22734544,0.00004750,2238.35894736,0
1507091022,22734436,0.00004752,18026.99053030,0
1507091020,22734435,0.00004751,2897.73983495,0
1507090575,22734352,0.00004749,6362.18151189,0
1507090130,22734257,0.00004752,722.01178451,0
1507088784,22733950,0.00004759,1624.18470266,0
1507088784,22733949,0.00004756,84.22764080,0
1507088784,22733948,0.00004756,421.13820401,0
1507088782,22733947,0.00004739,2402.25581722,0
1507087540,22733723,0.00004738,441.32397636,0
1507086529,22733566,0.00004739,2334.28423718,0
1507086472,22733548,0.00004738,273.69311946,0
1507086273,22733502,0.00004732,387.88207945,0
1507086037,22733479,0.00004742,493.06263180,0
1507085820,22733456,0.00004742,168.28426824,0
1507085698,22733447,0.00004742,92.55630536,0
1507085347,22733409,0.00004741,1051.99978907,0
1507084294,22733233,0.00004722,1500.00000000,1
1507083966,22733161,0.00004725,5000.00000000,1
1507083612,22733120,0.00004740,380.50092565,0
1507083611,22733119,0.00004739,137.75034017,0
1507083600,22733117,0.00004740,11471.62362869,0
1507083569,22733116,0.00004740,449.82869198,0
1507083507,22733109,0.00004740,449.84135021,0
1507083495,22733108,0.00004740,782.36645569,0
1507082732,22732926,0.00004767,3058.71029997,0
1507082732,22732924,0.00004750,772.17452840,0
1507082731,22732922,0.00004741,10083.38700000,1
1507082731,22732920,0.00004741,10578.56173388,0
1507082001,22732771,0.00004729,4544.82850496,0
1507081941,22732747,0.00004722,10585.37101700,1
1507080219,22732425,0.00004750,75.69347368,0
1507080218,22732424,0.00004744,414.00000000,0
1507080114,22732387,0.00004744,303.76466648,1
1507080114,22732385,0.00004744,136.23533352,1
1507079604,22732284,0.00004744,29.38271856,0
1507079604,22732283,0.00004743,159.90553287,0
1507079604,22732282,0.00004743,127.51711389,0
1507079603,22732281,0.00004743,360.34390089,0
1507079345,22732235,0.00004743,490.38583175,0
1507078753,22732101,0.00004748,10371.15353833,0
1507078751,22732099,0.00004747,1216.64460882,0
1507078332,22732004,0.00004746,719.13632532,0
1507078332,22732003,0.00004745,397.19024433,1
1507078330,22732001,0.00004731,10374.12451154,0
1507078327,22732000,0.00004730,1163.47250600,1
1507078201,22731984,0.00004728,5137.94451775,0
1507078201,22731983,0.00004727,1717.44754167,0
1507078125,22731972,0.00004731,950.26252377,1
1507077623,22731806,0.00004702,397.19024433,1
1507077487,22731765,0.00004717,211.24650572,0
1507076336,22731499,0.00004721,3805.58229188,1
1507076334,22731498,0.00004717,420.60000000,0
1507075627,22731362,0.00004696,214.00000000,1
1507075626,22731360,0.00004696,206.60000000,1
1507075591,22731351,0.00004697,3004.00000000,0
1507075577,22731344,0.00004710,1810.75966030,0
1507075372,22731316,0.00004710,1270.70849257,0
1507075327,22731311,0.00004700,6894.78617475,1
1507075327,22731310,0.00004701,9848.31580525,1
