date,tid,price,amount,type
1507161380,22778209,0.18188,120.00000000,0
1507160394,22777950,0.18132,203.00000000,1
1507160392,22777948,0.18132,548.01016500,1
1507160392,22777947,0.18133,2500.00000000,1
1507160291,22777862,0.18149,1207.23754400,1
1507159493,22777601,0.18140,1881.76258784,0
1507159274,22777517,0.18130,120.00000000,0
1507159067,22777434,0.18117,200.00000000,1
1507159001,22777412,0.18105,150.00000000,1
1507158998,22777411,0.18238,1881.65571883,0
1507158890,22777324,0.18089,60.25858465,1
1507158477,22777197,0.18231,500.00000000,0
1507158359,22777143,0.18289,2224.40865088,0
1507158357,22777139,0.18224,3831.64445000,0
1507158045,22777015,0.18199,57.48766272,0
1507158012,22776990,0.18199,219.77993296,0
1507158012,22776989,0.18163,209.18611400,0
1507158010,22776987,0.18132,120.00000000,0
1507158001,22776980,0.18079,163.40328000,1
1507157840,22776935,0.18119,3276.69365000,1
1507157840,22776934,0.18120,2323.30635000,1
1507157838,22776933,0.18121,2500.00000000,1
1507157806,22776927,0.18115,809.62031280,1
1507157144,22776659,0.18115,102.27218900,1
1507157005,22776601,0.18170,548.98525041,0
1507156864,22776535,0.18138,96.61146000,0
1507156623,22776430,0.18199,788.89537887,0
1507156327,22776342,0.18137,1732.45001930,0
1507156225,22776290,0.18101,1000.00000000,1
1507156141,22776204,0.18303,679.29377752,0
1507156117,22776189,0.18326,561.53606897,1
1507156116,22776188,0.18105,809.00000000,0
1507155731,22776054,0.18135,11498.27424000,1
1507155731,22776053,0.18136,12698.10176000,1
1507155705,22776037,0.18132,184.78503500,1
1507155600,22775909,0.18114,808.99996000,1
1507155567,22775891,0.18270,1091.96081007,0
1507155512,22775868,0.18137,2285.35289753,0
1507155506,22775865,0.18200,1058.53971600,1
1507155267,22775764,0.18325,478.99612703,0
1507155193,22775729,0.18250,29.70000000,1
1507154927,22775621,0.18250,466.56013049,1
1507154926,22775620,0.18250,828.80518532,0
1507154926,22775619,0.18237,706.29932000,0
1507154926,22775618,0.18237,3531.49659000,0
1507154926,22775617,0.18229,2229.12447928,0
1507154926,22775616,0.18223,4515.67944227,0
1507154926,22775615,0.18222,10818.93641000,0
1507154926,22775614,0.18161,37.54996387,0
1507154925,22775612,0.18161,250.79662802,1
1507154924,22775610,0.18161,298.46068160,0
1507154832,22775553,0.18161,1482.95798689,0
1507154785,22775504,0.18161,1588.74048800,0
1507154776,22775496,0.18161,420.25422172,0
1507154776,22775495,0.18160,1361.16444628,0
1507154763,22775486,0.18126,1481.41866801,0
1507154763,22775484,0.18130,300.00000000,1
1507154761,22775482,0.18150,1.58133199,1
1507154719,22775452,0.18150,3162.59191159,1
1507154714,22775438,0.18150,3790.41337821,1
1507154712,22775435,0.18150,1290.41337821,1
1507154712,22775432,0.18151,2500.00000000,1
1507154691,22775406,0.18160,1.24943038,1
1507154684,22775399,0.18161,500.00000000,0
1507154663,22775369,0.18162,0.00005506,1
1507154662,22775367,0.18161,2499.99994494,0
1507154662,22775366,0.18160,2513.75056962,1
1507154661,22775364,0.18161,1.24937532,1
1507154659,22775361,0.18161,2498.75062468,1
1507154656,22775357,0.18236,4261.50468400,0
1507154603,22775330,0.18143,3790.41337800,0
1507154596,22775324,0.18143,3790.41337821,1
1507154591,22775315,0.18143,1290.41337821,1
1507154591,22775313,0.18144,2500.00000000,1
1507154586,22775305,0.18143,2498.75062468,1
1507154577,22775292,0.18143,692.62180230,1
1507154555,22775255,0.18170,0.00003570,1
1507154551,22775245,0.18170,1047.87716016,1
1507154548,22775240,0.18170,252.12280414,1
1507154548,22775239,0.18171,1047.87714083,1
1507154548,22775236,0.18171,238.83935942,1
1507154546,22775228,0.18171,1213.28349975,1
1507154214,22775106,0.18110,14350.00654117,1
1507154146,22775083,0.18052,34.69089700,1
1507154098,22775068,0.18102,1168.79818000,0
1507154098,22775054,0.18250,3803.12782000,1
1507154097,22775040,0.18249,994.38520000,0
1507154097,22775036,0.18110,26917.26000000,0
1507154097,22775035,0.18105,4971.92600000,0
1507154095,22775034,0.18103,13313.30098000,0
1507154063,22775021,0.18097,1500.00000000,0
1507154034,22775018,0.18033,58.60280658,0
1507154032,22775017,0.18100,391.39719342,1
1507153891,22774952,0.18085,1400.00000000,0
1507153839,22774905,0.18036,11265.00000000,1
1507153813,22774878,0.18088,1214.15000000,0
1507153803,22774868,0.18092,1780.54130304,0
1507153765,22774862,0.18106,27.54628300,0
1507153764,22774860,0.18027,1000.00000000,1
1507153762,22774858,0.18092,1000.00000000,1
1507153726,22774834,0.18092,66.00000000,0
1507153718,22774823,0.18027,400.00000000,1
1507153714,22774815,0.17951,600.00000000,0
1507153712,22774808,0.17935,997.50000000,1
1507153712,22774807,0.17935,4327.34275489,1
1507153712,22774806,0.17950,11132.76199474,1
1507153712,22774805,0.17955,555.00000000,1
1507153711,22774803,0.17957,1181.42580000,1
1507153711,22774802,0.17960,1671.65924276,1
1507153710,22774800,0.17976,100.00000000,1
1507153710,22774799,0.17980,50.00000000,1
1507153710,22774798,0.17983,4515.67944201,1
1507153709,22774797,0.17990,3555.00000000,1
1507153709,22774794,0.17991,2650.00000000,1
1507153709,22774791,0.17995,276.60600167,1
1507153708,22774790,0.18000,5000.00000000,1
1507153708,22774789,0.18000,1389.00000000,1
1507153708,22774788,0.18000,4200.00000000,1
1507153708,22774787,0.18000,6895.52476393,1
1507153707,22774786,0.18001,2500.00000000,1
1507153705,22774783,0.18000,8104.47523607,1
1507153705,22774781,0.18000,95.52476393,1
1507153705,22774780,0.18000,104.47523607,1
1507153705,22774776,0.18001,895.52476393,1
1507153702,22774768,0.18001,2592.61907607,1
1507153702,22774767,0.18001,1511.85616000,1
1507153702,22774766,0.18001,100.00000000,1
1507153702,22774765,0.18026,100.00000000,1
1507153701,22774764,0.18051,100.00000000,1
1507153701,22774763,0.18076,100.00000000,1
1507153701,22774762,0.18077,88.14384000,1
1507153701,22774761,0.18077,552.00000000,1
1507153700,22774760,0.18077,96.28026000,1
1507153700,22774758,0.18079,4053.71974000,1
1507153700,22774757,0.18101,100.00000000,1
1507153700,22774753,0.18126,100.00000000,1
1507153699,22774751,0.18141,450.00000000,1
1507153699,22774750,0.18150,200.00000000,1
1507153697,22774748,0.18151,47.38092393,1
1507153696,22774745,0.18151,52.61907607,1
1507153696,22774742,0.18176,100.00000000,1
1507153695,22774741,0.18201,100.00000000,1
1507153695,22774733,0.18258,1846.50041000,0
1507153695,22774731,0.18250,550.69959000,0
1507153693,22774719,0.18226,100.00000000,1
1507153692,22774718,0.18240,1000.00000000,1
1507153692,22774716,0.18250,4558.80876748,1
1507153689,22774712,0.18250,1432.00830083,1
1507153689,22774710,0.18250,1050.00000000,1
1507153688,22774701,0.18250,175.37300000,1
1507153684,22774691,0.18250,2490.05295215,1
1507153671,22774674,0.18250,1225.70052000,1
1507153669,22774666,0.18250,1211.61142011,1
1507153659,22774648,0.18250,2190.89915000,1
1507153657,22774646,0.18250,1016.27744000,1
1507153656,22774643,0.18250,2602.34035900,1
1507153655,22774640,0.18250,43689.60500898,1
1507153655,22774639,0.18251,8123.07303302,1
1507153652,22774631,0.18251,1794.22943698,1
1507153639,22774611,0.18385,2132.90300000,0
1507153634,22774599,0.18386,715.63468705,0
1507153634,22774597,0.18386,3482.04410000,0
1507153634,22774595,0.18386,130.99097483,0
1507153633,22774594,0.18385,1142.30611912,0
1507153626,22774582,0.18283,2431.71771300,1
1507153626,22774580,0.18284,13001.77599000,1
1507153619,22774569,0.18283,2023.02590400,1
1507153617,22774560,0.18283,57.55171326,1
1507153604,22774549,0.18411,759.30280000,0
1507153604,22774548,0.18388,3365.01520000,0
1507153599,22774539,0.18398,1273.82633460,0
1507153599,22774536,0.18397,426.44154000,0
1507153599,22774534,0.18390,2132.20771000,0
1507153599,22774532,0.18389,11792.36345000,0
1507153599,22774531,0.18350,901.82305588,0
1507153591,22774522,0.18279,2957.62234300,1
1507153591,22774521,0.18280,2500.00000000,1
1507153589,22774519,0.18278,2214.73060800,1
1507153588,22774515,0.18279,4712.69981100,1
1507153580,22774506,0.18278,2500.00000000,1
1507153579,22774505,0.18350,98.17694412,1
1507153568,22774490,0.18466,2607.13467000,0
1507153568,22774489,0.18406,3053.73529600,0
1507153555,22774477,0.18408,2607.13467000,0
1507153555,22774476,0.18399,261.45945966,0
1507153555,22774475,0.18398,1162.72480000,0
1507153538,22774458,0.18410,1083.53921356,0
1507153257,22774182,0.18468,270.04878445,0
1507153225,22774148,0.18419,287.00000000,1
1507153181,22774101,0.18481,26.98733835,0
1507153123,22774072,0.18481,809.62031275,0
1507153115,22774069,0.18481,80.96201504,0
1507153094,22774066,0.18481,269.87343758,0
1507153054,22774050,0.18480,276.62666615,1
1507153023,22774036,0.18480,3263.92324700,1
1507152998,22774021,0.18480,233.39000000,1
1507152934,22773974,0.18402,480.00000000,0
1507152930,22773973,0.18401,1718.00000000,1
1507152876,22773917,0.18481,1199.63077807,0
1507152871,22773894,0.18482,1198.59641044,0
1507152842,22773873,0.18481,1105.38741077,0
1507152839,22773871,0.18481,6320.95221300,0
1507152692,22773791,0.18482,487.52618033,0
1507152656,22773727,0.18482,6321.84089300,0
1507152650,22773724,0.18436,1059.93934368,1
1507152632,22773713,0.18436,1666.00000000,1
1507152584,22773691,0.18482,2.53647000,0
1507152584,22773690,0.18481,3621.06353000,0
1507152575,22773687,0.18480,50.00000000,0
1507152493,22773664,0.18398,265.89070801,0
1507152493,22773663,0.18446,2704.10929199,1
1507152491,22773661,0.18447,2500.00000000,1
1507152465,22773649,0.18481,1554.47102430,0
1507152138,22773490,0.18427,287.00000000,0
1507152090,22773455,0.18400,12091.37946852,0
1507152090,22773454,0.18400,2464.45097956,1
1507152090,22773453,0.18401,2000.00000000,1
1507152090,22773452,0.18402,2500.00000000,1
1507151983,22773332,0.18401,755.65000000,1
1507151954,22773301,0.18401,1100.00000000,1
1507151884,22773245,0.18481,463.67037734,0
1507151884,22773244,0.18481,457.71358456,0
1507151883,22773242,0.18480,1399.60340910,1
1507151843,22773225,0.18481,1040.78716506,0
1507151841,22773221,0.18480,1398.84507576,0
1507151841,22773220,0.18480,2052.62775918,0
1507151831,22773195,0.18480,250.00000000,0
1507151816,22773180,0.18451,2836.28975207,1
1507151815,22773179,0.18451,2052.62781793,1
1507151813,22773173,0.18481,0.74962519,1
1507151810,22773169,0.18481,1499.25037481,1
1507151802,22773163,0.18450,171.35000000,0
1507151781,22773158,0.18481,330.06871923,0
1507151752,22773135,0.18480,900.00000000,1
1507151742,22773131,0.18450,2105.98364800,1
1507151740,22773128,0.18450,1100.00000000,1
1507151699,22773120,0.18441,100.00000000,1
1507151637,22773094,0.18481,1000.00000000,0
1507151600,22773071,0.18481,1589.72885666,0
1507151600,22773070,0.18481,200.00000000,0
1507151600,22773069,0.18481,100.00000000,0
1507151600,22773068,0.18477,1390.00000000,0
1507151599,22773067,0.18451,100.00000000,0
1507151599,22773065,0.18426,100.00000000,0
1507151598,22773059,0.18422,6.22846091,0
1507151595,22773055,0.18422,1786.76111383,0
1507151589,22773049,0.18422,232.42541526,0
1507151589,22773048,0.18422,39.00000000,0
1507151579,22773036,0.18400,200.00000000,0
1507151421,22772898,0.18389,267.02580300,0
1507151421,22772897,0.18366,765.00000000,0
1507151361,22772812,0.18366,287.00000000,0
1507151352,22772795,0.18362,588.00000000,1
1507151338,22772757,0.18370,0.00002388,0
1507151337,22772755,0.18370,1985.44551316,0
1507151337,22772754,0.18368,1841.61868401,0
1507151337,22772753,0.18366,2148.00180283,0
1507151301,22772713,0.18366,543.12653817,0
1507151239,22772505,0.18350,1805.22100000,1
1507151201,22772493,0.18350,4000.00000000,1
1507151185,22772481,0.18350,1416.62215500,1
1507151184,22772480,0.18350,7768.98751900,1
1507151184,22772479,0.18351,845.76748500,1
1507151184,22772477,0.18351,4374.19734400,1
1507151183,22772475,0.18351,1610.67348500,1
1507151182,22772474,0.18351,1521.20773600,1
1507151179,22772468,0.18351,1559.72157400,1
1507151179,22772467,0.18351,1445.56383500,1
1507151178,22772466,0.18351,1391.98695300,1
1507151177,22772464,0.18351,1680.00000000,1
1507151175,22772462,0.18360,320.00000000,1
1507151126,22772420,0.18351,211.73781995,1
1507151123,22772416,0.18351,174.79200000,1
1507151122,22772413,0.18351,2426.07768875,1
1507151122,22772411,0.18356,72.67293593,1
1507151024,22772318,0.18356,692.32706407,1
1507151005,22772311,0.18311,510.92518159,1
1507150898,22772239,0.18350,81243.59112670,1
1507150896,22772225,0.18351,10723.64142000,1
1507150896,22772222,0.18360,3817.82518388,1
1507150895,22772220,0.18370,13413.05351197,1
1507150895,22772219,0.18370,1447.34270200,1
1507150895,22772218,0.18370,10723.64142000,1
1507150895,22772217,0.18370,2469.75846800,1
1507150894,22772214,0.18370,2370.48248200,1
1507150892,22772207,0.18370,917.65686500,1
1507150891,22772206,0.18370,908.23290116,1
1507150886,22772196,0.18370,291.72046487,1
1507150885,22772190,0.18370,2290.12985292,1
1507150883,22772181,0.18370,291.70687815,1
1507150882,22772179,0.18370,5222.27112000,1
1507150880,22772176,0.18370,174.79200000,1
1507150878,22772174,0.18370,2338.64000000,1
1507150872,22772151,0.18370,310.74970000,1
1507150869,22772148,0.18370,118.72454200,1
1507150861,22772137,0.18371,200.00000000,1
1507150861,22772136,0.18370,4983.20611100,1
1507150861,22772135,0.18370,2000.00000000,1
1507150860,22772134,0.18370,3524.93195400,1
1507150859,22772133,0.18370,65299.08778900,1
1507150859,22772132,0.18370,2000.00000000,1
1507150859,22772131,0.18370,2339.07185600,1
1507150858,22772130,0.18370,30933.83749600,1
1507150858,22772129,0.18370,3817.82518400,1
1507150857,22772128,0.18370,3817.82518400,1
1507150857,22772127,0.18370,11707.86605482,1
1507150857,22772126,0.18370,2122.44821100,1
1507150857,22772125,0.18370,13722.51322400,1
1507150856,22772124,0.18370,2398.92205100,1
1507150856,22772122,0.18370,9927.73293300,1
1507150855,22772121,0.18370,2338.96243600,1
1507150855,22772120,0.18370,24971.15856600,1
1507150849,22772118,0.18370,249.37500000,1
1507150840,22772116,0.18370,955.62300000,1
1507150838,22772114,0.18371,1.00700000,1
1507150838,22772113,0.18375,1440.09300000,1
1507150829,22772111,0.18375,1362.70000000,1
1507150827,22772109,0.18375,197.20700000,1
1507150818,22772091,0.18370,2802.93000000,1
1507150816,22772090,0.18370,1949.78000000,1
1507150816,22772089,0.18370,242.37200000,1
1507150814,22772086,0.18370,1783.12726209,1
1507150812,22772081,0.18370,1783.12726209,1
1507150811,22772078,0.18370,242.37200000,1
1507150809,22772077,0.18370,2801.69000000,1
1507150797,22772067,0.18397,271.01560000,0
1507150728,22772029,0.18418,584.78720340,0
1507150728,22772028,0.18380,4027.92861807,0
1507150715,22772023,0.18418,15674.85514688,0
1507150714,22772019,0.18410,150.00000000,0
1507150714,22772018,0.18405,307.00000000,0
1507150714,22772017,0.18401,100.00000000,0
1507150714,22772016,0.18401,2500.00000000,1
1507150714,22772015,0.18401,4605.64891187,1
1507150714,22772014,0.18401,628.59459873,1
1507150713,22772012,0.18400,50.00000000,0
1507150713,22772011,0.18400,5099.50700000,0
1507150713,22772009,0.18400,167.00000000,0
1507150713,22772007,0.18400,1000.00000000,0
1507150713,22772006,0.18400,6000.00000000,0
1507150713,22772005,0.18400,125.80000000,0
1507150712,22772004,0.18400,400.00000000,0
1507150712,22772003,0.18400,580.00000000,0
1507150712,22772002,0.18399,500.00000000,0
1507150712,22772001,0.18399,1000.00000000,0
1507150712,22772000,0.18392,2683.61524252,0
1507150712,22771999,0.18392,1142.46640000,1
1507150711,22771998,0.18390,28.00000000,0
1507150711,22771997,0.18380,4000.00000000,0
1507150710,22771996,0.18378,500.00000000,0
1507150710,22771995,0.18376,100.00000000,0
1507150710,22771994,0.18370,1500.00000000,0
1507150709,22771993,0.18369,1157.51270000,0
1507150706,22771992,0.18360,365.32675211,1
1507150703,22771988,0.18360,363.48224401,1
1507150701,22771982,0.18360,420.02072000,1
1507150700,22771981,0.18360,200.00000000,0
1507150700,22771980,0.18358,450.00000000,0
1507150700,22771979,0.18357,653.34510000,0
1507150699,22771978,0.18350,1144.33316200,1
1507150698,22771976,0.18350,1690.24523161,1
1507150694,22771972,0.18350,1077.81526129,1
1507150693,22771970,0.18350,1656.11884000,1
1507150693,22771968,0.18350,421.18902316,1
1507150691,22771960,0.18350,435.95239100,1
1507150689,22771953,0.18350,394.89918049,1
1507150688,22771945,0.18350,419.57560011,1
1507150682,22771938,0.18350,419.12105305,1
1507150679,22771935,0.18357,516.76890000,0
1507150677,22771930,0.18350,427.63488639,1
1507150671,22771926,0.18350,405.04692867,1
1507150668,22771916,0.18350,460.09992625,1
1507150667,22771913,0.18350,548.07692310,1
1507150665,22771909,0.18350,411.95360317,1
1507150661,22771906,0.18350,434.84547650,1
1507150660,22771904,0.18350,432.69209810,1
1507150657,22771903,0.18350,1000.00000000,0
1507150632,22771900,0.18332,5800.00000000,0
1507150589,22771888,0.18331,724.50971000,0
1507150584,22771886,0.18300,413.03000000,1
1507150576,22771875,0.18300,437.38103826,1
1507150569,22771873,0.18332,3023.59683786,0
1507150569,22771872,0.18331,811.00000000,0
1507150569,22771871,0.18330,500.00000000,0
1507150569,22771870,0.18329,2035.66143000,0
1507150569,22771869,0.18328,1151.23990000,0
1507150569,22771868,0.18302,3000.00000000,0
1507150569,22771867,0.18300,799.82393029,0
1507150568,22771866,0.18300,5604.80925895,0
1507150568,22771865,0.18300,460.00000000,0
1507150568,22771864,0.18300,450.00000000,0
1507150568,22771863,0.18300,1000.00000000,0
1507150568,22771862,0.18300,219.69909098,0
1507150561,22771861,0.18300,80.30090902,0
1507150561,22771860,0.18300,12.36357185,0
1507150493,22771842,0.18300,397.62782096,0
1507150484,22771833,0.18300,397.58546683,0
1507150481,22771829,0.18280,680.00000000,1
1507150479,22771828,0.18281,2500.00000000,1
1507150476,22771824,0.18300,192.42314036,0
1507150476,22771823,0.18299,205.12330898,0
1507150468,22771815,0.18299,397.50749889,0
1507150459,22771803,0.18299,397.36919213,0
1507150455,22771797,0.18260,1299.29592157,1
1507150454,22771795,0.18291,0.27383655,1
1507150451,22771791,0.18291,348.68212542,0
1507150445,22771787,0.18291,396.95371432,0
1507150437,22771778,0.18291,396.64218044,0
1507150331,22771731,0.18255,2499.99994523,1
1507150304,22771717,0.18291,298.00000000,0
1507150241,22771675,0.18291,996.39379671,0
1507150207,22771652,0.18252,484.68748631,1
1507150187,22771638,0.18255,1751.67297986,1
1507150187,22771636,0.18256,2500.00000000,1
1507150187,22771635,0.18280,423.93995804,1
1507150140,22771600,0.18280,132.64543259,0
1507150124,22771576,0.18250,3339.22000000,1
1507150085,22771533,0.18250,487.46575343,1
1507150055,22771507,0.18250,605.71673961,1
1507150019,22771483,0.18250,1000.00000000,1
1507150011,22771477,0.18250,2248.00794200,1
1507150006,22771463,0.18250,3473.21888585,1
1507150004,22771448,0.18250,3089.01560000,1
1507150002,22771444,0.18250,459.28050941,1
1507149998,22771432,0.18251,2041.92740124,1
1507149995,22771431,0.18251,458.07255177,1
1507149988,22771413,0.18250,23054.96051871,1
1507149988,22771412,0.18280,2740.90818129,1
1507149981,22771401,0.18280,665.49557200,1
1507149951,22771379,0.18280,2341.95773000,1
1507149941,22771371,0.18280,649.04998985,0
1507149912,22771356,0.18291,335.98682412,0
1507149912,22771355,0.18290,28.00000000,0
1507149910,22771354,0.18280,1000.00000000,0
1507149894,22771343,0.18250,400.00000000,0
1507149894,22771342,0.18250,50.43713244,0
1507149894,22771341,0.18250,150.00000000,0
1507149827,22771318,0.18200,128.00000000,0
1507149826,22771316,0.18200,10000.00000000,0
1507149330,22771130,0.18190,100.00000000,1
1507149164,22771103,0.18191,4000.00000000,1
1507148877,22771018,0.18250,2149.56286756,0
1507148877,22771017,0.18250,357.38774452,0
1507148875,22771016,0.18245,894.95835000,0
1507148670,22770872,0.18248,910.62034195,0
1507148525,22770775,0.18202,50.00000000,1
1507148515,22770769,0.18204,1795.34336830,1
1507148499,22770763,0.18259,4642.61225548,1
1507148466,22770747,0.18259,548.69275452,1
1507148412,22770718,0.18259,2908.69499000,1
1507148412,22770717,0.18260,1724.03233000,1
1507148357,22770688,0.18260,275.96767000,0
1507148320,22770657,0.18260,158.13230567,1
1507148317,22770653,0.18260,989.67943783,1
1507148313,22770645,0.18260,159.39728136,1
1507148284,22770638,0.18279,303.00000000,1
1507148284,22770637,0.18279,142.09475030,1
1507148281,22770633,0.18279,543.98300000,1
1507148279,22770630,0.18279,188.10913642,1
1507148279,22770629,0.18279,543.98300000,1
1507148274,22770620,0.18279,172.65515538,1
1507148271,22770618,0.18279,409.17495790,0
1507148248,22770615,0.18279,27.28557361,0
1507148175,22770559,0.18254,124.00000000,0
1507148057,22770473,0.18238,94.71445000,0
1507148054,22770461,0.18238,4000.00000000,0
1507148030,22770443,0.18230,1000.00000000,0
1507147991,22770431,0.18229,570.38354062,0
1507147940,22770340,0.18229,1519.77859454,1
1507147938,22770337,0.18229,480.22140546,0
1507147860,22770298,0.18200,5049.71165269,0
1507147840,22770287,0.18200,9833.04470324,0
1507147840,22770286,0.18200,354.95529676,0
1507147822,22770280,0.18200,548.08032967,0
1507147810,22770275,0.18200,32.88478022,0
1507147609,22770176,0.18200,64.07959335,0
1507147609,22770175,0.18200,250.00000000,0
1507147609,22770174,0.18200,343.61678028,0
1507147579,22770151,0.18200,18.01153846,0
1507147577,22770150,0.18190,393.30581616,0
1507147556,22770122,0.18200,488.74168126,0
1507147556,22770121,0.18200,64.88469237,0
1507147555,22770120,0.18200,35.11530763,0
1507147555,22770119,0.18200,158.00000000,0
1507147555,22770118,0.18200,200.00000000,0
1507147553,22770117,0.18190,28.00000000,0
1507147553,22770116,0.18190,1374.22806071,0
1507147523,22770102,0.18190,799.82393029,0
1507147521,22770101,0.18190,3325.94800900,0
1507147505,22770095,0.18150,0.00001571,0
1507147504,22770094,0.18150,5204.96712329,0
1507147504,22770093,0.18149,1421.52767671,0
1507147485,22770076,0.18150,3797.19680500,0
1507147480,22770075,0.18150,1300.00000000,0
1507147477,22770071,0.18150,2610.00000000,0
1507147467,22770062,0.18150,670.75605600,0
1507147467,22770061,0.18141,450.00000000,0
1507147465,22770060,0.18121,0.00000405,0
1507147465,22770059,0.18121,468.96420000,0
1507147303,22769954,0.18114,7779.69124538,0
1507147303,22769953,0.18114,10000.00000000,0
1507147297,22769945,0.18072,277.00000000,0
1507147217,22769865,0.18114,12220.30875462,0
1507147217,22769863,0.18113,1090.42337000,0
1507147217,22769862,0.18110,174.19933739,0
1507147165,22769837,0.18110,550.80066261,0
1507147141,22769831,0.18100,66.29624186,0
1507147140,22769830,0.18100,141.00000000,0
1507147140,22769829,0.18100,4999.99998000,0
1507147140,22769828,0.18100,0.00002000,0
1507147140,22769827,0.18098,9072.98028000,0
1507147012,22769797,0.18014,5703.54481680,0
1507147012,22769796,0.18014,2500.00000000,1
1507147001,22769795,0.18098,3169.21312581,0
1507146949,22769787,0.18007,1354.55489049,0
1507146949,22769786,0.18010,250.00000000,1
1507146948,22769785,0.18010,1725.52205900,0
1507146948,22769784,0.18016,4428.13515051,1
1507146948,22769783,0.18026,2500.00000000,0
1507146946,22769782,0.18026,1147.78790000,1
1507146910,22769773,0.18098,1587.35902431,0
1507146908,22769768,0.18086,1169.19033387,0
1507146771,22769726,0.18027,0.20304170,0
1507146770,22769725,0.18027,183.86100000,0
1507146768,22769723,0.18027,181.20300000,0
1507146765,22769721,0.18027,148.80000000,1
1507146691,22769686,0.18086,300.00000000,0
1507146647,22769668,0.18027,1070.04777246,0
1507146607,22769649,0.18027,2498.75060000,0
1507146594,22769641,0.18001,1115.00000000,0
1507146495,22769559,0.18001,200.00000000,1
1507146467,22769496,0.18027,5212.30861730,1
1507146467,22769495,0.18086,3175.65814364,1
1507146465,22769492,0.18086,1469.19033387,1
1507146461,22769485,0.18086,1412.44289953,0
1507146421,22769473,0.18086,90.62604000,0
1507146327,22769449,0.18002,504.69972342,1
1507146312,22769443,0.18008,2201.40123913,1
1507146157,22769353,0.18050,6111.10991691,1
1507146122,22769324,0.18100,15591.80539071,0
1507146122,22769323,0.18099,2627.96079000,0
1507146122,22769321,0.18087,1510.24487756,0
1507146120,22769319,0.18086,269.98894173,0
1507145899,22769245,0.18100,4706.79337016,0
1507145899,22769243,0.18099,880.47060000,0
1507145899,22769242,0.18090,1204.14858833,0
1507145898,22769241,0.18089,652.16111000,0
1507145898,22769240,0.18087,15143.81123000,1
1507145898,22769239,0.18077,3260.80557000,0
1507145896,22769238,0.18000,29441.44173052,0
1507145722,22769125,0.18000,55.41700000,0
1507145587,22769083,0.17999,28.00000000,1
1507145575,22769058,0.18000,5253.53283333,0
1507145494,22769037,0.17999,100.00000000,1
1507145476,22769034,0.17999,10000.00000000,1
1507145384,22769001,0.18000,554.22538889,0
1507145363,22768998,0.18000,14831.93687000,1
1507145221,22768903,0.18000,229.57477778,1
1507145195,22768855,0.18000,100.00000000,1
1507145183,22768825,0.18097,1176.29551859,0
1507145183,22768824,0.18090,28.00000000,0
1507145183,22768823,0.18089,1001.17689000,0
1507145153,22768816,0.18000,715.00000000,1
1507145093,22768778,0.18089,29.16950000,1
1507144916,22768728,0.18089,441.15479020,0
1507144905,22768719,0.18000,624.81989600,1
1507144791,22768662,0.18001,100.00000000,1
1507144786,22768654,0.18000,3454.48241707,1
1507144786,22768653,0.18050,9605.30368293,1
1507144763,22768637,0.18098,107.47800862,0
1507144759,22768636,0.18050,216.11202393,1
1507144751,22768626,0.18050,100.00000000,1
1507144735,22768611,0.18051,99.62250000,1
1507144710,22768574,0.18051,100.00000000,1
1507144688,22768548,0.18050,1490.53259037,1
1507144683,22768533,0.18050,3988.05170277,0
1507144591,22768495,0.18050,2681.10472204,0
1507144590,22768494,0.18000,330.00000000,0
1507144590,22768493,0.18000,380.00000000,0
1507144590,22768492,0.18000,249.78306818,0
1507144590,22768491,0.18000,46226.83136334,0
1507144257,22768177,0.17998,554.23169241,0
1507144212,22768150,0.17955,60.64430000,1
1507144051,22768037,0.17955,1365.86560000,1
1507144048,22768032,0.17999,554.20090005,0
1507144021,22768020,0.17955,100.00000000,1
1507144007,22768009,0.17955,5000.00000000,1
1507143992,22767993,0.17955,250.00000000,1
1507143940,22767957,0.17955,100.00000000,1
1507143933,22767952,0.17999,4478.95316612,0
1507143933,22767950,0.17999,250.00000000,0
1507143931,22767949,0.17956,814.85698167,0
1507143928,22767947,0.17955,863.10720000,1
1507143899,22767932,0.17955,100.00000000,1
1507143890,22767923,0.17955,1907.44330000,1
1507143802,22767858,0.17955,4102.26460000,1
1507143731,22767805,0.17955,590.00000000,1
1507143708,22767783,0.17955,595.00000000,1
1507143684,22767767,0.17956,444.36689686,0
1507143598,22767720,0.17956,7889.20000000,1
1507143596,22767719,0.17998,110.80000000,1
1507143455,22767644,0.17999,250.00000000,0
1507143413,22767625,0.18000,2331.00005555,0
1507143411,22767623,0.17999,1188.04620000,0
1507143396,22767612,0.17956,2000.00000000,1
1507143296,22767539,0.17999,176.80023906,0
1507143296,22767538,0.17999,1169.67100000,0
1507143277,22767529,0.17955,6131.72904565,1
1507143254,22767519,0.17955,5607.08263060,1
1507143234,22767509,0.17955,203.39000000,1
1507143183,22767494,0.18000,2750.79179900,0
1507143181,22767491,0.17999,1128.38200000,0
1507143142,22767461,0.17999,38.15000000,0
1507143127,22767458,0.17955,9569.53413060,1
1507143127,22767457,0.17975,4070.46586940,1
1507142871,22767350,0.17999,1108.40180010,0
1507142821,22767326,0.17956,166.00000000,1
1507142778,22767311,0.17999,880.00000000,0
1507142647,22767259,0.17998,460.00000000,0
1507142620,22767247,0.18000,429.71377777,0
1507142619,22767245,0.17994,124.49781273,0
1507142592,22767238,0.17993,1897.50800000,1
1507142422,22767106,0.17994,499.19973324,0
1507142422,22767105,0.17985,809.19295132,0
1507142420,22767104,0.17970,78.00333890,0
1507142418,22767101,0.17970,271.99666110,0
1507142380,22767059,0.17985,1798.22527339,0
1507142380,22767058,0.17985,3470.78178805,0
1507142313,22767029,0.17985,693.24437030,0
1507142158,22766941,0.17985,554.62885738,0
1507142013,22766860,0.17985,33.11153739,0
1507141971,22766785,0.17956,27.84600000,1
1507141968,22766782,0.17985,5540.00000000,0
1507141922,22766753,0.17958,1024.38487000,0
1507141873,22766718,0.17955,5243.49521115,1
1507141873,22766717,0.17956,9842.00000000,1
1507141873,22766715,0.17957,6221.97454794,1
1507141837,22766690,0.17958,900.00000000,1
1507141834,22766686,0.17958,1024.38487000,1
1507141707,22766596,0.17985,277.31615235,0
1507141698,22766593,0.17985,1658.35062552,0
1507141655,22766567,0.17955,363.00000000,1
1507141569,22766509,0.17956,1452.56611130,1
1507141465,22766420,0.17985,348.21958768,0
1507141460,22766413,0.17985,2600.00000000,0
1507141460,22766412,0.17985,348.17093327,0
1507141454,22766402,0.17985,348.17093327,0
1507141448,22766395,0.17985,348.17093327,0
1507141443,22766387,0.17985,996.67835917,0
1507141438,22766379,0.17985,381.64663829,0
1507141432,22766371,0.17985,381.64663829,0
1507141426,22766362,0.17985,381.64663829,0
1507141421,22766353,0.17985,381.64663829,0
1507141416,22766333,0.17985,381.64663829,0
1507141410,22766324,0.17985,993.16774404,0
1507141404,22766313,0.17985,992.59916384,0
1507141397,22766301,0.17985,992.03098176,0
1507141383,22766261,0.17985,376.74701000,0
1507141229,22766150,0.17985,483.65283000,0
1507141210,22766104,0.17952,350.00000000,0
1507141187,22766085,0.17985,991.74033361,0
1507141181,22766080,0.17985,876.30510179,0
1507141181,22766079,0.17984,114.86744628,0
1507141175,22766070,0.17984,381.58127737,0
1507141175,22766067,0.17984,809.02393635,1
1507141170,22766065,0.17985,381.36294418,0
1507141164,22766060,0.17985,381.14461100,0
1507141159,22766054,0.17985,380.92647645,0
1507141154,22766046,0.17985,380.63304772,0
1507141148,22766039,0.17985,380.41511186,0
1507141143,22766032,0.17985,380.19737465,0
1507141128,22766012,0.17984,503.70287827,0
1507141128,22766011,0.17984,1436.29712173,0
1507141019,22765907,0.17985,300.00000000,0
1507140917,22765865,0.17994,3868.41436000,0
1507140917,22765864,0.17992,3008.08868000,0
1507140860,22765837,0.17997,29.92198000,0
1507140734,22765792,0.17920,2883.37078386,1
1507140697,22765777,0.18000,1603.50675972,0
1507140666,22765762,0.17915,10000.00000000,0
1507140630,22765741,0.17891,500.00000000,1
1507140628,22765740,0.17905,2500.00000000,1
1507140565,22765725,0.17898,97.00000000,1
1507140562,22765724,0.17989,554.50897771,0
1507140547,22765720,0.17894,97.00000000,1
1507140473,22765692,0.17890,60.00000000,1
1507140470,22765691,0.17876,937.70146857,0
1507140467,22765690,0.17876,62.29853143,1
1507140466,22765687,0.17876,100.00000000,1
1507140329,22765594,0.17876,0.00000035,0
1507140328,22765591,0.17876,1862.68636000,0
1507140326,22765588,0.17876,211.64495413,0
1507140326,22765587,0.17876,202.22641000,1
1507140184,22765514,0.17876,2612.52852830,0
1507140182,22765509,0.17876,182.47147170,0
1507140181,22765508,0.17876,100.00000000,1
1507140151,22765486,0.17926,149.74206000,0
1507140125,22765468,0.17921,200.25794000,0
1507140124,22765464,0.17879,4428.40518640,1
1507140124,22765461,0.17898,4094.71445000,1
1507140123,22765460,0.17900,2001.00000000,1
1507140123,22765459,0.17900,6287.00000000,1
1507140123,22765458,0.17900,1000.00000000,1
1507140123,22765457,0.17901,100.00000000,1
1507140121,22765456,0.17941,7088.88036360,1
1507140043,22765430,0.17924,2036.48431064,0
1507140043,22765429,0.17926,450.00000000,1
1507140043,22765428,0.17926,100.00000000,1
1507140043,22765427,0.17930,158.00000000,1
1507140042,22765426,0.17998,1237.13170201,0
1507140041,22765425,0.17998,2018.38398735,1
1507140040,22765424,0.17998,386.00000000,1
1507139977,22765383,0.17998,28.00000000,1
1507139957,22765369,0.17998,28.00000000,1
1507139892,22765343,0.17998,2460.42580443,0
1507139856,22765330,0.17930,1500.00000000,1
1507139848,22765316,0.17950,105.16234768,1
1507139848,22765315,0.17951,100.00000000,1
1507139846,22765313,0.17952,1410.83765232,1
1507139818,22765302,0.17954,1850.17957221,1
1507139790,22765292,0.17954,1289.00000000,1
1507139788,22765290,0.17968,750.00000000,1
1507139753,22765268,0.17999,597.26900000,0
1507139751,22765267,0.17999,2614.21000000,0
1507139735,22765248,0.18000,1829.53381000,0
1507139735,22765247,0.17999,3820.46619000,0
1507139679,22765203,0.18000,242.80000000,0
1507139677,22765202,0.18000,2000.00000000,1
1507139677,22765201,0.18000,557.00000000,1
1507139677,22765200,0.18000,600.00000000,1
1507139677,22765199,0.18000,1428.82243462,1
1507139656,22765193,0.18000,200.00000000,1
1507139606,22765139,0.18000,930.00000000,1
1507139571,22765117,0.18000,285.51841258,1
1507139544,22765107,0.18000,180.00000000,1
1507139498,22765077,0.18000,775.65915280,1
1507139498,22765076,0.18000,250.00000000,1
1507139495,22765062,0.18001,560.00000000,1
1507139226,22764965,0.18050,573.35883657,0
1507139200,22764946,0.18050,58.31087000,0
1507139109,22764907,0.18050,1187.54306589,0
1507139096,22764887,0.18050,746.14448753,0
1507139079,22764877,0.18050,50.00000000,0
1507139071,22764875,0.18026,349.37250000,0
1507139039,22764859,0.18054,715.48631520,1
1507139038,22764858,0.18054,1202.32247930,0
1507139038,22764857,0.18099,1092.20757140,1
1507139036,22764856,0.18100,2324.00000000,1
1507138867,22764737,0.18139,514.62750000,1
1507138866,22764735,0.18139,3650.37250000,1
1507138808,22764638,0.18140,1016.18055786,1
1507138803,22764631,0.18140,558.08334681,1
1507138803,22764629,0.18140,460.00000000,1
1507138789,22764612,0.18150,1472.54000000,0
1507138788,22764611,0.18150,1444.54000000,0
1507138788,22764610,0.18140,28.00000000,0
1507138727,22764547,0.18128,1235.00000000,0
1507138703,22764524,0.18099,94.95854100,1
1507138673,22764496,0.18139,1600.00000000,1
1507138668,22764492,0.18138,28.00000000,1
1507138667,22764489,0.18138,3600.45982000,1
1507138667,22764485,0.18100,20000.00000000,0
1507138661,22764477,0.18099,1044.11095497,0
1507138656,22764471,0.18099,1044.08179636,0
1507138650,22764465,0.18099,1155.57193914,0
1507138650,22764464,0.18090,28.00000000,0
1507138645,22764457,0.18098,1182.58440224,0
1507138616,22764421,0.18106,233.29400000,0
1507138594,22764385,0.18128,0.00002000,1
1507138594,22764381,0.18128,233.29400000,1
1507138572,22764354,0.18083,248.28000000,0
1507138572,22764353,0.18083,248.28000000,0
1507138572,22764349,0.18083,248.28000000,0
1507138571,22764347,0.18083,0.00001702,0
1507138568,22764333,0.18088,248.27998298,1
1507138561,22764309,0.18100,0.00003301,1
1507138561,22764308,0.18100,701.96800000,1
1507138538,22764250,0.18114,10000.00000000,0
1507138521,22764223,0.18125,310.62048000,0
1507138465,22764167,0.18100,1981.69060800,1
1507138464,22764166,0.18139,1181.33756599,0
1507138421,22764148,0.18136,693.94429000,0
1507138394,22764138,0.18139,1924.69265119,0
1507138338,22764116,0.18100,89.00000000,1
1507138321,22764091,0.18155,2758.05471242,1
1507138261,22764050,0.18155,10000.00000000,1
1507138261,22764048,0.18155,3037.97536000,1
1507138261,22764047,0.18156,6962.02464000,1
1507138249,22764044,0.18237,1535.95731622,0
1507138249,22764043,0.18235,1170.95840000,0
1507138247,22764042,0.18190,28.00000000,0
1507138154,22763956,0.18235,2707.13901837,1
1507138152,22763955,0.18190,28.00000000,0
1507138066,22763909,0.18142,34.47000000,0
1507138066,22763908,0.18140,28.00000000,0
1507137975,22763858,0.18140,72.00000000,0
1507137975,22763857,0.18140,28.00000000,0
1507137863,22763799,0.18100,1118.55396957,0
1507137863,22763798,0.18090,28.00000000,0
1507137800,22763761,0.18100,89.50276243,0
1507137797,22763758,0.18100,4528.63326800,0
1507137782,22763752,0.18100,1910.77000000,0
1507137781,22763751,0.18100,1910.77000000,0
1507137780,22763748,0.18100,1910.77000000,0
1507137774,22763743,0.18100,2972.00000000,1
1507137764,22763735,0.18090,28.00000000,0
1507137745,22763724,0.18136,247.53622000,0
1507137745,22763722,0.18090,28.00000000,0
1507137692,22763697,0.18181,520.77096969,1
1507137690,22763696,0.18140,28.00000000,0
1507137662,22763681,0.18150,3574.07400000,0
1507137662,22763679,0.18149,1425.92600000,0
1507137640,22763665,0.18159,153.98160691,0
1507137640,22763664,0.18140,28.00000000,0
1507137640,22763663,0.18105,864.00000000,0
1507137639,22763661,0.18090,28.00000000,0
1507137546,22763600,0.18112,500.00000000,1
1507137540,22763561,0.18111,2755.11696000,1
1507137540,22763559,0.18112,12283.10304000,1
1507137540,22763558,0.18113,2500.00000000,1
1507137489,22763526,0.18108,800.00000000,1
1507137489,22763525,0.18108,2500.00000000,1
1507137472,22763508,0.18102,863.30000000,0
1507137470,22763507,0.18170,272.70000000,1
1507137428,22763484,0.18205,687.86965119,0
1507137428,22763483,0.18204,2023.91363000,1
1507137426,22763482,0.18190,28.00000000,0
1507137373,22763455,0.18230,236.87350521,0
1507137364,22763438,0.18229,4026.40775840,1
1507137364,22763436,0.18229,4634.01721700,0
1507137364,22763435,0.18229,153.13033757,0
1507137363,22763434,0.18227,2130.61310000,0
1507137335,22763413,0.18249,4293.73028224,1
1507137335,22763412,0.18249,1144.37060000,0
1507137333,22763410,0.18240,28.00000000,0
1507137323,22763401,0.18190,902.00000000,1
1507137323,22763400,0.18224,92.21458675,1
1507137322,22763399,0.18224,100.00000000,1
1507137253,22763356,0.18224,473.69100000,1
1507137228,22763340,0.18224,1000.00000000,1
1507137219,22763338,0.18224,889.09441325,0
1507137179,22763269,0.18224,1180.63161647,0
1507137169,22763261,0.18190,28.00000000,0
1507137070,22763226,0.18159,6000.00000000,1
1507137041,22763214,0.18190,28.00000000,0
1507137025,22763211,0.18224,109.03308837,0
1507137005,22763182,0.18160,295.00000000,1
1507136930,22763130,0.18298,6223.95355761,0
1507136930,22763129,0.18298,25926.56152600,1
1507136930,22763128,0.18298,1000.00000000,1
1507136930,22763127,0.18298,10000.00000000,1
1507136929,22763126,0.18290,30.00000000,0
1507136929,22763125,0.18259,250.00000000,0
1507136929,22763123,0.18250,500.00000000,0
1507136929,22763122,0.18250,1350.00000000,0
1507136929,22763121,0.18250,199.00000000,0
1507136929,22763120,0.18250,5000.00000000,0
1507136928,22763119,0.18250,4426.60394800,1
1507136928,22763118,0.18240,30.00000000,0
1507136928,22763117,0.18238,2045.89773000,0
1507136928,22763116,0.18237,6215.40800000,0
1507136927,22763115,0.18225,10000.00000000,0
1507136927,22763114,0.18224,128.52232000,1
1507136927,22763113,0.18200,7600.00000000,0
1507136927,22763112,0.18200,800.00000000,0
1507136926,22763110,0.18200,1000.00000000,0
1507136926,22763109,0.18198,642.61161000,1
1507136926,22763107,0.18190,30.00000000,0
1507136926,22763105,0.18189,4306.05044000,0
1507136925,22763104,0.18177,100.00000000,0
1507136925,22763103,0.18150,1201.35504133,0
1507136923,22763102,0.18140,30.00000000,0
1507136911,22763101,0.18088,232.00000000,1
1507136819,22763019,0.18150,3056.00000000,0
1507136819,22763018,0.18140,30.00000000,0
1507136783,22762977,0.18150,953.62677101,1
1507136781,22762976,0.18138,416.65575444,0
1507136770,22762969,0.18054,152.00000000,1
1507136755,22762953,0.18150,1162.64495867,0
1507136755,22762952,0.18147,1516.58555000,1
1507136755,22762951,0.18141,450.00000000,0
1507136755,22762950,0.18140,30.00000000,0
1507136754,22762949,0.18130,1000.00000000,0
1507136754,22762948,0.18100,1535.16105814,0
1507136754,22762947,0.18100,600.00000000,0
1507136754,22762946,0.18100,2500.00000000,0
1507136752,22762944,0.18090,30.00000000,0
1507136660,22762867,0.18008,700.00000000,0
1507136659,22762866,0.18008,2500.00000000,1
1507136626,22762848,0.18040,30.00000000,0
1507136575,22762796,0.18000,2061.70792000,0
1507136574,22762795,0.18000,8938.29208000,0
1507136574,22762794,0.18000,1061.70792000,0
1507136556,22762781,0.17990,30.00000000,0
1507136528,22762773,0.18000,3500.00000000,0
1507136528,22762772,0.17990,30.00000000,0
1507136512,22762764,0.18000,1694.13408000,0
1507136472,22762729,0.18000,251.08800000,0
1507136472,22762728,0.17990,30.00000000,0
1507136461,22762711,0.17998,250.22600000,0
1507136461,22762710,0.17990,30.00000000,0
1507136437,22762686,0.17968,302.47076923,1
1507136436,22762685,0.17969,2500.00000000,1
1507136413,22762664,0.17967,864.00000000,0
1507136265,22762598,0.17990,830.00000000,1
1507136230,22762584,0.17925,100.00000000,1
1507136224,22762583,0.17923,3850.67257010,0
1507136224,22762581,0.17923,149.32742990,1
1507136224,22762580,0.17923,2500.00000000,1
1507136214,22762572,0.17944,4340.61787927,0
1507136214,22762568,0.17950,200.00000000,1
1507136214,22762567,0.17990,6459.38212073,1
1507136208,22762565,0.17990,30.00000000,0
1507136144,22762533,0.18011,494.89734073,0
1507136144,22762532,0.18000,622.00360900,0
1507136144,22762531,0.18000,600.00000000,0
1507136143,22762530,0.17997,3118.84621770,0
1507136143,22762529,0.17997,283.91478340,1
1507136143,22762528,0.17996,1666.27580000,0
1507136141,22762527,0.17990,30.00000000,0
1507136092,22762465,0.17949,11297.10359786,0
1507136092,22762464,0.17940,30.00000000,0
1507136067,22762435,0.17949,308.83678000,0
1507136067,22762434,0.17940,30.00000000,0
1507136053,22762405,0.17912,3118.84621770,0
1507136053,22762404,0.17912,1156.00960000,0
1507136053,22762399,0.17912,2500.00000000,1
1507136032,22762378,0.17949,1775.49126557,0
1507136032,22762377,0.17940,2.19882943,0
1507135952,22762358,0.17940,27.80117057,0
1507135914,22762335,0.17949,81.16396456,0
1507135912,22762334,0.17940,30.00000000,0
1507135782,22762266,0.17949,2750.93643100,0
1507135765,22762254,0.17911,1835.21000000,1
1507135760,22762246,0.17949,2769.85730600,0
1507135691,22762171,0.17949,1041.40619800,0
1507135690,22762170,0.17940,30.00000000,0
1507135546,22762002,0.17949,1111.48944231,0
1507135540,22761996,0.17949,228.66287035,0
1507135540,22761995,0.17949,1500.00000000,0
1507135540,22761994,0.17949,1055.00000000,0
1507135539,22761992,0.17948,1426.74380000,0
1507135539,22761989,0.17946,1317.09781669,0
1507135537,22761986,0.17940,30.00000000,0
1507135435,22761790,0.17950,128.15693593,0
1507135435,22761778,0.17949,3390.76942000,0
1507135435,22761768,0.17948,1450.70780000,0
1507135435,22761761,0.17948,5850.00000000,0
1507135433,22761741,0.17940,30.00000000,0
1507135315,22761703,0.17949,590.39355429,0
1507135315,22761702,0.17949,1632.51580000,0
1507135307,22761700,0.17949,555.74472115,0
1507135245,22761676,0.17950,1196.77000000,0
1507135245,22761675,0.17940,30.00000000,0
1507135221,22761668,0.17950,178.91000000,0
1507135219,22761666,0.17950,484.81112000,0
1507135219,22761665,0.17940,212.78788000,0
1507135201,22761658,0.17940,2787.21212000,0
1507135200,22761657,0.17940,30.00000000,0
1507135200,22761656,0.17921,107.92788000,0
1507135200,22761655,0.17939,851.07212000,1
1507135177,22761628,0.17939,4005.38696000,0
1507135177,22761627,0.17939,8783.54092000,0
1507135087,22761582,0.17950,2000.00000000,1
1507135067,22761575,0.17970,1782.31645540,0
1507135011,22761556,0.18000,163.06081855,1
1507135003,22761553,0.18000,2113.49690593,1
1507135003,22761552,0.18000,312.11697407,1
1507134999,22761551,0.18000,373.88900000,1
1507134991,22761539,0.18000,309.34300000,1
1507134978,22761524,0.18000,404.65102593,1
1507134977,22761523,0.18000,4427.79416607,1
1507134976,22761520,0.18000,406.22386900,1
1507134939,22761500,0.18009,55.38930535,0
1507134919,22761489,0.18000,863.74246400,1
1507134910,22761485,0.18012,405.20044126,0
1507134910,22761484,0.18005,4684.30452242,0
1507134908,22761482,0.18002,450.48476424,0
1507134890,22761469,0.18002,1353.82224197,0
1507134881,22761459,0.18000,2215.23512000,1
1507134876,22761452,0.18000,79.84111800,1
1507134867,22761447,0.18000,433.91912500,1
1507134839,22761434,0.18000,1000.00000000,1
1507134831,22761432,0.18000,573.24413793,1
1507134805,22761412,0.18002,2770.81918676,0
1507134788,22761400,0.18009,281.93158976,0
1507134599,22761272,0.18014,503.81412279,0
1507134599,22761271,0.18000,3059.00000000,0
1507134599,22761270,0.18000,2600.00000000,0
1507134599,22761269,0.17990,30.00000000,0
1507134597,22761268,0.17988,4893.35070000,0
1507134519,22761231,0.17981,425.31349758,0
1507134519,22761230,0.17940,29.42920756,0
1507134519,22761229,0.17912,1579.45742800,0
1507134517,22761220,0.17911,1105.05210614,0
1507134502,22761204,0.17911,1178.94789386,1
1507134494,22761189,0.17912,2246.15000000,0
1507134485,22761179,0.17912,1481.39257200,0
1507134481,22761170,0.17911,1998.66011600,0
1507134481,22761168,0.17911,1826.94731200,0
1507134458,22761152,0.17912,3406.42900000,1
1507134456,22761150,0.17902,6490.87352994,1
1507134455,22761149,0.17911,3236.84343849,1
1507134455,22761148,0.17911,7525.13003157,1
1507134430,22761134,0.17940,0.57079244,0
1507134430,22761133,0.17930,815.54920756,0
1507134423,22761127,0.17908,6061.07000000,1
1507134420,22761125,0.17939,1800.00000000,0
1507134413,22761120,0.17907,1400.12644252,1
1507134385,22761090,0.17902,2791.23974000,1
1507134384,22761089,0.17903,5007.76026000,1
1507134363,22761070,0.17938,2609.37170391,0
1507134362,22761069,0.17933,1098.90397609,0
1507134354,22761052,0.17931,4390.38574212,0
1507134354,22761051,0.17926,449.55022488,0
1507134348,22761042,0.17925,1650.77857700,0
1507134329,22761020,0.17926,0.22488756,1
1507134324,22761014,0.17926,449.77511244,1
1507134320,22761009,0.17933,0.00008023,1
1507134318,22761004,0.17933,1099.45346568,1
1507134271,22760970,0.17967,610.67512662,0
1507134222,22760933,0.17933,2314.55246409,1
1507134220,22760930,0.17940,933.19945011,1
1507134213,22760926,0.17944,5499.99999955,1
1507134211,22760925,0.18000,0.00000045,1
1507134208,22760924,0.18000,999.99999955,1
1507134208,22760923,0.18001,7775.97079445,1
1507134184,22760913,0.18001,932.90000000,1
1507134163,22760900,0.18001,150.00000000,1
1507134138,22760893,0.18001,3012.52913728,1
1507134132,22760885,0.18001,716.24459069,1
1507134122,22760869,0.18001,1249.99999900,1
1507134122,22760867,0.18010,1000.00000000,1
1507134120,22760865,0.18001,1592.89634600,1
1507134117,22760863,0.18002,9029.69419000,0
1507134117,22760862,0.18001,4161.19810011,1
1507134115,22760859,0.18002,500.00000000,1
1507134093,22760837,0.18003,875.76215200,0
1507134093,22760835,0.18002,443.84003655,0
1507134091,22760833,0.18002,3846.27812144,1
1507134087,22760829,0.18002,443.84003655,1
1507134077,22760820,0.18000,14972.50208810,0
1507134077,22760819,0.18000,1010.12016612,0
1507134077,22760818,0.17997,4899.12170000,0
1507134077,22760817,0.17996,1775.08460000,0
1507134077,22760816,0.17995,15163.76296000,0
1507134077,22760815,0.17940,500.00000000,0
1507134074,22760811,0.17940,400.00000000,1
1507134050,22760797,0.18000,1805.55555556,0
1507134033,22760786,0.17999,6850.00000000,1
1507134032,22760783,0.18000,566.71343365,0
1507134027,22760780,0.18000,212.43357240,1
1507134027,22760779,0.18001,3750.08199949,1
1507134026,22760774,0.18000,787.56642760,1
1507134026,22760773,0.18000,4885.88500000,1
1507134014,22760767,0.18109,4863.91724000,0
1507134014,22760766,0.18061,959.00000000,0
1507134009,22760765,0.18008,881.32781300,1
1507134009,22760764,0.18008,30.00000000,1
1507134007,22760761,0.18047,50.67218746,1
1507134007,22760760,0.18073,849.32781254,1
1507133985,22760752,0.18138,326.88799706,1
1507133960,22760723,0.18138,0.00000006,1
1507133960,22760721,0.18140,5099.50637000,1
1507133960,22760720,0.18141,450.08579994,1
1507133947,22760698,0.18176,1869.52024647,1
1507133946,22760693,0.18176,600.00000000,0
1507133894,22760614,0.18175,1000.00000000,1
1507133859,22760587,0.18175,15155.79824878,1
1507133798,22760548,0.18175,480.00000000,1
1507133795,22760547,0.18175,2680.35441120,1
1507133780,22760535,0.18175,9849.82276796,1
1507133780,22760534,0.18176,4157.11840100,1
1507133776,22760531,0.18190,2440.35549800,0
1507133776,22760530,0.18190,30.00000000,0
1507133767,22760516,0.18176,842.88159900,0
1507133749,22760501,0.18176,283.09600000,0
1507133736,22760489,0.18176,1816.09898200,0
1507133735,22760488,0.18176,754.47800000,0
1507133733,22760483,0.18176,1539.22991900,0
1507133729,22760482,0.18176,525.91700000,0
1507133725,22760476,0.18176,225.30000000,0
1507133709,22760466,0.18176,557.18700000,0
1507133692,22760454,0.18176,179.45300000,0
1507133690,22760449,0.18176,165.46336000,0
1507133688,22760446,0.18176,295.53300000,0
1507133688,22760445,0.18176,499.87800000,0
1507133660,22760425,0.18175,3700.00000000,1
1507133648,22760422,0.18176,1115.48414000,0
1507133648,22760421,0.18180,700.00000000,1
1507133620,22760412,0.18177,14039.92694000,1
1507133620,22760411,0.18200,1006.90000000,1
1507133608,22760407,0.18200,535.00000000,1
1507133604,22760404,0.18190,30.00000000,0
1507133587,22760396,0.18180,507.09400000,0
1507133579,22760392,0.18180,1360.56144000,0
1507133570,22760391,0.18180,583.30125100,0
1507133567,22760388,0.18235,67.10000000,0
1507133534,22760365,0.18188,8810.62691365,1
1507133533,22760363,0.18200,10000.00000000,1
1507133533,22760361,0.18200,548.07692300,1
1507133533,22760359,0.18200,1178.35164835,1
1507133529,22760356,0.18237,5841.62225147,0
1507133525,22760352,0.18203,2839.62825489,1
1507133525,22760349,0.18210,15000.00000000,1
1507133524,22760347,0.18210,1999.99999406,1
1507133524,22760345,0.18210,3518.17682591,1
1507133524,22760343,0.18211,4706.97620314,1
1507133467,22760303,0.18210,54.27315394,0
1507133466,22760301,0.18210,2000.00000000,0
1507133457,22760282,0.18210,1868.82800000,0
1507133455,22760280,0.18210,548.87418500,0
1507133454,22760276,0.18210,3.73000000,0
1507133453,22760275,0.18200,5325.95000000,0
1507133447,22760261,0.18200,4674.05000000,1
1507133435,22760257,0.18210,1124.29466106,0
1507133433,22760256,0.18200,5726.02166054,0
1507133422,22760200,0.18200,4066.03961400,0
1507133410,22760186,0.18200,207.93872546,0
1507133409,22760185,0.18200,1000.00000000,0
1507133409,22760184,0.18200,100.00000000,0
1507133409,22760183,0.18200,2000.00000000,0
1507133409,22760182,0.18200,440.03846154,0
1507133405,22760177,0.18200,759.96153846,0
1507133405,22760174,0.18199,1000.00000000,0
1507133405,22760172,0.18190,30.00000000,0
1507133405,22760171,0.18190,500.00000000,0
1507133403,22760170,0.18177,1000.00000000,0
1507133400,22760166,0.18150,180.00000000,0
1507133400,22760165,0.18150,991.64810118,0
1507133398,22760162,0.18150,707.78500000,0
1507133395,22760158,0.18150,0.56689882,0
1507133395,22760157,0.18149,810.00000000,0
1507133395,22760156,0.18146,0.00010118,0
1507133390,22760144,0.18146,1406.23741882,0
1507133388,22760131,0.18146,650.00000000,0
1507133388,22760129,0.18141,356.91810300,0
1507133386,22760116,0.18141,93.08189700,0
1507133384,22760105,0.18138,388.02166313,0
1507133380,22760094,0.18138,326.76222635,0
1507133375,22760077,0.18138,326.59542361,0
1507133371,22760073,0.18138,1876.55300000,0
1507133370,22760070,0.18138,4075.27901800,0
1507133369,22760067,0.18138,326.42881827,0
1507133366,22760060,0.18138,670.95850200,0
1507133365,22760059,0.18138,327.78700000,0
1507133365,22760058,0.18138,4612.53949900,0
1507133364,22760056,0.18138,69.07484964,0
1507133364,22760055,0.18130,3000.00000000,0
1507133364,22760054,0.18125,5318.38565136,0
1507133364,22760052,0.18125,326.39093219,0
1507133363,22760049,0.18125,1259.68000000,0
1507133346,22760031,0.18125,1101.02598621,0
1507133344,22760030,0.18125,1060.76728000,0
1507133344,22760029,0.18125,5038.65630100,0
1507133343,22760028,0.18125,1076.99918900,0
1507133342,22760024,0.18125,6115.65549000,0
1507133341,22760022,0.18125,5440.76326500,0
1507133329,22760009,0.18125,157.58121900,0
1507133326,22760006,0.18125,326.11922242,0
1507133312,22759980,0.18125,2911.70299000,0
1507133303,22759968,0.18125,16426.25961681,0
1507133303,22759967,0.18123,732.34609000,0
1507133303,22759966,0.18110,10155.79222100,0
1507133303,22759965,0.18109,500.00000000,0
1507133303,22759964,0.18102,100.00000000,0
1507133303,22759963,0.18100,5856.65254419,0
1507133302,22759962,0.18100,1484.94000000,0
1507133301,22759959,0.18100,972.70635359,0
1507133301,22759958,0.18100,1685.70110222,0
1507133301,22759957,0.18100,1323.78556178,0
1507133298,22759956,0.18100,1556.56673100,0
1507133297,22759955,0.18100,2881.63172700,0
1507133296,22759953,0.18100,2238.01598022,0
1507133296,22759951,0.18100,13000.11842105,0
1507133296,22759949,0.18100,190.00000000,0
1507133296,22759948,0.18100,4648.14788173,0
1507133288,22759938,0.18100,1800.00000000,0
1507133280,22759926,0.18100,1433.02480663,0
1507133278,22759925,0.18100,6119.13458564,0
1507133278,22759924,0.18100,102.00000000,0
1507133278,22759923,0.18099,870.11416000,0
1507133277,22759922,0.18099,300.00000000,0
1507133277,22759921,0.18099,12.94666600,0
1507133273,22759920,0.18099,987.05333400,0
1507133273,22759919,0.18090,30.00000000,0
1507133272,22759918,0.18089,69.42578800,0
1507133270,22759917,0.18089,891.09621200,0
1507133263,22759915,0.18089,39.47800000,0
1507133263,22759914,0.18081,50.00000000,0
1507133263,22759913,0.18078,89.51000000,0
1507133240,22759898,0.18073,325.92888264,0
1507133237,22759890,0.18073,5363.24904600,0
1507133233,22759887,0.18073,2759.65866209,0
1507133212,22759873,0.18073,3893.06042162,0
1507133203,22759863,0.18073,551.93127123,0
1507133202,22759861,0.18073,6134.05501800,0
1507133195,22759856,0.18073,3724.94315200,0
1507133191,22759849,0.18022,999.00000000,1
1507133182,22759835,0.18073,128.95665000,0
1507133182,22759834,0.18072,4284.67735000,0
1507133180,22759832,0.18073,3.93500000,0
1507133180,22759831,0.18057,5621.17500000,0
1507133175,22759822,0.18054,2066.68236000,0
1507133175,22759821,0.18050,500.00000000,0
1507133170,22759818,0.18022,3000.99436755,0
1507133170,22759817,0.18022,174.64483700,0
1507133163,22759807,0.18022,727.61322161,0
1507133163,22759806,0.18022,87.93598595,0
1507133146,22759796,0.18022,1120.81158789,0
1507133146,22759795,0.18014,79.97489511,0
1507133145,22759793,0.18014,295.02510489,0
1507133145,22759792,0.18011,3084.55189511,0
1507133141,22759784,0.18011,531.63651700,0
1507133130,22759774,0.18011,3111.07731800,0
1507133129,22759773,0.18011,17884.93609100,0
1507133129,22759772,0.18000,8855.13876500,0
1507133128,22759768,0.18000,1144.86123500,0
1507133124,22759752,0.18011,387.79817889,0
1507133059,22759719,0.18000,769.77274602,1
1507133059,22759718,0.18000,137.25825398,1
1507133058,22759716,0.18000,1000.00000000,0
1507133058,22759715,0.18000,8862.74174602,0
1507133058,22759714,0.18000,1137.25825398,0
1507133058,22759713,0.18000,276.00000000,0
1507133057,22759712,0.18000,100.00000000,0
1507133057,22759711,0.18000,320.67540192,0
1507133057,22759710,0.18000,1859.67000000,0
1507133057,22759709,0.18000,1191.32576226,0
1507133057,22759708,0.18000,5115.07058184,0
1507133057,22759707,0.18000,384.92941816,0
1507133057,22759706,0.18000,7000.00000000,0
1507133057,22759705,0.18000,1000.00000000,0
1507133056,22759704,0.18000,28.98053893,0
1507133056,22759703,0.18000,100.00000000,0
1507133056,22759702,0.18000,150.00000000,0
1507133056,22759701,0.18000,500.00000000,0
1507133056,22759700,0.18000,836.09004291,0
1507133056,22759699,0.18000,1163.90995709,0
1507133056,22759698,0.18000,100.00000000,0
1507133056,22759697,0.18000,504.10282996,0
1507133055,22759696,0.18000,199.00000000,0
1507133055,22759695,0.18000,2000.00000000,0
1507133055,22759694,0.18000,670.00000000,0
1507133055,22759693,0.18000,460.00000000,0
1507133055,22759692,0.18000,1000.00655620,0
1507133055,22759691,0.18000,1000.00000000,0
1507133055,22759689,0.18000,2500.00000000,0
1507133055,22759688,0.18000,402.98065675,0
1507133054,22759687,0.18000,10000.00000000,0
1507133054,22759686,0.18000,10000.00000000,0
1507133054,22759685,0.18000,10000.00000000,0
1507133054,22759684,0.18000,10000.00000000,0
1507133054,22759683,0.18000,6475.24094325,0
1507133054,22759682,0.18000,2803.56791105,0
1507133054,22759681,0.18000,280.00000000,0
1507133054,22759680,0.18000,441.19114570,0
1507133053,22759679,0.18000,1158.80885430,0
1507133052,22759678,0.18000,200.00000000,0
1507133052,22759677,0.18000,1000.00000000,0
1507133052,22759676,0.18000,1000.00000000,0
1507133052,22759675,0.18000,3740.00000000,0
1507133052,22759674,0.17999,1077.66060000,0
1507133052,22759673,0.17999,576.59317919,0
1507133052,22759672,0.17999,1246.93736651,0
1507133052,22759671,0.17999,39.91450767,0
1507133052,22759670,0.17999,277.79209000,0
1507133051,22759669,0.17999,1000.00000000,0
1507133051,22759668,0.17998,850.00000000,0
1507133051,22759667,0.17998,7832.29340233,0
1507133042,22759662,0.17983,0.00001984,0
1507133042,22759661,0.17983,487.36030000,0
1507133005,22759607,0.17998,487.12481081,0
1507133003,22759606,0.17983,716.15882534,0
1507133003,22759605,0.17983,1569.70714000,0
1507132988,22759582,0.17998,450.00000000,0
1507132987,22759579,0.17978,716.15882534,0
1507132984,22759572,0.17998,1230.58178686,0
1507132984,22759571,0.17982,3600.12564037,0
1507132982,22759566,0.17978,716.15884995,0
1507132964,22759532,0.17942,1358.75885000,1
1507132958,22759523,0.17982,959.62601490,0
1507132956,22759521,0.17978,149.85700000,0
1507132926,22759500,0.17978,0.14300000,0
1507132926,22759499,0.17962,706.57800000,0
1507132923,22759491,0.17962,252.42200000,0
1507132871,22759443,0.17940,2949.08315531,1
1507132831,22759418,0.17940,717.71739458,0
1507132806,22759404,0.17940,27.26571289,1
1507132806,22759402,0.17940,745.35563000,1
1507132766,22759375,0.17934,40.64437000,1
1507132753,22759369,0.17933,1529.29582000,1
1507132740,22759362,0.17933,531.69817000,1
1507132704,22759266,0.17933,3000.00000000,1
1507132702,22759265,0.17934,90.06820000,1
1507132692,22759260,0.17934,1078.66066966,1
1507132688,22759256,0.17934,270.00000000,1
1507132683,22759252,0.17933,125.00000000,0
1507132666,22759241,0.17884,806.92641056,1
1507132665,22759234,0.17883,151.44834281,1
1507132620,22759204,0.17934,3998.50630907,0
1507132620,22759203,0.17934,4559.75165527,0
1507132620,22759202,0.17917,131.62088708,0
1507132618,22759201,0.17910,1275.00000000,0
1507132561,22759170,0.17910,6000.00000000,0
1507132490,22759112,0.17909,1113.96504550,0
1507132439,22759084,0.17921,4785.04558897,0
1507132439,22759083,0.17920,781.68371000,0
1507132436,22759080,0.17917,556.67514928,0
1507132434,22759078,0.17917,550.00000000,0
1507132333,22758974,0.17813,2281.84063054,0
1507132333,22758973,0.17830,100.00000000,1
1507132331,22758971,0.17900,618.15936946,1
1507132314,22758963,0.17900,3159.09348600,1
1507132310,22758962,0.17900,279.34000000,1
1507132307,22758959,0.17900,338.81936900,1
1507132303,22758954,0.17900,6098.37427219,0
1507132303,22758953,0.17884,2235.51339162,0
1507132292,22758935,0.17900,2234.63195530,0
1507132290,22758934,0.17884,1667.72111551,0
1507132276,22758923,0.17900,1666.99377251,0
1507132274,22758921,0.17884,562.50343727,0
1507132253,22758902,0.17898,4398.20643373,0
1507132252,22758901,0.17884,430.17112200,0
1507132251,22758900,0.17884,3534.48450587,0
1507132248,22758894,0.17822,1438.63788511,0
1507132248,22758889,0.17827,61.36211489,1
1507132243,22758877,0.17827,30.00000000,1
1507132240,22758876,0.17817,95.92326139,0
1507132240,22758875,0.17817,0.00002372,0
1507132239,22758874,0.17817,187.28540000,0
1507132210,22758862,0.17866,240.47123027,0
1507132169,22758796,0.17884,1025.26712910,1
1507132168,22758793,0.17884,4166.39439800,1
1507132168,22758792,0.17884,429.07136100,1
1507132167,22758791,0.17884,2182.30059300,1
1507132167,22758789,0.17884,8457.55125000,1
1507132167,22758788,0.17884,2754.96454900,1
1507132166,22758786,0.17884,2923.10518100,1
1507132166,22758785,0.17884,5678.06973000,1
1507132164,22758781,0.17884,2172.05062221,1
1507132137,22758759,0.17998,12486.32608834,0
1507132136,22758757,0.17990,30.00000000,0
1507132136,22758756,0.17990,3627.91442500,1
1507132136,22758754,0.17985,1000.00000000,0
1507132136,22758753,0.17985,200.00000000,1
1507132135,22758750,0.17984,1191.40941000,1
1507132135,22758748,0.17982,400.00000000,0
1507132134,22758745,0.17981,200.00000000,0
1507132134,22758743,0.17980,150.42170000,0
1507132134,22758742,0.17980,154.05140625,0
1507132134,22758741,0.17980,159.81818181,0
1507132134,22758740,0.17980,238.28188000,1
1507132133,22758738,0.17968,200.00000000,0
1507132133,22758737,0.17963,2077.11600000,0
1507132133,22758736,0.17951,100.00000000,0
1507132133,22758735,0.17951,1476.28113303,1
1507132132,22758734,0.17941,31.00000000,0
1507132132,22758733,0.17934,50.00000000,0
1507132132,22758732,0.17926,450.00000000,0
1507132131,22758730,0.17920,150.00000000,0
1507132131,22758727,0.17920,563.97221053,1
1507132131,22758724,0.17901,100.00000000,0
1507132130,22758720,0.17900,10000.00000000,0
1507132130,22758719,0.17900,450.00000000,0
1507132130,22758718,0.17900,3000.00000000,0
1507132130,22758717,0.17900,1000.00000000,0
1507132130,22758716,0.17900,300.00000000,0
1507132130,22758715,0.17900,1474.07169645,1
1507132129,22758714,0.17899,1000.00000000,0
1507132129,22758713,0.17899,181.53300000,1
1507132129,22758711,0.17898,294.17516000,0
1507132129,22758710,0.17898,1470.87581000,0
1507132128,22758709,0.17890,30.00000000,0
1507132128,22758708,0.17887,150.00000000,0
1507132128,22758707,0.17873,2087.65552000,0
1507132128,22758706,0.17867,3020.00000000,0
1507132127,22758701,0.17851,100.00000000,0
1507132127,22758700,0.17851,180.72369091,1
1507132127,22758697,0.17850,112.91335210,0
1507132127,22758696,0.17850,142.77085000,0
1507132126,22758695,0.17850,325.00000000,0
1507132126,22758694,0.17850,104.00000000,0
1507132126,22758692,0.17850,1000.00000000,0
1507132126,22758691,0.17833,3027.30030334,0
1507132124,22758690,0.17830,150.00000000,0
1507132124,22758688,0.17830,1000.00000000,0
1507132042,22758645,0.17802,3539.05000000,1
1507132041,22758644,0.17801,100.00000000,0
1507132035,22758643,0.17800,1000.00000000,0
1507132035,22758642,0.17800,800.00000000,0
1507132035,22758641,0.17800,10000.00000000,0
1507132035,22758640,0.17800,112.20861029,0
1507132035,22758639,0.17800,1000.00000000,0
1507132035,22758638,0.17800,1000.00000000,0
1507132035,22758637,0.17800,3176.62266506,0
1507132030,22758636,0.17711,200.00000000,1
1507132025,22758635,0.17800,50.43567416,0
1507132014,22758632,0.17800,772.94166078,0
1507132013,22758631,0.17800,1733.58747538,0
1507132013,22758630,0.17800,589.45232451,0
1507132013,22758629,0.17797,500.00000000,0
1507132013,22758628,0.17790,456.50064686,0
1507132011,22758627,0.17750,1500.00000000,0
1507131984,22758615,0.17739,1000.00000000,0
1507131753,22758444,0.17750,1602.67818073,0
1507131704,22758404,0.17748,600.00000000,0
1507131704,22758403,0.17740,77.04359087,0
1507131688,22758396,0.17740,1173.72880877,0
1507131681,22758386,0.17740,1343.89408700,0
1507131678,22758380,0.17740,1850.77240000,0
1507131636,22758361,0.17740,2333.09101293,0
1507131636,22758360,0.17739,3435.31128000,0
1507131636,22758358,0.17710,1000.00000000,0
1507131636,22758357,0.17705,1000.00000000,0
1507131636,22758356,0.17700,2764.60356107,0
1507131618,22758333,0.17700,901.15832600,0
1507131607,22758319,0.17700,1209.85605700,0
1507131606,22758316,0.17700,1324.29689700,0
1507131605,22758315,0.17700,1000.00000000,0
1507131604,22758313,0.17700,869.14169177,0
1507131603,22758311,0.17700,1583.62019523,0
1507131603,22758309,0.17675,213.00000000,0
1507131581,22758299,0.17700,2000.00000000,0
1507131564,22758288,0.17698,800.52544700,0
1507131549,22758272,0.17698,4855.94757400,0
1507131533,22758256,0.17700,1127.23807910,0
1507131493,22758233,0.17700,20795.33892669,0
1507131467,22758229,0.17700,200.00000000,0
1507131460,22758227,0.17700,1725.91264300,0
1507131444,22758219,0.17652,257.00000000,1
1507131429,22758215,0.17700,8456.32028262,0
1507131424,22758213,0.17700,16923.76683616,0
1507131337,22758154,0.17700,1196.07723915,0
1507131329,22758139,0.17700,112.71254237,0
1507131313,22758132,0.17699,4793.65633400,0
1507131249,22758113,0.17698,242.64413000,0
1507131230,22758104,0.17698,131.30539600,0
1507131221,22758101,0.17698,1691.04825404,0
1507131214,22758095,0.17639,12870.83870900,1
1507131203,22758084,0.17640,215.75732564,1
1507131147,22758055,0.17639,10944.07257501,0
1507131146,22758053,0.17699,2517.30488599,1
1507131144,22758052,0.17699,3682.47965000,0
1507131107,22758039,0.17620,10612.25859538,1
1507131107,22758038,0.17621,2263.70691000,1
1507131107,22758037,0.17649,4631.88011462,1
1507131107,22758036,0.17651,11299.52068000,1
1507131106,22758035,0.17651,1192.63370000,1
1507131082,22758028,0.17749,2669.15663144,0
1507131082,22758027,0.17749,1265.28485822,0
1507131081,22758026,0.17749,674.40419178,0
1507131062,22758013,0.17749,499.89398000,0
1507131062,22758012,0.17748,1000.10602000,0
1507131050,22758008,0.17650,1000.00000000,1
1507130908,22757854,0.17769,1875.04339355,0
1507130907,22757853,0.17768,610.69225000,1
1507130907,22757852,0.17750,831.97440012,0
1507130907,22757851,0.17738,565.17081971,0
1507130906,22757850,0.17737,617.59990615,0
1507130906,22757849,0.17736,3053.46127000,1
1507130906,22757848,0.17734,12166.65740091,0
1507130904,22757847,0.17733,1084.81179000,0
1507130894,22757844,0.17733,618.76546552,0
1507130800,22757810,0.17729,4501.12798240,0
1507130723,22757778,0.17737,738.41977263,1
1507130718,22757774,0.17737,494.78052411,1
1507130713,22757771,0.17737,290.97205326,1
1507130649,22757717,0.17734,2276.28284650,0
1507130649,22757716,0.17699,2237.00000000,0
1507130647,22757715,0.17678,1120.05377286,0
1507130418,22757625,0.17677,11124.03416869,0
1507130416,22757622,0.17650,213.00000000,0
1507130348,22757599,0.17678,2620.65937198,0
1507130294,22757583,0.17678,410.53000000,0
1507130186,22757555,0.17692,845.72648655,0
1507130115,22757509,0.17690,6126.03984761,1
1507130115,22757508,0.17690,3950.65943000,0
1507130115,22757507,0.17690,1200.92910000,0
1507130073,22757469,0.17620,33.00000000,1
1507129993,22757441,0.17620,2995.90248195,1
1507129993,22757440,0.17620,1094.09751805,1
1507129943,22757381,0.17620,1900.00000000,1
1507129884,22757351,0.17620,1140.00000000,1
1507129866,22757326,0.17620,59427.59364000,1
1507129865,22757321,0.17621,10559.40636000,1
1507129832,22757293,0.17620,5697.55811900,1
1507129830,22757291,0.17620,30.00000000,1
1507129830,22757290,0.17620,30.00000000,1
1507129829,22757288,0.17620,9292.83088100,1
1507129829,22757287,0.17621,2382.98000000,1
1507129827,22757281,0.17679,4308.71054400,1
1507129826,22757280,0.17679,7571.02387600,1
1507129784,22757254,0.17715,6750.00000000,1
1507129768,22757248,0.17715,250.00000000,1
1507129756,22757242,0.17640,8245.84862600,1
1507129756,22757238,0.17640,69348.72937400,1
1507129703,22757211,0.17700,2183.99742891,1
1507129679,22757202,0.17700,2096.55443609,1
1507129675,22757201,0.17700,1000.00000000,1
1507129675,22757200,0.17700,2035.09907400,1
1507129662,22757197,0.17700,863.90274800,1
1507129650,22757190,0.17700,2078.21148800,1
1507129648,22757187,0.17700,5237.43945100,1
1507129637,22757178,0.17700,3319.80607400,1
1507129632,22757173,0.17700,1184.98930000,1
1507129627,22757172,0.17689,3962.71085600,1
1507129626,22757171,0.17689,5406.80951000,1
1507129625,22757167,0.17688,3030.50935200,1
1507129624,22757165,0.17689,1097.23215100,1
1507129622,22757151,0.17689,4120.14866100,1
1507129615,22757147,0.17689,7789.23271800,1
1507129615,22757146,0.17690,15451.80965000,1
1507129615,22757145,0.17700,500.00000000,1
1507129599,22757134,0.17799,1498.32423429,0
1507129599,22757133,0.17798,28.65110000,0
1507129599,22757132,0.17798,1473.02466571,0
1507129589,22757115,0.17799,1707.72071464,0
1507129587,22757114,0.17798,34.04092000,0
1507129587,22757113,0.17798,3863.29882900,0
1507129585,22757112,0.17798,15264.43517100,0
1507129585,22757111,0.17797,3636.56482900,0
1507129559,22757099,0.17799,9959.55535000,0
1507129559,22757098,0.17798,40.44465000,0
1507129525,22757088,0.17799,2874.99685376,0
1507129521,22757085,0.17799,12029.39653913,0
1507129521,22757084,0.17799,1000.00000000,0
1507129521,22757083,0.17798,48.05305000,1
1507129520,22757082,0.17787,100.00000000,0
1507129520,22757081,0.17783,2098.18232000,0
1507129520,22757080,0.17775,900.00000000,0
1507129519,22757079,0.17770,200.00000000,0
1507129519,22757078,0.17756,289.78956676,0
1507129519,22757077,0.17751,100.00000000,0
1507129517,22757076,0.17750,52.03455594,0
1507129486,22757056,0.17750,397.96544406,0
1507129486,22757055,0.17750,200.00000000,0
1507129485,22757054,0.17750,100.00000000,0
1507129485,22757053,0.17750,1000.00000000,0
1507129485,22757052,0.17750,3659.72157747,0
1507129472,22757045,0.17750,2010.27842253,0
1507129472,22757044,0.17750,86.08664789,0
1507129444,22757037,0.17750,112.91335211,0
1507129444,22757036,0.17713,450.00000000,0
1507129442,22757034,0.17710,70.32154000,1
1507129441,22757033,0.17701,100.00000000,0
1507129441,22757032,0.17700,500.00000000,0
1507129441,22757031,0.17700,500.00000000,0
1507129441,22757029,0.17700,843.41405788,0
1507129441,22757027,0.17700,1000.00000000,0
1507129441,22757026,0.17700,1000.00000000,0
1507129440,22757025,0.17700,500.00000000,0
1507129440,22757024,0.17699,10.30769866,0
1507129440,22757023,0.17699,4989.69230134,0
1507129440,22757021,0.17693,2108.81582000,0
1507129440,22757020,0.17691,100.00000000,0
1507129440,22757019,0.17690,200.00000000,0
1507129439,22757018,0.17688,2601.49187866,0
1507129439,22757017,0.17688,10000.00000000,0
1507129439,22757016,0.17688,10000.00000000,0
1507129439,22757014,0.17688,10000.00000000,0
1507129439,22757013,0.17688,10000.00000000,0
1507129438,22757012,0.17688,10000.00000000,0
1507129438,22757011,0.17688,10000.00000000,0
1507129438,22757010,0.17688,10000.00000000,0
1507129438,22757009,0.17688,10000.00000000,0
1507129438,22757008,0.17688,10000.00000000,0
1507129437,22757005,0.17688,10000.00000000,0
1507129437,22757004,0.17688,10000.00000000,0
1507129437,22757003,0.17688,10000.00000000,0
1507129437,22757002,0.17688,10000.00000000,0
1507129437,22757001,0.17688,229.67846000,0
1507129436,22757000,0.17687,70.32154000,0
1507129394,22756985,0.17688,20587.72095506,0
1507129394,22756984,0.17687,83.55034000,0
1507129394,22756983,0.17687,3751.30670394,0
1507129357,22756963,0.17687,6469.06057800,0
1507129338,22756957,0.17687,11625.39992600,0
1507129314,22756947,0.17687,2254.49203300,0
1507129295,22756925,0.17687,150.00000000,0
1507129286,22756920,0.17687,1155.03309422,0
1507129232,22756854,0.17688,188.70494800,0
1507129232,22756853,0.17687,224.65116000,0
1507129232,22756852,0.17644,213.00000000,0
1507129200,22756808,0.17600,142.77085000,1
1507129197,22756807,0.17688,15.04537997,0
1507129195,22756806,0.17687,266.91227000,0
1507129131,22756785,0.17688,46964.35837831,0
1507129131,22756784,0.17685,317.12349000,0
1507129131,22756783,0.17684,1839.68932000,0
1507129131,22756782,0.17652,200.00000000,0
1507129131,22756781,0.17651,100.28060296,0
1507129131,22756780,0.17640,200.00000000,0
1507129130,22756779,0.17620,250.00000000,0
1507129130,22756778,0.17619,270.00000000,0
1507129030,22756700,0.17600,325.00000000,1
1507129027,22756691,0.17610,4000.00000000,0
1507129013,22756674,0.17609,4943.16667900,0
1507129012,22756673,0.17608,892.04682000,0
1507128991,22756663,0.17609,5644.70119500,0
1507128990,22756662,0.17608,188.80915600,0
1507128983,22756640,0.17608,2244.04580400,0
1507128978,22756635,0.17609,1422.85624826,0
1507128977,22756634,0.17608,2432.85496000,0
1507128977,22756633,0.17608,1865.00000000,0
1507128977,22756631,0.17605,2119.43496000,0
1507128977,22756630,0.17600,1137.05939274,0
1507128974,22756625,0.17600,3553.10300000,0
1507128971,22756624,0.17600,1020.17045454,0
1507128970,22756623,0.17600,3189.43988000,0
1507128922,22756595,0.17600,1100.22727272,0
1507128922,22756594,0.17600,600.00000000,0
1507128876,22756570,0.17551,6416.00000000,1
1507128756,22756518,0.17598,283.41464939,0
1507128724,22756496,0.17495,556.50974900,1
1507128724,22756494,0.17495,2770.18119600,0
1507128724,22756493,0.17495,9922.73905500,0
1507128722,22756492,0.17500,300.00000000,1
1507128717,22756489,0.17596,1435.10547851,1
1507128717,22756488,0.17585,1000.00000000,0
1507128717,22756487,0.17585,4000.00000000,0
1507128716,22756486,0.17570,2000.00000000,0
1507128716,22756485,0.17566,1141.40954116,0
1507128716,22756484,0.17550,3554.49366188,0
1507128716,22756483,0.17550,250.00000000,0
1507128716,22756482,0.17550,1500.00000000,0
1507128715,22756481,0.17549,1170.00000000,0
1507128715,22756480,0.17525,500.00000000,0
1507128715,22756479,0.17520,200.00000000,0
1507128713,22756478,0.17516,285.00000000,0
1507128658,22756467,0.17516,947.22029300,0
1507128624,22756461,0.17516,1182.94131700,0
1507128624,22756460,0.17515,255.79200000,0
1507128597,22756448,0.17510,1827.61855572,0
1507128580,22756442,0.17509,207.00000000,0
1507128512,22756362,0.17510,2849.14107800,0
1507128511,22756361,0.17510,207.00000000,0
1507128506,22756360,0.17510,282.88000000,0
1507128495,22756352,0.17510,4494.44837400,0
1507128495,22756351,0.17510,1094.24379200,0
1507128494,22756350,0.17510,207.00000000,0
1507128489,22756346,0.17510,207.00000000,0
1507128485,22756343,0.17510,1200.52350000,0
1507128477,22756338,0.17510,943.80890000,0
1507128470,22756335,0.17510,5907.47610000,0
1507128465,22756332,0.17510,228.00000000,0
1507128459,22756330,0.17510,41.48920028,0
1507128459,22756329,0.17503,166.51079972,0
1507128411,22756314,0.17452,575.00000000,1
1507128400,22756293,0.17503,283.48920028,0
1507128400,22756291,0.17500,1000.00000000,0
1507128400,22756289,0.17500,3013.00000000,0
1507128400,22756288,0.17493,90.83530572,0
1507128398,22756286,0.17493,2818.86437400,0
1507128396,22756285,0.17493,5863.24776700,0
1507128391,22756281,0.17493,208.00000000,0
1507128386,22756279,0.17493,658.71255328,0
1507128386,22756278,0.17490,5.40674672,0
1507128386,22756277,0.17470,138.00000000,0
1507128201,22756129,0.17465,114.22914400,0
1507128123,22756060,0.17422,624.00000000,1
1507127832,22755880,0.17420,1150.97588978,1
1507127429,22755635,0.17420,2407.44164038,1
1507127427,22755634,0.17435,592.55835962,1
1507127423,22755624,0.17490,2994.59325328,0
1507127421,22755617,0.17450,1000.00000000,0
1507127035,22755380,0.17435,227.00000000,0
1507126824,22755100,0.17435,30.00000000,0
1507126801,22755072,0.17420,224.39466000,1
1507126587,22754979,0.17449,285.80434408,0
1507126065,22754692,0.17479,5707.45317238,0
1507126011,22754662,0.17483,1694.97851324,0
1507125873,22754617,0.17500,1166.90511333,0
1507125873,22754616,0.17500,30.39140219,0
1507125872,22754615,0.17500,400.00000000,0
1507125872,22754614,0.17500,575.95375722,0
1507125872,22754613,0.17500,204.00000000,0
1507125872,22754611,0.17500,1449.27539000,0
1507125872,22754610,0.17500,300.00000000,0
1507125872,22754609,0.17500,199.00000000,0
1507125872,22754608,0.17500,1601.61119440,0
1507125872,22754607,0.17499,1451.38755000,0
1507125871,22754606,0.17495,1000.00000000,0
1507125871,22754605,0.17495,500.00000000,0
1507125871,22754604,0.17485,4039.56730491,0
1507125871,22754603,0.17485,177.77738326,0
1507125871,22754602,0.17478,9320.80298934,0
1507125870,22754600,0.17470,400.00000000,0
1507125847,22754586,0.17451,574.46440910,0
1507125705,22754438,0.17397,32.60533201,0
1507125462,22754300,0.17369,143.00000000,1
1507125461,22754299,0.17419,8606.99161835,0
1507125460,22754297,0.17419,201.18440961,0
1507125458,22754296,0.17418,944.11349000,0
1507125442,22754290,0.17370,99.91859011,1
1507125395,22754250,0.17369,920.06820757,1
1507125393,22754249,0.17400,643.08179243,1
1507125342,22754178,0.17418,143.00000000,0
1507125338,22754157,0.17418,97.65720368,0
1507125335,22754150,0.17418,638.76952991,0
1507125297,22754096,0.17410,948.00000000,1
1507125288,22754092,0.17420,286.28013777,0
1507125267,22754073,0.17420,45535.30275000,0
1507125267,22754072,0.17419,915.75038000,0
1507125267,22754071,0.17415,86.31400000,0
1507125258,22754047,0.17415,208.68600000,0
1507125257,22754040,0.17400,638.76952991,0
1507125229,22753997,0.17387,1556.95086000,1
1507125220,22753983,0.17388,760.66500000,0
1507125219,22753980,0.17387,19253.58000000,0
1507125218,22753973,0.17387,5746.42000000,0
1507125218,22753971,0.17386,1895.66000000,0
1507125217,22753964,0.17369,401.08193409,0
1507125217,22753963,0.17369,2534.59738903,0
1507125217,22753960,0.17367,212.00000000,1
1507125216,22753957,0.17369,1690.14261039,0
1507125215,22753953,0.17369,7558.22549316,0
1507125214,22753942,0.17369,462.82173000,0
1507125213,22753934,0.17369,3362.40842880,0
1507125212,22753928,0.17369,5345.19522788,0
1507125212,22753926,0.17368,0.00000500,0
1507125212,22753921,0.17368,2908.94116500,0
1507125199,22753877,0.17364,727.02800000,0
1507125189,22753847,0.17357,926.26900000,0
1507125186,22753837,0.17361,1.84095395,0
1507125186,22753836,0.17359,925.62113000,0
1507125134,22753768,0.17250,623.83549984,1
1507125113,22753761,0.17380,500.00000000,0
1507124948,22753645,0.17339,3799.79457900,1
1507124921,22753623,0.17339,3447.30249200,1
1507124911,22753620,0.17339,853.98362100,1
1507124774,22753532,0.17384,753.22054763,0
1507124774,22753531,0.17383,152.59149000,0
1507124774,22753530,0.17383,300.53074920,0
1507124773,22753529,0.17380,1000.00000000,0
1507124773,22753528,0.17377,114.09626157,0
1507124773,22753527,0.17373,45.47707512,0
1507124771,22753526,0.17364,430.26829270,0
1507124740,22753516,0.17339,149.00000000,1
1507124732,22753510,0.17339,836.36650000,1
1507124643,22753465,0.17339,117.55280800,1
1507124620,22753456,0.17364,149.00000000,0
1507124548,22753428,0.17363,688.30277025,0
1507124547,22753426,0.17308,174.00000000,0
1507124440,22753351,0.17241,149.00000000,1
1507124417,22753325,0.17264,150.00000000,1
1507124367,22753273,0.17290,174.00000000,0
1507123950,22753028,0.17344,149.00000000,0
1507123830,22752955,0.17304,2251.60335789,1
1507123829,22752952,0.17304,3151.33824000,0
1507123751,22752885,0.17154,150.00000000,1
1507123733,22752854,0.17152,500.00000000,0
1507123731,22752847,0.17152,2485.49223800,1
1507123730,22752846,0.17162,1236.20180000,1
1507123729,22752843,0.17190,2130.16161000,1
1507123631,22752755,0.17288,150.00000000,0
1507123543,22752716,0.17324,4843.82890787,0
1507123543,22752714,0.17234,4760.13937000,0
1507123543,22752713,0.17233,2169.21760000,1
1507123541,22752703,0.17232,15812.30339000,0
1507123488,22752631,0.17197,98.65092748,0
1507123487,22752629,0.17199,1000.00000000,1
1507123487,22752628,0.17200,522.00000000,1
1507123486,22752627,0.17200,138.00000000,1
1507123486,22752626,0.17200,250.00000000,1
1507123486,22752625,0.17200,661.63059024,1
1507123486,22752624,0.17200,2130.16161000,1
1507123382,22752548,0.17200,1052.00939500,1
1507123369,22752544,0.17200,4656.19840476,1
1507123369,22752543,0.17201,45.59379524,1
1507123270,22752488,0.17211,153.00000000,1
1507123012,22752312,0.17211,301.29000000,1
1507122868,22752227,0.17211,500.00000000,1
1507122867,22752226,0.17200,125.00000000,1
1507122867,22752225,0.17200,1500.00000000,1
1507122867,22752224,0.17200,500.00000000,1
1507122867,22752223,0.17200,6200.00000000,1
1507122866,22752222,0.17206,828.86155500,1
1507122866,22752221,0.17206,620.45844500,1
1507122866,22752220,0.17209,10678.37102500,1
1507122864,22752219,0.17209,1109.20335500,1
1507122864,22752218,0.17210,10652.31211000,1
1507122657,22752143,0.17254,1156.26080909,0
1507122643,22752134,0.17210,11600.00000000,1
1507122643,22752133,0.17215,1000.00000000,1
1507122491,22752097,0.17310,576.08717504,0
1507122411,22752051,0.17312,478.24058457,0
1507122320,22752021,0.17312,5777.00000000,0
1507122158,22751896,0.17361,321.75761765,0
1507122155,22751895,0.17364,574.46797973,0
1507122118,22751870,0.17212,2000.00000000,0
1507122116,22751867,0.17332,5765.00000000,0
1507122111,22751864,0.17336,57.53957084,0
1507122069,22751829,0.17211,378.36206897,1
1507122065,22751826,0.17211,30.98633732,1
1507122065,22751825,0.17212,623.33637000,1
1507122064,22751824,0.17214,266.40900000,1
1507122064,22751823,0.17220,579.26829268,1
1507122064,22751822,0.17250,250.00000000,1
1507122062,22751819,0.17255,250.00000000,1
1507122037,22751812,0.17304,33.78051318,0
1507122002,22751780,0.17288,86.54899352,0
1507121978,22751775,0.17287,4039.56730491,1
1507121958,22751768,0.17300,785.82373994,1
1507121944,22751763,0.17300,7599.34365904,1
1507121944,22751762,0.17305,914.88978496,1
1507121944,22751761,0.17310,346.86255600,1
1507121744,22751572,0.17310,220.00000000,1
1507121712,22751521,0.17356,574.23000000,0
1507121710,22751520,0.17356,574.20000000,0
1507121679,22751506,0.17310,220.13744400,1
1507121655,22751494,0.17310,213.00000000,1
1507121636,22751489,0.17368,574.13000000,0
1507121587,22751465,0.17377,292.75945214,1
1507121550,22751430,0.17305,388.31656800,1
1507121534,22751410,0.17305,201.65841500,1
1507121508,22751362,0.17300,220.77820810,1
1507121428,22751276,0.17408,267.49808404,0
1507121401,22751255,0.17328,10706.55249000,1
1507121400,22751254,0.17329,15284.86907000,1
1507121397,22751252,0.17329,90.00000000,1
1507121388,22751239,0.17328,90.00000000,1
1507121384,22751234,0.17328,90.00000000,1
1507121293,22751161,0.17453,1578.21801409,0
1507121293,22751160,0.17453,707.87646823,0
1507121218,22750975,0.17464,149.79386165,0
1507121193,22750930,0.17324,100.68650000,1
1507121066,22750677,0.17486,2091.53514211,0
1507121065,22750675,0.17485,760.73300000,0
1507121001,22750620,0.17489,1733.13527245,0
1507120999,22750619,0.17488,1118.72125000,0
1507120985,22750607,0.17460,148.64808000,0
1507120984,22750606,0.17460,790.76358853,0
1507120956,22750564,0.17443,1512.72672000,0
1507120951,22750547,0.17440,704.26642586,0
1507120951,22750543,0.17440,1141.72522935,1
1507120947,22750524,0.17440,833.12895642,1
1507120944,22750499,0.17440,1577.28200120,0
1507120911,22750452,0.17375,4140.49030000,1
1507120907,22750451,0.17375,213.00000000,1
1507120873,22750424,0.17450,377.06420389,0
1507120872,22750421,0.17489,3221.78309703,0
1507120872,22750420,0.17489,1201.20330000,1
1507120871,22750418,0.17488,500.00000000,0
1507120871,22750416,0.17480,880.47060000,0
1507120870,22750415,0.17460,1270.49721271,0
1507120870,22750414,0.17450,3207.00000000,0
1507120870,22750413,0.17448,4968.91769218,0
1507120869,22750412,0.17447,2097.29773000,0
1507120869,22750411,0.17439,419.45955000,0
1507120869,22750409,0.17400,4948.40488506,0
1507120868,22750408,0.17368,153.00000000,0
1507120744,22750246,0.17400,51.59511494,0
1507120626,22750106,0.17448,3501.61343237,0
1507120625,22750105,0.17440,1072.36747891,0
1507120557,22749966,0.17448,321.56982657,0
1507120557,22749965,0.17448,813.76885000,1
1507120556,22749964,0.17447,500.00000000,0
1507120556,22749963,0.17445,162.75377000,0
1507120555,22749962,0.17399,1152.36507845,0
1507120346,22749806,0.17410,1183.20134256,1
1507120345,22749805,0.17420,1310.48315742,1
1507120228,22749709,0.17410,250.00000000,0
1507119753,22749474,0.17398,286.64214277,0
1507119651,22749436,0.17398,526.02420754,1
1507119651,22749435,0.17398,1500.24841000,0
1507119649,22749434,0.17359,153.00000000,0
1507119523,22749354,0.17399,1773.56711552,0
1507119521,22749353,0.17398,1782.47336000,0
1507119521,22749352,0.17398,1603.87597653,0
1507119427,22749294,0.17398,521.74422347,0
1507119176,22749200,0.17398,859.98390619,0
1507119117,22749174,0.17397,440.27968574,0
1507119093,22749170,0.17397,229.35126746,0
1507119063,22749149,0.17397,1146.75656722,0
1507119008,22749116,0.17398,1031.09280000,0
1507119007,22749115,0.17397,1797.90720000,0
1507118727,22748972,0.17399,46835.02275711,0
1507118727,22748971,0.17398,1883.37337000,0
1507118727,22748970,0.17390,6423.98975000,0
1507118649,22748933,0.17398,604.13915392,0
1507118649,22748932,0.17398,390.00000000,0
1507118647,22748931,0.17347,153.00000000,0
1507118216,22748690,0.17305,217.36727647,1
1507117884,22748598,0.17380,1033.08400460,0
1507117850,22748589,0.17396,215.33685904,1
1507117848,22748588,0.17371,128.83541535,0
1507117793,22748551,0.17306,5307.08726900,1
1507117792,22748550,0.17306,1722.23204400,1
1507117723,22748535,0.17371,2871.16458465,0
1507117721,22748534,0.17362,5972.55588000,1
1507117720,22748532,0.17362,2177.44412000,1
1507117701,22748525,0.17363,272.43807873,0
1507117700,22748523,0.17362,5472.85207000,0
1507117513,22748419,0.17300,277.76795557,1
1507117427,22748316,0.17368,574.33210502,0
1507117317,22748284,0.17368,206.00000000,0
1507117317,22748283,0.17335,94.00000000,0
1507116939,22748130,0.17371,556.21360140,0
1507116937,22748129,0.17363,368.94623830,0
1507116765,22748004,0.17361,1723.74863199,0
1507116713,22747983,0.17297,1781.98831996,1
1507116713,22747982,0.17349,228.43737304,1
1507116651,22747939,0.17399,2252.20685096,0
1507116651,22747938,0.17397,1192.60500000,0
1507116651,22747937,0.17395,1000.00000000,0
1507116651,22747935,0.17394,1199.38240000,1
1507116649,22747934,0.17350,89.89452495,0
1507116635,22747921,0.17349,9.19401696,0
1507116634,22747920,0.17349,283.71600668,1
1507116633,22747919,0.17349,291.24865987,0
1507116581,22747819,0.17300,2305.09000000,1
1507116492,22747788,0.17301,2000.00000000,1
1507116155,22747633,0.17291,2462.96000000,1
1507116095,22747526,0.17374,193.29590192,0
1507116093,22747525,0.17332,94.00000000,0
1507115917,22747401,0.17380,292.69275028,0
1507115452,22747173,0.17375,60.60439798,0
1507115404,22747143,0.17373,12317.69990000,1
1507115404,22747142,0.17373,8291.85708700,1
1507115404,22747141,0.17373,1216.96803100,1
1507115403,22747140,0.17373,1628.28877600,1
1507115402,22747137,0.17373,6392.71295033,0
1507115402,22747136,0.17372,1100.00000000,0
1507115345,22747106,0.17373,29.14804967,0
1507115284,22747064,0.17374,117.81293887,0
1507115204,22747025,0.17376,29.00000000,0
1507115168,22746981,0.17376,540.82803867,0
1507115168,22746980,0.17376,197.14387662,0
1507115155,22746969,0.17249,150.00000000,1
1507115104,22746901,0.17388,2844.75314711,0
1507115103,22746898,0.17355,1400.00000000,0
1507115103,22746897,0.17355,7353.98794700,1
1507115103,22746896,0.17355,20657.52699400,1
1507115103,22746895,0.17354,311.04765000,0
1507115102,22746894,0.17341,5361.54000000,0
1507115102,22746893,0.17340,3334.07794570,0
1507115102,22746891,0.17339,1555.23824000,0
1507115101,22746881,0.17321,292.82472134,0
1507115079,22746870,0.17321,0.00000010,1
1507115079,22746867,0.17321,10683.79994500,1
1507115077,22746864,0.17320,292.89936490,0
1507115077,22746863,0.17318,12053.30069000,0
1507115006,22746839,0.17337,0.00000011,1
1507114984,22746824,0.17337,1292.47020800,1
1507114983,22746821,0.17328,1847.80781000,0
1507114977,22746811,0.17278,94.00000000,0
1507114721,22746600,0.17337,1650.00000000,0
1507114589,22746505,0.17340,908.76981366,1
1507114589,22746504,0.17338,1263.48698600,1
1507114589,22746503,0.17338,20860.27713600,1
1507114587,22746500,0.17338,2195.41522000,0
1507114502,22746479,0.17338,169.58103587,0
1507114500,22746477,0.17332,693.65317341,0
1507114257,22746353,0.17329,287.78348433,0
1507114078,22746208,0.17329,1726.87402619,0
1507113908,22746077,0.17223,3849.38786200,1
1507113908,22746076,0.17223,921.16500000,1
1507113908,22746075,0.17223,980.93093800,1
1507113902,22746054,0.17332,2877.62520193,0
1507113749,22745947,0.17323,700.18639958,0
1507113747,22745942,0.17276,164.00000000,0
1507113722,22745924,0.17223,1830.86570284,1
1507113607,22745864,0.17240,11170.95586671,1
1507113338,22745663,0.17250,119.00000000,1
1507113237,22745603,0.17234,423.26219000,1
1507113168,22745560,0.17341,5494.50141283,1
1507113167,22745557,0.17340,2329.56609290,1
1507113167,22745554,0.17340,12214.89148000,0
1507113166,22745553,0.17339,2973.54410000,0
1507112896,22745318,0.17334,244.80089869,0
1507112896,22745317,0.17334,151.02026194,1
1507112896,22745316,0.17324,693.23395290,0
1507112895,22745311,0.17323,293.46966461,1
1507112895,22745309,0.17323,2072.01270000,0
1507112467,22745160,0.17321,496.79914717,1
1507112467,22745158,0.17301,447.20085283,0
1507112465,22745157,0.17274,45.00000000,1
1507112430,22745119,0.17251,119.00000000,0
1507112136,22744855,0.17307,1152.71277517,0
1507112127,22744843,0.17221,120.00000044,1
1507112080,22744646,0.17290,2884.61538461,0
1507112076,22744619,0.17221,628.38218968,1
1507112071,22744574,0.17222,4.64930000,1
1507112071,22744572,0.17250,200.00000000,1
1507112033,22744376,0.17314,694.18174421,0
1507112033,22744375,0.17314,3021.83720000,0
1507111617,22744080,0.17346,826.86872794,0
1507111617,22744078,0.17314,1749.42380000,0
1507111615,22744076,0.17270,164.00000000,0
1507110815,22743659,0.17331,150.00000000,1
1507110362,22743444,0.17221,9339.68506900,1
1507110360,22743443,0.17222,5813.82453000,1
1507110242,22743402,0.17331,164.97909934,0
1507110242,22743401,0.17331,4892.51133200,1
1507110242,22743400,0.17331,2086.08530000,1
1507110240,22743399,0.17327,2065.89060000,0
1507110147,22743355,0.17239,230.70555137,1
1507110139,22743349,0.17318,1.00000000,0
1507110139,22743348,0.17276,59.00000000,0
1507110120,22743318,0.17276,30.00000000,0
1507110106,22743303,0.17233,2119.52846284,1
1507110096,22743271,0.17230,638.76952991,1
1507110096,22743270,0.17235,0.00005802,1
1507110078,22743260,0.17235,999.99994198,1
1507110011,22743176,0.17232,295.99280409,1
1507110001,22743172,0.17231,87.91051000,1
1507109893,22742934,0.17222,1075.53506651,0
1507109888,22742932,0.17221,1095.07221659,1
1507109888,22742931,0.17245,2894.92778341,1
1507109888,22742930,0.17246,810.00000000,1
1507109886,22742927,0.17250,200.00000000,1
1507109848,22742846,0.17300,2495.95004739,1
1507109845,22742841,0.17300,1008.04995261,1
1507109845,22742840,0.17300,3013.00000000,1
1507109845,22742838,0.17300,978.95004739,1
1507109842,22742833,0.17300,793.73700000,1
1507109841,22742827,0.17300,886.09450000,1
1507109839,22742818,0.17300,1780.87163181,1
1507109811,22742774,0.17301,4323.47404000,1
1507109766,22742602,0.17359,80.41937899,1
1507109758,22742594,0.17401,12500.00000000,0
1507109658,22742502,0.17437,1060.71293886,1
1507109658,22742501,0.17422,2838.86168000,0
1507109656,22742498,0.17383,1219.34730000,0
1507109656,22742497,0.17383,3478.96140940,0
1507109339,22742387,0.17359,499.93110202,0
1507109261,22742353,0.17304,310.00000000,1
1507109177,22742299,0.17305,4000.00000000,1
1507109152,22742296,0.17343,1.08948447,1
1507109050,22742277,0.17400,515.95149425,0
1507109046,22742229,0.17404,283.38313031,0
1507109000,22742220,0.17426,492.28468954,1
1507108984,22742208,0.17379,401.78048219,0
1507108867,22742051,0.17331,1554.30051553,0
1507108838,22741996,0.17331,1008.72580924,0
1507108836,22741993,0.17331,2805.51456926,0
1507108836,22741992,0.17331,1586.27073700,0
1507108829,22741979,0.17331,4259.05413400,0
1507108823,22741967,0.17331,2322.77996000,0
1507108822,22741950,0.17331,3100.21620218,0
1507108811,22741900,0.17331,27019.74935000,0
1507108811,22741899,0.17330,147.29167000,0
1507108810,22741898,0.17330,2497.77996000,0
1507108798,22741871,0.17330,175.00000000,0
1507108791,22741869,0.17330,575.59503751,0
1507108696,22741821,0.17330,287.79751875,0
1507108681,22741817,0.17331,13441.95922400,0
1507108681,22741816,0.17330,1167.00389400,0
1507108676,22741812,0.17330,2170.99664600,1
1507108668,22741809,0.17330,172.60103589,0
1507108574,22741784,0.17330,382.26982111,0
1507108538,22741759,0.17330,2668.09076200,0
1507108412,22741543,0.17330,0.49975013,1
1507108410,22741539,0.17331,10.36330830,0
1507108410,22741538,0.17331,289.63669170,0
1507108348,22741526,0.17331,519.96009200,0
1507108282,22741509,0.17331,290.59000000,0
1507108152,22741404,0.17331,1570.46956300,0
1507107994,22741314,0.17330,999.50024987,1
1507107984,22741306,0.17331,9805.62324748,1
1507107587,22741095,0.17406,559.79563159,0
1507107587,22741094,0.17406,269.95053430,0
1507107443,22741044,0.17283,1156.07860890,1
1507107319,22741016,0.17303,1659.00038204,1
1507107276,22741006,0.17447,2697.91940723,0
1507107276,22741005,0.17447,4181.25174310,1
1507107275,22741004,0.17414,3501.34748000,0
1507107275,22741003,0.17400,140.00000000,0
1507107275,22741002,0.17398,700.26950000,0
1507107273,22741001,0.17295,224.65146932,0
1507107264,22740998,0.17251,0.00000031,0
1507107255,22740996,0.17251,1427.37539900,0
1507107220,22740972,0.17251,835.93124100,0
1507107219,22740971,0.17251,2969.51448600,0
1507107219,22740970,0.17251,941.19304900,0
1507107215,22740969,0.17251,100.00000000,1
1507107200,22740964,0.17255,500.00000000,1
1507107196,22740959,0.17256,135.74437632,1
1507107050,22740848,0.17295,224.65339153,0
1507107049,22740847,0.17279,65.26040153,1
1507107049,22740846,0.17280,1174.64750000,1
1507107048,22740844,0.17280,50.00000000,1
1507107048,22740843,0.17295,450.00000000,1
1507107047,22740841,0.17300,275.34660847,1
1507107044,22740840,0.17300,124.65339153,1
1507107044,22740839,0.17301,100.00000000,1
1507107002,22740781,0.17320,835.49363249,1
1507106936,22740661,0.17350,286.00000000,1
1507106936,22740660,0.17350,245.00000000,1
1507106936,22740659,0.17351,71.00000000,1
1507106935,22740658,0.17380,9474.94556000,1
1507106891,22740586,0.17380,525.05444000,1
1507106807,22740527,0.17398,1192.26590000,1
1507106807,22740526,0.17400,1000.00000000,1
1507106617,22740418,0.17448,178.44618294,0
1507106617,22740417,0.17446,800.53545387,0
1507106616,22740416,0.17423,167.62055063,0
1507106297,22740255,0.17397,4706.97620314,1
1507106099,22740189,0.17423,28.65057682,0
1507106040,22740176,0.17351,29.00000000,1
1507105883,22740131,0.17364,869.08057355,0
1507105878,22740127,0.17364,1299.64226279,0
1507105872,22740124,0.17364,1299.64226279,0
1507105867,22740121,0.17364,1299.64226279,0
1507105861,22740112,0.17364,1299.64226279,0
1507105856,22740101,0.17364,1299.64226279,0
1507105851,22740099,0.17364,114.89357291,0
1507105850,22740098,0.17364,1299.64226279,0
1507105809,22740081,0.17368,500.17227680,1
1507105809,22740080,0.17400,718.00000000,1
1507105641,22740015,0.17364,500.00000000,1
1507105638,22740010,0.17368,11877.37000000,1
1507105547,22739961,0.17375,600.00000000,0
1507105526,22739942,0.17376,500.00000000,0
1507105523,22739939,0.17375,399.14230720,0
1507105523,22739938,0.17376,2349.85769280,1
1507105521,22739936,0.17401,100.00000000,1
1507105431,22739885,0.17428,0.49975013,1
1507105289,22739821,0.17428,999.50024987,1
1507105275,22739800,0.17446,800.93568727,1
1507105270,22739778,0.17448,1459.59285700,1
1507105270,22739776,0.17451,100.00000000,1
1507105270,22739772,0.17460,294.78938143,1
1507105270,22739770,0.17460,100.00000000,1
1507105269,22739766,0.17460,205.21061857,1
1507105269,22739765,0.17460,671.13247507,1
1507105228,22739750,0.17500,140.00000000,0
1507105136,22739709,0.17518,345.71338052,0
1507105136,22739708,0.17516,1395.13750000,0
1507105134,22739705,0.17500,321.76000000,0
1507105134,22739704,0.17500,785.77574627,0
1507105087,22739661,0.17518,785.36082886,0
1507105086,22739658,0.17500,176.46644651,0
1507105085,22739657,0.17500,500.00000000,0
1507105085,22739656,0.17500,247.37558442,0
1507105069,22739634,0.17500,740.69714285,0
1507105067,22739632,0.17467,400.00000000,0
1507104985,22739581,0.17467,217.94572125,1
1507104872,22739538,0.17500,98.47956091,0
1507104762,22739497,0.17500,912.00565714,0
1507104634,22739407,0.17500,684.00422857,0
1507104309,22739152,0.17500,1710.01068571,0
1507104288,22739129,0.17500,51.00000000,0
1507104113,22739104,0.17500,1192.86556500,0
1507104104,22739102,0.17500,389.82648325,0
1507104102,22739101,0.17480,186.00000000,0
1507103979,22739047,0.17500,369.52222866,0
1507103974,22739043,0.17500,877.33003326,0
1507103969,22739041,0.17500,877.15663355,0
1507103963,22739038,0.17500,877.03102291,0
1507103957,22739034,0.17500,876.85777824,0
1507103854,22738999,0.17460,2782.05427875,0
1507103852,22738998,0.17460,217.94572125,1
1507103771,22738967,0.17500,276.00000000,1
1507103756,22738955,0.17518,275.00000000,1
1507103672,22738941,0.17518,125.28124149,0
1507103642,22738930,0.17518,1805.22434068,0
1507103523,22738874,0.17518,6165.46300530,1
1507103501,22738862,0.17518,6875.95200000,1
1507103366,22738762,0.17518,10000.00000000,0
1507103366,22738761,0.17516,2130.16161000,0
1507103366,22738760,0.17515,1725.10969000,0
1507103366,22738759,0.17513,1000.00000000,0
1507103366,22738757,0.17503,450.00000000,0
1507103365,22738756,0.17500,3000.00000000,0
1507103365,22738754,0.17500,9910.94315377,0
1507103320,22738735,0.17500,89.05684623,0
1507103320,22738734,0.17500,36.34389663,0
1507103281,22738716,0.17450,400.00000000,1
1507103241,22738705,0.17446,800.00000000,0
1507103061,22738660,0.17500,3963.65610337,0
1507103061,22738659,0.17500,1500.00000000,0
1507103061,22738658,0.17500,949.28000000,0
1507103061,22738656,0.17500,500.00000000,0
1507103004,22738634,0.17442,500.00000000,1
1507103001,22738633,0.17442,3091.01952910,1
1507102952,22738605,0.17500,232.77000000,0
1507102952,22738604,0.17500,1885.65724927,0
1507102952,22738602,0.17500,2967.47861900,0
1507102924,22738594,0.17500,8846.86413173,0
1507102924,22738593,0.17500,7161.27197627,0
1507102923,22738592,0.17499,2049.63527000,0
1507102917,22738585,0.17500,2727.81399500,0
1507102917,22738584,0.17499,2435.21022000,0
1507102896,22738570,0.17500,232.02926100,0
1507102875,22738529,0.17500,5354.36870000,0
1507102863,22738522,0.17469,191.70000000,0
1507102844,22738510,0.17500,2280.01422857,0
1507102785,22738480,0.17500,10793.17183916,0
1507102785,22738479,0.17500,200.00000000,0
1507102785,22738478,0.17500,3193.77822084,0
1507102785,22738477,0.17500,199.00000000,0
1507102785,22738476,0.17500,1720.73086000,0
1507102785,22738475,0.17499,2893.31908000,0
1507102753,22738467,0.17499,433.22744157,0
1507102496,22738404,0.17499,300.00000000,0
1507102477,22738402,0.17499,531.84370535,0
1507102469,22738401,0.17499,295.00000000,0
1507102369,22738377,0.17500,1579.26914000,0
1507102368,22738376,0.17500,150.00000000,0
1507102368,22738375,0.17499,2573.56152000,0
1507102356,22738370,0.17499,1211.50310000,0
1507102356,22738369,0.17499,3252.55823976,0
1507102354,22738368,0.17499,513.62935024,1
1507102350,22738366,0.17498,499.96227179,0
1507102350,22738365,0.17491,0.03772821,0
1507102327,22738359,0.17491,235.94449122,1
1507102312,22738346,0.17491,100.00000000,1
1507102165,22738276,0.17491,1876.92110360,1
1507102120,22738248,0.17491,541.37022876,0
1507101932,22738151,0.17491,2341.44480488,0
1507101932,22738150,0.17490,5741.57679812,0
1507101925,22738149,0.17446,967.67323080,1
1507101924,22738148,0.17450,150.00000000,1
1507101880,22738133,0.17490,258.42320188,0
1507101880,22738132,0.17473,0.44280886,0
1507101878,22738131,0.17469,26.18587212,0
1507101792,22738098,0.17469,1121.44707768,0
1507101790,22738096,0.17463,30.30072036,0
1507101714,22738075,0.17451,191.70000000,0
1507101339,22737938,0.17463,28.56055661,0
1507101339,22737936,0.17463,100.00000000,0
1507101271,22737900,0.17463,1139.21332882,0
1507101271,22737899,0.17460,158.86127718,0
1507101264,22737893,0.17460,3091.13872282,0
1507101264,22737892,0.17450,1000.00000000,0
1507101263,22737891,0.17450,10640.02963834,0
1507101263,22737890,0.17450,549.97063884,0
1507101263,22737889,0.17450,7245.30968500,0
1507101193,22737863,0.17450,1825.82000000,0
1507101029,22737815,0.17450,3000.00000000,0
1507100874,22737782,0.17450,161.29465214,0
1507100873,22737781,0.17449,267.37396529,0
1507100851,22737779,0.17429,1200.00000000,1
1507100714,22737734,0.17449,368.62187334,0
1507100713,22737733,0.17439,213.00000000,0
1507100625,22737719,0.17429,2146.00000000,1
1507100419,22737670,0.17428,1297.33000000,1
1507100361,22737657,0.17428,10000.00000000,1
1507099847,22737469,0.17428,10000.00000000,1
1507099407,22737339,0.17428,379.00000000,1
1507099389,22737326,0.17450,2017.82234957,0
1507099371,22737306,0.17450,1392.27753581,0
1507099369,22737305,0.17439,56.00000000,0
1507099062,22737195,0.17450,923.44364834,0
1507099062,22737194,0.17450,4885.03199636,0
1507098958,22737104,0.17450,4783.22654600,0
1507098754,22736976,0.17428,443.61132641,1
1507098634,22736908,0.17450,443.61132641,0
1507098569,22736858,0.17428,26486.71619000,1
1507098569,22736857,0.17439,1713.28381000,1
1507098193,22736784,0.17450,29.00000000,0
1507098138,22736750,0.17445,29.41702530,1
1507098057,22736736,0.17445,56.00000000,0
1507097993,22736731,0.17450,515.07163323,0
1507097988,22736727,0.17450,13849.80696873,0
1507097959,22736709,0.17439,286.71619000,0
1507097926,22736706,0.17428,1750.00000000,1
1507097766,22736632,0.17428,2399.11025932,1
1507097763,22736630,0.17428,2212.29382378,1
1507097760,22736625,0.17428,2140.87221000,0
1507097378,22736569,0.17420,2491.50293017,1
1507097375,22736565,0.17420,2930.18375431,1
1507097374,22736562,0.17420,8965.30455475,1
1507097373,22736558,0.17420,2929.64334099,1
1507097372,22736555,0.17420,2929.00688864,1
1507097370,22736553,0.17420,2928.42043629,1
1507097369,22736552,0.17410,88140.32998000,0
1507097369,22736551,0.17409,319.63952000,0
1507097230,22736501,0.17410,1859.67002000,0
1507097166,22736484,0.17400,196.08758621,0
1507097166,22736483,0.17398,808.39557000,0
1507097165,22736482,0.17397,1209.82260000,0
1507097119,22736443,0.17400,286.66827586,0
1507096983,22736420,0.17400,517.24413793,0
1507096982,22736417,0.17392,56.00000000,0
1507096808,22736379,0.17384,332.83358320,1
1507096506,22736289,0.17385,1000.00000000,0
1507096367,22736259,0.17384,590.00000000,1
1507096275,22736229,0.17384,27.43931201,0
1507096249,22736216,0.17384,172.14208468,0
1507096157,22736186,0.17384,2683.52950989,0
1507096157,22736185,0.17377,1080.17173820,0
1507096157,22736184,0.17375,141.04223000,0
1507096156,22736182,0.17373,400.00000000,0
1507095765,22735956,0.17321,1080.17173820,1
1507095765,22735955,0.17321,2579.46240000,1
1507095220,22735308,0.17373,4678.57414181,0
1507095216,22735302,0.17373,5000.00768049,0
1507094648,22735166,0.17372,293.50886517,0
1507094648,22735165,0.17372,1206.49113483,0
1507093924,22735022,0.17350,188.16193000,1
1507093924,22735021,0.17350,1176.00000000,1
1507093923,22735020,0.17350,147.16011157,1
1507093504,22734897,0.17359,10000.00000000,1
1507093321,22734870,0.17359,3078.71553100,1
1507093292,22734865,0.17359,79.04942000,1
1507093271,22734857,0.17359,1691.57270000,1
1507093271,22734856,0.17359,6107.48626400,1
1507093270,22734854,0.17359,2896.72276500,1
1507093269,22734853,0.17359,1364.16193000,0
1507093257,22734851,0.17350,1031.44574400,1
