date,tid,price,amount,type
1507160737,22778060,0.21201,179.00000000,1
1507160487,22777997,0.21353,4105.22246352,1
1507160487,22777996,0.21349,2908.39396400,0
1507160487,22777995,0.21349,2241.38287000,0
1507160474,22777994,0.21277,179.00000000,0
1507160452,22777989,0.21284,270.00000000,0
1507160396,22777953,0.21227,13138.23359400,1
1507160395,22777952,0.21377,7463.01964728,1
1507160395,22777951,0.21300,581.86241761,0
1507160393,22777949,0.21226,500.00000000,0
1507160346,22777929,0.21230,270.00000000,1
1507159609,22777655,0.21268,665.56566000,1
1507159580,22777641,0.21268,203.00000000,1
1507159362,22777542,0.21300,668.13758239,0
1507159222,22777508,0.21326,2551.00000000,0
1507159220,22777507,0.21267,449.00000000,0
1507159185,22777495,0.21335,257.14947270,0
1507159132,22777475,0.21209,943.77021300,1
1507159132,22777474,0.21248,270.00000000,1
1507158986,22777407,0.21391,156.17974849,0
1507158984,22777406,0.21357,270.00000000,0
1507158867,22777317,0.21245,642.63117600,1
1507158860,22777316,0.21243,270.00000000,1
1507158693,22777281,0.21348,1702.97714193,0
1507158692,22777280,0.21347,2934.64393000,0
1507158678,22777279,0.21350,1000.00000000,0
1507158569,22777242,0.21369,298.19964100,1
1507158569,22777241,0.21369,1123.14604000,1
1507158568,22777238,0.21369,270.00000000,1
1507158568,22777237,0.21362,2522.16800000,0
1507158568,22777236,0.21361,2906.48631900,0
1507158555,22777229,0.21364,730.00000000,0
1507158555,22777228,0.21364,270.00000000,0
1507158531,22777222,0.21369,2801.95620520,1
1507158530,22777221,0.21366,2198.04379480,0
1507158528,22777220,0.21366,798.59145520,0
1507158527,22777218,0.21361,270.00000000,0
1507158418,22777167,0.21362,427.56934887,0
1507158359,22777145,0.21373,1442.09789300,0
1507158359,22777144,0.21372,10258.94209000,0
1507158359,22777142,0.21371,270.00000000,0
1507158359,22777141,0.21371,3028.96001700,0
1507158055,22777023,0.21201,1069.46196300,1
1507158012,22776988,0.21211,106.04179050,1
1507158010,22776986,0.21200,2140.00000000,1
1507158009,22776983,0.21210,25.00000000,1
1507158002,22776982,0.21226,488.55177612,1
1507158001,22776981,0.21248,14835.63304062,1
1507158000,22776979,0.21250,1175.10830000,1
1507158000,22776978,0.21250,270.00000000,1
1507157960,22776968,0.21249,1012.77150000,1
1507157952,22776962,0.21249,2845.00000000,1
1507157943,22776956,0.21251,312.76671500,1
1507157820,22776929,0.21248,4259.74432400,1
1507157687,22776908,0.21226,44.55000000,1
1507157687,22776907,0.21259,385.45000000,1
1507157686,22776906,0.21260,270.00000000,1
1507157190,22776684,0.21266,1097.96531690,1
1507157190,22776683,0.21272,1155.54110000,1
1507157190,22776682,0.21286,571.49358310,1
1507157188,22776681,0.21286,203.00000000,1
1507157185,22776680,0.21287,2845.00000000,1
1507157179,22776675,0.21286,3500.00000000,0
1507157132,22776654,0.21286,253.95634400,1
1507156886,22776545,0.21264,1109.00000000,0
1507156886,22776544,0.21259,270.00000000,0
1507156661,22776448,0.21310,2284.29394650,0
1507156570,22776402,0.21338,14690.94576770,0
1507156570,22776401,0.21336,14604.34871000,0
1507156502,22776380,0.21408,16005.20115637,0
1507156500,22776379,0.21241,270.00000000,0
1507156264,22776313,0.21170,5237.52448100,0
1507156202,22776265,0.21170,13867.90610700,0
1507156182,22776242,0.21170,525.62312261,1
1507156169,22776215,0.21170,4230.40068000,1
1507156152,22776208,0.21171,270.00000000,0
1507156151,22776207,0.21172,270.00000000,1
1507156135,22776198,0.21170,243.97619739,1
1507156133,22776197,0.21171,270.00000000,1
1507155985,22776157,0.21200,10000.00000000,1
1507155970,22776149,0.21201,14170.75471698,1
1507155834,22776106,0.21323,702.95133742,1
1507155832,22776105,0.21320,270.00000000,0
1507155786,22776089,0.21212,433.33024006,0
1507155733,22776058,0.21355,11915.37893800,0
1507155733,22776057,0.21338,2999.53275200,0
1507155733,22776056,0.21336,14815.08831000,0
1507155733,22776055,0.21328,270.00000000,0
1507155671,22775979,0.21336,4998.88826396,1
1507155658,22775972,0.21334,270.00000000,0
1507155629,22775934,0.21336,1357.70388428,1
1507155629,22775933,0.21303,1109.00000000,1
1507155629,22775932,0.21280,329.23416000,0
1507155627,22775926,0.21270,270.00000000,0
1507155583,22775896,0.21202,417.60486410,1
1507155582,22775895,0.21203,270.00000000,1
1507155208,22775739,0.21280,29.76584000,0
1507155049,22775684,0.21206,11036.47879200,1
1507154780,22775499,0.21200,162.16751484,0
1507154779,22775498,0.21200,2670.23000000,0
1507154775,22775494,0.21200,2640.62279800,0
1507154762,22775483,0.21200,5777.05635700,0
1507154719,22775450,0.21200,3162.59191159,0
1507154714,22775437,0.21200,3790.41337821,0
1507154711,22775430,0.21200,5036.89937400,0
1507154711,22775429,0.21200,3790.41337821,0
1507154707,22775426,0.21200,177.89300000,0
1507154694,22775408,0.21200,12927.27983100,0
1507154690,22775401,0.21200,500.10575471,0
1507154683,22775394,0.21200,5070.62596900,0
1507154682,22775393,0.21200,1639.36000000,0
1507154680,22775390,0.21200,3642.15218100,0
1507154678,22775389,0.21200,1572.64019300,0
1507154673,22775385,0.21200,1606.46000000,0
1507154669,22775383,0.21200,25206.18999000,0
1507154669,22775382,0.21200,1428.64800000,0
1507154664,22775371,0.21200,3790.41337821,0
1507154661,22775363,0.21200,5014.99988988,0
1507154659,22775360,0.21200,2498.75062468,0
1507154658,22775359,0.21200,16922.86936900,0
1507154658,22775358,0.21200,3873.28063100,0
1507154655,22775355,0.21200,14830.72874000,0
1507154654,22775354,0.21204,1285.54970000,1
1507154601,22775329,0.21200,1589.93139753,0
1507154600,22775326,0.21200,3790.41337821,0
1507154596,22775322,0.21200,3790.41337821,0
1507154591,22775312,0.21200,3790.41337821,0
1507154586,22775306,0.21200,2498.75062468,0
1507154585,22775302,0.21200,2215.22972925,0
1507154578,22775294,0.21200,2727.03236000,0
1507154577,22775290,0.21200,692.62180230,0
1507154577,22775288,0.21200,2045.00827500,0
1507154576,22775280,0.21200,7056.73676100,0
1507154569,22775272,0.21200,8664.28300000,0
1507154569,22775271,0.21200,5624.16931900,0
1507154561,22775261,0.21200,4690.37790900,0
1507154557,22775257,0.21200,880.94410400,0
1507154556,22775256,0.21200,1235.03171600,0
1507154550,22775243,0.21200,1047.87716016,0
1507154548,22775237,0.21200,1728.04156500,0
1507154547,22775234,0.21200,203.86100000,0
1507154547,22775233,0.21200,2505.82240934,0
1507154547,22775232,0.21200,1327.66773200,0
1507154547,22775231,0.21200,203.96700000,0
1507154546,22775230,0.21200,1213.28349975,0
1507154545,22775227,0.21200,238.83939436,0
1507154545,22775226,0.21200,203.96700000,0
1507154545,22775225,0.21200,6159.27447800,0
1507154544,22775224,0.21200,203.96700000,0
1507154544,22775223,0.21200,32898.10762900,0
1507154543,22775221,0.21200,203.96700000,0
1507154541,22775218,0.21200,300.00000000,1
1507154541,22775217,0.21208,270.00000000,1
1507154533,22775211,0.21280,6447.29323308,0
1507154533,22775210,0.21279,270.00000000,0
1507154483,22775187,0.21280,864.66127293,0
1507154483,22775186,0.21280,489.52430000,1
1507154483,22775184,0.21274,270.00000000,0
1507154481,22775182,0.21273,2318.38241000,0
1507154415,22775168,0.21280,10279.19746240,0
1507154413,22775167,0.21238,1109.00000000,0
1507154401,22775161,0.21201,34.45183000,1
1507154384,22775156,0.21278,10568.26362782,0
1507154373,22775152,0.21278,3240.03845000,0
1507154372,22775151,0.21276,270.00000000,0
1507154269,22775122,0.21278,468.79697340,0
1507154167,22775099,0.21275,28.19810000,1
1507154095,22775033,0.21278,1427.58055268,0
1507153830,22774893,0.21150,964.00000000,1
1507153827,22774892,0.21150,177.08400000,1
1507153815,22774886,0.21200,28.26060000,0
1507153815,22774884,0.21150,8466.00000000,1
1507153811,22774874,0.21200,30.00000000,1
1507153810,22774873,0.21230,444.65184489,1
1507153755,22774856,0.21231,28.25790000,0
1507153741,22774844,0.21233,600.34100000,0
1507153715,22774818,0.21150,600.00000000,1
1507153704,22774773,0.21150,8150.00000000,1
1507153696,22774744,0.21150,1700.56708368,1
1507153695,22774740,0.21176,79.71898000,1
1507153695,22774739,0.21176,828.80518532,0
1507153695,22774738,0.21176,28.19280000,0
1507153695,22774734,0.21200,1950.00000000,1
1507153695,22774730,0.21200,8543.77571000,1
1507153694,22774726,0.21201,1000.00000000,1
1507153694,22774723,0.21250,3598.94024100,1
1507153692,22774717,0.21250,3252.42178300,1
1507153692,22774715,0.21250,7208.63797600,1
1507153689,22774706,0.21251,3587.20018000,1
1507153673,22774679,0.21282,1211.61142011,1
1507153673,22774678,0.21282,0.00000177,1
1507153666,22774659,0.21282,1226.92744823,0
1507153664,22774657,0.21284,458.07255177,1
1507153643,22774619,0.21300,3624.33999210,0
1507153643,22774618,0.21300,1000.00000000,1
1507153643,22774617,0.21300,6408.16474190,1
1507153642,22774616,0.21301,3549.31830000,1
1507153642,22774615,0.21302,270.00000000,1
1507153638,22774608,0.21431,1144.18079201,0
1507153635,22774603,0.21301,2800.65864800,1
1507153634,22774602,0.21333,708.68441000,1
1507153634,22774601,0.21387,63.52858000,1
1507153625,22774575,0.21440,692.32706407,1
1507153580,22774507,0.21486,8150.00000000,0
1507153563,22774481,0.21489,459.55191028,0
1507153527,22774451,0.21466,175.10600000,0
1507153510,22774435,0.21455,553.54816900,0
1507153457,22774408,0.21470,210.48844463,1
1507153457,22774407,0.21486,516.22869930,1
1507153298,22774244,0.21599,25.00000000,1
1507153298,22774243,0.21599,13345.46978360,1
1507153288,22774225,0.21599,9046.96179400,1
1507153288,22774224,0.21599,2822.00000000,1
1507153286,22774222,0.21599,517.54900690,1
1507153286,22774221,0.21599,202.00000000,1
1507153283,22774213,0.21599,2000.00000000,1
1507153280,22774204,0.21599,2687.10779800,1
1507153274,22774201,0.21599,2822.00000000,1
1507153271,22774196,0.21599,201.00000000,1
1507153270,22774195,0.21599,3578.36277400,1
1507153266,22774190,0.21599,2210.91238200,1
1507153231,22774156,0.21599,13909.02361220,1
1507153230,22774154,0.21599,286.71300000,1
1507153212,22774118,0.21600,2398.82090300,0
1507153201,22774109,0.21599,5230.92178998,1
1507153175,22774089,0.21599,466.47376086,1
1507153141,22774078,0.21600,2244.57369800,1
1507153138,22774075,0.21600,720.22390200,1
1507153138,22774074,0.21600,270.00000000,1
1507153043,22774049,0.21698,31402.12485768,0
1507153043,22774048,0.21691,63.07520000,0
1507153043,22774047,0.21660,614.82128855,0
1507153041,22774046,0.21659,100.00000000,0
1507153037,22774044,0.21599,12422.00000000,1
1507152998,22774020,0.21599,130.33782929,1
1507152995,22774018,0.21599,20125.35088250,1
1507152994,22774017,0.21600,4211.98481000,1
1507152994,22774016,0.21602,1125.20670000,1
1507152994,22774015,0.21603,1287.15827750,0
1507152992,22774012,0.21603,5737.29933000,1
1507152906,22773957,0.21602,36.83390000,1
1507152899,22773951,0.21660,267.36249965,1
1507152899,22773950,0.21680,83.81621180,1
1507152897,22773948,0.21680,929.65799900,1
1507152876,22773916,0.21689,5718.89186537,0
1507152870,22773884,0.21680,700.00000000,0
1507152772,22773852,0.21670,2092.47049956,0
1507152668,22773740,0.21667,1000.00000000,0
1507152668,22773737,0.21658,1749.93404810,0
1507152668,22773736,0.21657,270.00000000,0
1507152660,22773733,0.21658,50.06595190,0
1507152660,22773731,0.21649,77.07158110,0
1507152660,22773730,0.21647,1281.90065800,0
1507152657,22773728,0.21647,3718.09934200,0
1507152627,22773710,0.21645,239.84932000,0
1507152588,22773696,0.21649,50.00000000,0
1507152586,22773694,0.21649,0.18900000,0
1507152586,22773693,0.21646,270.00000000,0
1507152524,22773671,0.21539,543.81122347,1
1507152524,22773670,0.21539,270.00000000,1
1507152488,22773659,0.21599,997.50000000,1
1507152472,22773650,0.21599,36016.65755000,1
1507152402,22773625,0.21600,2999.99999978,0
1507152402,22773624,0.21600,941.39646622,0
1507152354,22773602,0.21600,3285.50720000,0
1507152347,22773599,0.21600,3630.60628000,1
1507152347,22773598,0.21600,5762.82659072,1
1507152347,22773597,0.21601,1138.18360000,1
1507152347,22773596,0.21601,7701.67052000,1
1507152334,22773592,0.21600,3000.00000000,1
1507152250,22773545,0.21649,1843.60446210,0
1507152211,22773523,0.21649,2841.16768600,0
1507152211,22773522,0.21649,952.40296000,0
1507152201,22773518,0.21649,1206.42935400,1
1507152198,22773511,0.21649,10000.00000000,1
1507152190,22773508,0.21670,306.25986500,0
1507152174,22773506,0.21649,5000.00000000,1
1507152160,22773501,0.21649,2328.06085600,1
1507152137,22773488,0.21649,507.00000000,1
1507152130,22773487,0.21649,180.58914400,1
1507152125,22773483,0.21649,200.00000000,1
1507152120,22773475,0.21649,2011.00000000,1
1507152116,22773472,0.21649,2112.77560000,1
1507152115,22773471,0.21649,270.00000000,1
1507152113,22773470,0.21649,914.14504600,1
1507152111,22773469,0.21649,270.00000000,0
1507152047,22773424,0.21600,982.92378900,1
1507152023,22773402,0.21600,200.00000000,1
1507152022,22773400,0.21669,166.59628963,0
1507152019,22773395,0.21600,15687.05653000,1
1507152019,22773393,0.21601,2991.94347000,1
1507152016,22773391,0.21601,200.00000000,1
1507152012,22773389,0.21602,6992.10000000,1
1507152012,22773387,0.21601,1276.21000000,1
1507152011,22773386,0.21670,578.02681125,1
1507152010,22773385,0.21609,695.65790000,1
1507152009,22773384,0.21609,109.67000000,0
1507151987,22773335,0.21600,4000.00000000,1
1507151977,22773329,0.21600,322.64711404,0
1507151977,22773328,0.21599,270.00000000,0
1507151969,22773317,0.21600,1071.00000000,0
1507151959,22773312,0.21600,8606.35288596,0
1507151959,22773311,0.21599,1000.00000000,0
1507151959,22773310,0.21595,2659.43918904,0
1507151892,22773262,0.21595,841.31043615,0
1507151892,22773260,0.21540,539.62147885,0
1507151890,22773256,0.21540,1145.71305527,0
1507151886,22773249,0.21540,1402.31736304,0
1507151859,22773237,0.21540,1043.27744000,0
1507151848,22773230,0.21540,252.61350000,0
1507151846,22773229,0.21540,1401.55598885,0
1507151845,22773227,0.21540,5775.02517300,0
1507151839,22773210,0.21540,1440.28000000,0
1507151821,22773188,0.21540,2533.14912100,0
1507151815,22773178,0.21540,2052.62781793,0
1507151815,22773177,0.21540,4888.91751125,0
1507151814,22773175,0.21540,2500.00000000,0
1507151813,22773174,0.21540,919.29117600,0
1507151813,22773172,0.21540,1499.25037481,0
1507151810,22773168,0.21595,1499.25037481,0
1507151692,22773117,0.21549,1142.17063335,0
1507151692,22773116,0.21558,7.82936665,1
1507151674,22773113,0.21609,1563.33000000,0
1507151665,22773110,0.21629,973.59110000,1
1507151663,22773108,0.21629,300.00000000,1
1507151660,22773107,0.21600,1972.21093526,0
1507151659,22773106,0.21600,3027.78906474,0
1507151659,22773105,0.21600,6029.17787970,0
1507151642,22773096,0.21600,358.05555555,1
1507151642,22773095,0.21600,0.04176611,1
1507151629,22773089,0.21600,1911.00000000,1
1507151628,22773088,0.21670,101.26963544,0
1507151616,22773079,0.21600,2381.88002387,1
1507151616,22773078,0.21600,8242.80103377,1
1507151616,22773077,0.21669,16908.31894236,1
1507151614,22773075,0.21669,236.08200000,1
1507151613,22773074,0.21669,957.21363200,1
1507151606,22773073,0.21669,500.00000000,1
1507151605,22773072,0.21669,0.01440358,0
1507151587,22773046,0.21669,58.41891642,1
1507151586,22773045,0.21669,2064.41499000,1
1507151583,22773039,0.21602,2733.00000000,1
1507151567,22773028,0.21669,23.10895750,0
1507151559,22773023,0.21600,4000.00000000,1
1507151545,22773004,0.21669,122.79843868,0
1507151545,22773002,0.21669,76.57809000,0
1507151536,22772988,0.21601,938.00000000,1
1507151526,22772973,0.21600,1000.00000000,1
1507151510,22772962,0.21601,4000.00000000,1
1507151498,22772960,0.21665,19818.72337872,1
1507151498,22772959,0.21660,700.00000000,0
1507151498,22772958,0.21658,3093.59292000,1
1507151497,22772957,0.21640,700.00000000,0
1507151497,22772956,0.21620,700.00000000,0
1507151497,22772955,0.21620,30.00000000,0
1507151496,22772954,0.21610,35.00000000,0
1507151495,22772953,0.21610,30.00000000,0
1507151495,22772952,0.21610,25.00000000,0
1507151493,22772950,0.21600,3443.43759342,0
1507151493,22772949,0.21600,4927.58090876,0
1507151493,22772948,0.21600,500.00000000,0
1507151493,22772947,0.21600,2000.00000000,0
1507151492,22772946,0.21600,700.00000000,0
1507151492,22772945,0.21600,200.00000000,0
1507151492,22772944,0.21600,6900.74658334,0
1507151471,22772936,0.21600,3099.25341666,0
1507151471,22772935,0.21600,868.24700000,0
1507151471,22772933,0.21590,100.00000000,0
1507151470,22772932,0.21581,61.53520772,0
1507151470,22772931,0.21580,700.00000000,0
1507151464,22772926,0.21560,700.00000000,0
1507151457,22772924,0.21558,5500.00000000,1
1507151422,22772900,0.21550,7115.12786500,0
1507151414,22772892,0.21550,9796.87213500,0
1507151414,22772891,0.21550,203.12786500,0
1507151399,22772882,0.21550,4796.87213500,0
1507151399,22772881,0.21540,700.00000000,0
1507151399,22772880,0.21529,4503.12786500,0
1507151397,22772875,0.21529,5508.56122300,0
1507151394,22772871,0.21529,3503.88256700,0
1507151393,22772869,0.21520,700.00000000,0
1507151392,22772868,0.21520,30.00000000,0
1507151388,22772864,0.21510,8182.00000000,0
1507151387,22772862,0.21510,35.00000000,0
1507151387,22772861,0.21510,30.00000000,0
1507151387,22772860,0.21510,25.00000000,0
1507151387,22772859,0.21500,2595.06211955,0
1507151385,22772858,0.21500,5642.46885406,0
1507151385,22772857,0.21500,4357.53114594,0
1507151383,22772855,0.21500,2324.43482100,0
1507151382,22772854,0.21500,5000.00000000,0
1507151382,22772853,0.21500,500.00000000,0
1507151382,22772852,0.21500,487.55621000,0
1507151382,22772851,0.21500,1842.44379000,0
1507151382,22772850,0.21500,80.86009600,0
1507151377,22772847,0.21500,1419.13990400,0
1507151377,22772846,0.21500,3036.04961900,0
1507151377,22772845,0.21500,3863.95038100,0
1507151377,22772844,0.21500,1000.00000000,0
1507151376,22772843,0.21500,900.00000000,0
1507151376,22772841,0.21500,700.00000000,0
1507151376,22772839,0.21500,16395.79324628,0
1507151375,22772836,0.21500,1864.12000000,0
1507151372,22772835,0.21500,9069.27313618,0
1507151372,22772834,0.21500,33.07911847,0
1507151372,22772833,0.21500,100.00000000,0
1507151372,22772832,0.21500,3000.00000000,0
1507151371,22772831,0.21500,10387.27521719,0
1507151369,22772829,0.21500,4778.32631750,0
1507151369,22772828,0.21500,10000.00000000,0
1507151369,22772827,0.21499,14656.34278750,0
1507151367,22772817,0.21499,1156.22675727,0
1507151365,22772815,0.21494,100.00000000,1
1507151361,22772811,0.21499,10000.00000000,0
1507151360,22772806,0.21499,822.46410100,0
1507151359,22772804,0.21499,5687.03030000,0
1507151357,22772801,0.21499,595.42000000,0
1507151354,22772798,0.21499,10000.00062000,0
1507151352,22772796,0.21486,71.77130070,0
1507151351,22772794,0.21486,516.22869930,0
1507151347,22772791,0.21499,10000.00000000,0
1507151346,22772790,0.21499,6102.95400100,0
1507151346,22772787,0.21499,1153.33973595,0
1507151345,22772781,0.21499,10000.00000000,0
1507151343,22772777,0.21499,4198.18000000,0
1507151341,22772769,0.21499,4663.02000000,0
1507151340,22772767,0.21499,10593.97471200,0
1507151339,22772766,0.21499,7416.85000000,0
1507151339,22772765,0.21499,62022.83184523,0
1507151339,22772764,0.21498,3222.64778000,0
1507151339,22772763,0.21498,10708.00000000,0
1507151339,22772761,0.21498,5000.00000000,0
1507151339,22772760,0.21498,461.01572327,0
1507151338,22772759,0.21498,13667.38447650,0
1507151338,22772758,0.21498,7416.85000000,0
1507151334,22772752,0.21498,1463.17404949,0
1507151334,22772751,0.21490,8836.18099951,0
1507151312,22772735,0.21490,3112.12809371,0
1507151312,22772734,0.21490,8105.39593829,0
1507151308,22772730,0.21490,8836.18100000,0
1507151302,22772717,0.21490,3058.42306171,0
1507151302,22772716,0.21489,3828.88845000,0
1507151302,22772715,0.21487,3112.68848829,0
1507151275,22772524,0.21473,3926.00000000,1
1507151274,22772523,0.21473,100.00000000,1
1507151250,22772510,0.21487,91.01000000,0
1507151249,22772509,0.21485,4549.17440000,0
1507151219,22772502,0.21487,1796.30151171,1
1507151203,22772497,0.21487,1000.00000000,1
1507151201,22772492,0.21487,10000.00000000,1
1507151184,22772478,0.21487,5335.58069000,1
1507151182,22772473,0.21487,14069.76338800,1
1507151181,22772472,0.21487,1533.97883600,1
1507151180,22772471,0.21487,1997.01763000,1
1507151174,22772455,0.21487,500.00000000,1
1507151170,22772454,0.21487,2500.00000000,0
1507151169,22772453,0.21486,2083.47932000,0
1507151169,22772452,0.21480,5000.00000000,0
1507151147,22772441,0.21487,103.66093996,1
1507151147,22772440,0.21480,1193.99008907,0
1507151147,22772439,0.21480,700.00000000,0
1507151146,22772438,0.21480,1496.96526458,0
1507151146,22772436,0.21477,2475.42098000,0
1507151146,22772434,0.21474,300.00000000,0
1507151145,22772433,0.21473,2500.00000000,1
1507151144,22772432,0.21473,200.00000000,0
1507151126,22772419,0.21470,1.24937532,0
1507151122,22772410,0.21470,2498.75062468,0
1507151086,22772361,0.21469,238.69392697,0
1507151022,22772316,0.21440,692.67324789,0
1507150933,22772275,0.21454,265.32675211,1
1507150909,22772253,0.21460,100.00000000,1
1507150902,22772247,0.21460,34154.81394500,1
1507150902,22772246,0.21460,2623.71102100,1
1507150899,22772241,0.21466,1986.43826300,0
1507150899,22772240,0.21466,704.69007800,0
1507150898,22772236,0.21466,1985.44553704,0
1507150896,22772230,0.21460,1928.46688400,1
1507150896,22772224,0.21469,1841.61868401,0
1507150893,22772212,0.21460,2341.15278400,1
1507150892,22772208,0.21468,917.65686500,0
1507150891,22772205,0.21469,513.56173116,0
1507150891,22772204,0.21469,394.67117000,0
1507150886,22772192,0.21470,291.72046487,0
1507150885,22772189,0.21470,2290.12985292,0
1507150883,22772180,0.21470,291.70687815,0
1507150877,22772162,0.21472,5227.49861000,0
1507150856,22772123,0.21460,1682.23569774,1
1507150838,22772115,0.21460,100.00000000,1
1507150814,22772084,0.21460,0.89156435,0
1507150812,22772082,0.21460,499.10843565,0
1507150812,22772080,0.21460,1284.01882644,0
1507150734,22772034,0.21454,100.00000000,1
1507150731,22772031,0.21460,4029.02013047,0
1507150715,22772024,0.21460,4027.61428009,0
1507150715,22772021,0.21459,0.31433127,0
1507150713,22772010,0.21459,578.59459873,0
1507150713,22772008,0.21455,50.00000000,0
1507150695,22771974,0.21448,66.51790657,0
1507150695,22771973,0.21448,1077.81526129,0
1507150693,22771969,0.21448,1656.11884000,0
1507150692,22771966,0.21448,421.18902316,0
1507150692,22771963,0.21448,435.95239100,0
1507150689,22771955,0.21448,394.89918049,0
1507150687,22771943,0.21448,419.57560011,0
1507150682,22771937,0.21448,191.20583114,0
1507150682,22771936,0.21447,227.91522191,0
1507150678,22771933,0.21447,405.04692867,1
1507150678,22771932,0.21447,54.85044942,1
1507150676,22771929,0.21448,427.63488639,0
1507150668,22771915,0.21447,405.24947683,0
1507150665,22771910,0.21447,411.95360317,0
1507150661,22771907,0.21447,432.72425047,0
1507150660,22771905,0.21447,434.84547650,0
1507150580,22771881,0.21448,197.82571788,0
1507150497,22771849,0.21448,176.22238048,0
1507150491,22771839,0.21449,608.21039478,0
1507150485,22771836,0.21449,187.60001967,0
1507150478,22771827,0.21450,5699.18597592,0
1507150473,22771820,0.21449,1520.97781579,0
1507150467,22771813,0.21449,181.89938421,0
1507150465,22771809,0.21449,232.52976829,0
1507150461,22771805,0.21449,181.89591529,0
1507150456,22771800,0.21449,181.87754171,0
1507150454,22771796,0.21448,2502.25825808,1
1507150451,22771792,0.21449,761.16201222,0
1507150445,22771784,0.21449,184.17639281,0
1507150440,22771781,0.21450,184.12198542,0
1507150434,22771775,0.21450,3189.11112990,0
1507150434,22771774,0.21449,2500.00000000,0
1507150414,22771768,0.21451,109.86030871,1
1507150403,22771766,0.21451,100.00000000,1
1507150387,22771760,0.21451,2290.15580000,1
1507150340,22771739,0.21452,2341.94480937,0
1507150317,22771723,0.21451,2500.00000000,1
1507150316,22771720,0.21400,0.00000054,0
1507150255,22771683,0.21337,1000.00000000,1
1507150225,22771665,0.21400,263.50819000,0
1507150157,22771610,0.21313,931.00000000,1
1507150139,22771598,0.21400,1236.49180946,0
1507150139,22771597,0.21390,265.84983078,0
1507150138,22771595,0.21391,4.15016922,1
1507150134,22771593,0.21391,3278.22379389,0
1507150129,22771584,0.21391,5409.00188366,0
1507150129,22771583,0.21390,270.00000000,0
1507150011,22771481,0.21391,2061.28845141,0
1507150011,22771480,0.21361,186.71949059,0
1507150010,22771475,0.21380,459.28050941,1
1507150005,22771460,0.21391,1022.84752585,0
1507150005,22771459,0.21390,2450.37136000,0
1507149999,22771437,0.21380,605.02997000,0
1507149999,22771435,0.21380,3025.14983000,0
1507149998,22771433,0.21378,14849.54425000,0
1507149992,22771425,0.21284,15414.98705394,0
1507149991,22771423,0.21284,132.64543259,0
1507149991,22771420,0.21284,5671.83475959,0
1507149990,22771418,0.21284,2500.00000000,0
1507149989,22771417,0.21284,270.00000000,0
1507149988,22771414,0.21284,1226.50640000,0
1507149988,22771411,0.21284,605.71673961,0
1507149987,22771407,0.21284,2309.82711427,0
1507149987,22771406,0.21290,2500.00000000,1
1507149986,22771405,0.21290,270.00000000,1
1507149986,22771404,0.21292,1213.48250000,1
1507149930,22771370,0.21385,379.00000000,1
1507149913,22771359,0.21379,270.00000000,0
1507149814,22771311,0.21201,4496.44573000,1
1507149814,22771310,0.21203,454.12899000,1
1507149814,22771309,0.21259,2267.23234000,1
1507149814,22771308,0.21260,270.00000000,1
1507149814,22771307,0.21260,14863.16254000,1
1507149814,22771306,0.21261,2500.00000000,1
1507149814,22771305,0.21262,1149.03040000,1
1507149681,22771260,0.21391,957.93823346,0
1507149680,22771259,0.21391,2500.00000000,1
1507149680,22771258,0.21390,3264.38364286,0
1507149680,22771256,0.21384,3136.85262000,0
1507149678,22771255,0.21383,2500.00000000,0
1507149678,22771254,0.21383,3968.53673000,0
1507149611,22771210,0.21350,6073.80843091,0
1507149129,22771096,0.21378,4773.00000000,0
1507149075,22771079,0.21300,550.00000000,1
1507149072,22771078,0.21300,3000.00000000,1
1507149035,22771070,0.21310,88.01338642,1
1507148918,22771029,0.21341,84.17632726,0
1507148870,22771015,0.21348,257.12248872,0
1507148864,22771012,0.21348,501.16829190,0
1507148861,22771010,0.21348,60.31254000,0
1507148858,22771008,0.21349,99.38774259,0
1507148853,22771006,0.21350,0.36223089,1
1507148853,22771005,0.21351,8917.28221856,1
1507148852,22771004,0.21351,10000.00000000,1
1507148852,22771003,0.21351,10000.00000000,1
1507148851,22771002,0.21353,98.67937020,0
1507148850,22770999,0.21353,675.51180764,0
1507148848,22770996,0.21351,10000.00000000,1
1507148847,22770995,0.21351,7280.31633617,1
1507148847,22770994,0.21352,2716.16973000,1
1507148847,22770993,0.21388,3.51393383,1
1507148847,22770992,0.21388,2500.00000000,1
1507148843,22770982,0.21351,2710.96942527,1
1507148843,22770980,0.21375,5.03057473,1
1507148840,22770976,0.21375,2500.00000000,1
1507148834,22770970,0.21366,2243.21606637,0
1507148833,22770967,0.21390,735.61635714,0
1507148833,22770966,0.21376,2500.00000000,0
1507148818,22770943,0.21351,1091.43202000,1
1507148818,22770942,0.21352,2908.56798000,1
1507148784,22770931,0.21376,232.54449720,0
1507148745,22770918,0.21350,2718.00000000,1
1507148735,22770914,0.21383,30.00000000,0
1507148728,22770913,0.21350,101.63776911,1
1507148728,22770912,0.21350,8817.95671625,1
1507148728,22770911,0.21350,6710.41155000,1
1507148728,22770910,0.21351,4369.99396464,1
1507148713,22770900,0.21351,4369.99396464,0
1507148700,22770891,0.21350,1745.00000000,1
1507148697,22770889,0.21388,30.00000000,0
1507148682,22770882,0.21371,176.77040296,0
1507148675,22770878,0.21372,4085.29326469,0
1507148675,22770877,0.21372,1553.13360577,0
1507148670,22770871,0.21372,2636.49959423,0
1507148670,22770870,0.21371,2999.18780700,0
1507148664,22770864,0.21400,30.00000000,1
1507148664,22770863,0.21410,4159.63317152,1
1507148652,22770858,0.21428,55.00000000,0
1507148641,22770818,0.21350,4000.00000000,1
1507148635,22770817,0.21431,20.00000000,0
1507148628,22770816,0.21350,8632.81819000,1
1507148628,22770815,0.21351,8353.18181000,1
1507148617,22770813,0.21351,2694.00000000,1
1507148607,22770808,0.21351,100.00000000,1
1507148605,22770807,0.21456,181.18913124,1
1507148603,22770806,0.21435,3076.50142700,0
1507148603,22770805,0.21351,2530.00000000,1
1507148593,22770801,0.21350,911.77026000,1
1507148593,22770800,0.21351,3088.22974000,1
1507148592,22770799,0.21351,100.00000000,1
1507148484,22770757,0.21310,100.00000000,1
1507148409,22770716,0.21445,920.00000000,0
1507148409,22770715,0.21350,80.00000000,0
1507148402,22770711,0.21350,20.00000000,0
1507148398,22770702,0.21310,0.09575000,1
1507148398,22770701,0.21315,3320.90425000,1
1507148374,22770698,0.21458,20.00000000,0
1507148372,22770697,0.21316,3999.86769433,1
1507148371,22770696,0.21350,0.13230567,1
1507148367,22770694,0.21459,20.00000000,0
1507148362,22770693,0.21460,30659.34676300,0
1507148362,22770692,0.21449,100.00000000,0
1507148362,22770691,0.21447,14742.88412000,0
1507148362,22770690,0.21442,1377.19292000,0
1507148362,22770689,0.21441,3120.57619700,0
1507148353,22770682,0.21443,20.00000000,0
1507148347,22770678,0.21350,1158.00000000,1
1507148330,22770668,0.21446,199.19189905,0
1507148330,22770667,0.21430,0.80810095,0
1507148330,22770666,0.21425,800.00000000,0
1507148323,22770660,0.21350,3841.86769433,1
1507148323,22770659,0.21351,158.13230567,1
1507148322,22770658,0.21425,200.00000000,0
1507148317,22770652,0.21351,970.17429864,0
1507148314,22770648,0.21351,20.00000000,0
1507148313,22770644,0.21351,159.39728136,0
1507148309,22770642,0.21351,8850.42842000,1
1507148297,22770641,0.21351,4000.00000000,1
1507148283,22770634,0.21430,1100.00000000,0
1507148278,22770627,0.21311,798.85300000,0
1507148277,22770626,0.21311,549.00000000,0
1507148276,22770625,0.21310,1177.14715538,0
1507148276,22770624,0.21310,2327.34484462,0
1507148275,22770622,0.21309,1510.94900000,1
1507148274,22770621,0.21310,172.65515538,0
1507148274,22770619,0.21310,2500.00000000,1
1507148240,22770613,0.21430,1708.36783737,0
1507148238,22770612,0.21429,1014.47969000,0
1507148232,22770611,0.21429,190.00000000,0
1507148232,22770610,0.21426,270.00000000,0
1507148194,22770585,0.21430,778.97070000,0
1507148193,22770584,0.21429,801.02930000,0
1507148193,22770583,0.21427,270.00000000,0
1507148193,22770582,0.21282,440.00000000,1
1507148193,22770581,0.21282,60.00000000,1
1507148097,22770512,0.21427,662.16579000,0
1507148097,22770511,0.21400,50.00000000,0
1507148097,22770510,0.21387,65.83421000,0
1507148065,22770492,0.21350,4000.00000000,1
1507148052,22770458,0.21350,5000.00000000,0
1507148052,22770457,0.21330,0.00003835,0
1507148039,22770448,0.21330,6258.55300000,0
1507148034,22770446,0.21330,50.00000000,0
1507148032,22770445,0.21330,50.00000000,0
1507148030,22770444,0.21330,50.00000000,0
1507148023,22770442,0.21329,50.00000000,0
1507148021,22770441,0.21329,50.00000000,0
1507148010,22770437,0.21204,37.68000000,1
1507147960,22770406,0.21330,1018.63940000,0
1507147959,22770404,0.21330,1018.63940000,0
1507147959,22770403,0.21330,1018.63940000,0
1507147954,22770399,0.21300,6447.70055216,0
1507147949,22770393,0.21300,178.96300000,0
1507147945,22770384,0.21300,1284.08586854,0
1507147942,22770345,0.21300,480.25882629,0
1507147942,22770344,0.21300,155.45175301,0
1507147942,22770342,0.21300,414.93178761,0
1507147920,22770326,0.21300,925.89944756,0
1507147920,22770325,0.21299,9074.10055244,0
1507147918,22770322,0.21299,10000.00000000,0
1507147902,22770316,0.21239,40.00000000,0
1507147834,22770282,0.21238,479.36880252,1
1507147788,22770268,0.21300,4052.34943662,0
1507147788,22770267,0.21300,2500.00000000,0
1507147633,22770200,0.21200,14268.80837027,1
1507147633,22770199,0.21200,1648.45635660,1
1507147633,22770198,0.21202,4021.20065000,1
1507147633,22770197,0.21204,1670.53140000,1
1507147633,22770196,0.21215,60.00000000,1
1507147596,22770164,0.21265,686.99999684,1
1507147596,22770163,0.21267,0.00000316,1
1507147591,22770162,0.21263,8786.52049684,0
1507147558,22770123,0.21263,393.30581616,0
1507147497,22770092,0.21263,11561.05746709,0
1507147497,22770091,0.21262,11182.29118719,0
1507147450,22770052,0.21263,357.35419800,0
1507147439,22770040,0.21263,2057.49602191,0
1507147439,22770039,0.21262,772.45894000,0
1507147439,22770038,0.21250,2500.00000000,0
1507147437,22770037,0.21231,4024.93712516,0
1507147427,22770026,0.21208,345.00000000,0
1507147424,22770025,0.21208,29155.00000000,1
1507147424,22770024,0.21209,2500.00000000,1
1507147389,22770002,0.21231,1439.71549885,0
1507147384,22769999,0.21231,1439.71549885,0
1507147292,22769943,0.21208,577.00000000,1
1507147162,22769836,0.21231,11070.41180349,0
1507147098,22769819,0.21221,30.00000000,0
1507147014,22769799,0.21230,204.55544041,0
1507147014,22769798,0.21230,270.00000000,0
1507146950,22769789,0.21231,787.92369648,0
1507146950,22769788,0.21231,140.00000000,0
1507146916,22769777,0.21200,1024.00000000,0
1507146867,22769756,0.21190,8019.23605120,0
1507146867,22769755,0.21190,10000.00000000,0
1507146867,22769754,0.21190,10000.00000000,0
1507146867,22769753,0.21190,10000.00000000,0
1507146705,22769700,0.21150,5501.83964494,0
1507146705,22769699,0.21150,8356.86150000,0
1507146705,22769698,0.21149,1643.13850000,0
1507146705,22769697,0.21150,10000.00000000,0
1507146705,22769695,0.21150,10000.00000000,0
1507146704,22769694,0.21150,8356.86150000,0
1507146704,22769693,0.21149,1643.13850000,0
1507146615,22769657,0.21140,1306.82980708,0
1507146612,22769651,0.21140,271.06000000,0
1507146610,22769650,0.21140,5429.56722139,0
1507146475,22769505,0.21140,2498.75062468,0
1507146468,22769497,0.21140,1469.19033387,0
1507146465,22769491,0.21140,1469.19033387,0
1507146442,22769478,0.21072,400.00000000,1
1507146412,22769471,0.21140,1829.17925564,0
1507146407,22769468,0.21140,1829.17053630,0
1507146280,22769428,0.21140,22958.06188717,0
1507146280,22769427,0.21139,1436.15086283,0
1507146269,22769409,0.21139,94.61185487,1
1507146269,22769408,0.21139,212.78878230,1
1507146265,22769398,0.21139,1743.55150000,0
1507146265,22769397,0.21139,57.21121770,0
1507146264,22769395,0.21139,212.78878230,0
1507146173,22769369,0.21139,707.81933866,0
1507146156,22769351,0.21041,9064.46527235,1
1507146156,22769350,0.21041,38.76753162,0
1507146156,22769348,0.21041,6072.34238529,0
1507146155,22769347,0.21055,1169.93540000,1
1507146155,22769346,0.21055,529.71100000,0
1507146155,22769345,0.21056,2500.00000000,1
1507146154,22769342,0.21057,224.42121471,0
1507146153,22769340,0.21057,270.00000000,1
1507146140,22769337,0.21139,1500.57703770,0
1507146123,22769327,0.21139,1503.06893953,0
1507146122,22769325,0.21138,270.00000000,0
1507145921,22769253,0.21041,388.41804900,0
1507145921,22769252,0.21041,2500.00000000,0
1507145919,22769251,0.21046,270.00000000,1
1507145911,22769250,0.21139,83.94772695,0
1507145909,22769249,0.21125,0.75512244,0
1507145901,22769246,0.21125,1510.24487756,0
1507145722,22769124,0.21100,1543.59422000,0
1507145722,22769122,0.21099,270.00000000,0
1507145717,22769120,0.21018,6256.49222944,0
1507145715,22769117,0.21018,213.80773166,0
1507145715,22769116,0.21018,229.70003890,1
1507145473,22769033,0.21100,3456.40578000,0
1507145473,22769032,0.21098,9220.71213000,0
1507145260,22768921,0.21120,3500.00000000,1
1507145259,22768920,0.21119,2500.00000000,0
1507145239,22768908,0.21117,2194.89000000,0
1507145239,22768907,0.21116,2500.00000000,0
1507145218,22768898,0.21000,9770.42516666,1
1507145218,22768897,0.21001,229.57483334,1
1507145204,22768893,0.21000,6048.97669756,1
1507145204,22768892,0.21002,19074.10055244,1
1507145204,22768891,0.21003,14924.92275000,1
1507145186,22768828,0.21127,1204.14858833,0
1507144932,22768743,0.21140,10000.00000000,0
1507144854,22768699,0.21140,1000.00000000,1
1507144829,22768680,0.21140,4000.00000000,1
1507144823,22768673,0.21192,1995.10732021,0
1507144821,22768671,0.21130,1622.99982283,0
1507144796,22768663,0.21130,300.00000000,0
1507144783,22768651,0.21130,99.00000000,0
1507144780,22768650,0.21027,13072.85895925,0
1507144779,22768649,0.21030,4891.70000000,1
1507144779,22768648,0.21030,3787.80256000,1
1507144766,22768639,0.21130,107.53175579,0
1507144758,22768633,0.21130,10005.03826667,0
1507144737,22768612,0.21127,428.00000000,1
1507144728,22768607,0.21129,216.43473743,0
1507144723,22768599,0.21130,220.25670086,0
1507144723,22768597,0.21130,6023.17345385,0
1507144723,22768596,0.21128,19051.68599605,0
1507144723,22768595,0.21127,1544.56976010,0
1507144721,22768594,0.21127,427.88501033,0
1507144718,22768588,0.21127,212.08519530,0
1507144715,22768585,0.21127,426.60932926,0
1507144713,22768579,0.21126,3866.00000000,1
1507144713,22768576,0.21127,221.20842501,0
1507144708,22768571,0.21126,1553.27643719,0
1507144708,22768570,0.21126,220.26226281,0
1507144705,22768565,0.21125,11360.40897472,0
1507144703,22768561,0.21126,229.11990851,0
1507144688,22768550,0.21126,1490.53259037,0
1507144638,22768518,0.21129,3659.00000000,0
1507144589,22768490,0.21000,5266.34602436,1
1507144589,22768489,0.21002,14264.35577564,1
1507144589,22768487,0.21007,4891.70000000,1
1507144588,22768486,0.21008,14838.18199000,1
1507144588,22768485,0.21008,787.41621000,1
1507144581,22768481,0.21100,10000.00000000,1
1507144581,22768480,0.21100,10000.00000000,1
1507144581,22768479,0.21100,6078.03531000,1
1507144580,22768478,0.21101,3921.96469000,1
1507144528,22768462,0.21129,1571.86983788,0
1507144528,22768461,0.21100,9335.45974212,0
1507144528,22768460,0.21098,14092.67042000,0
1507144330,22768224,0.21095,283.23871800,0
1507144286,22768197,0.21098,420.17158024,0
1507144286,22768196,0.21080,729.09613404,0
1507144284,22768195,0.21078,270.00000000,0
1507144245,22768175,0.21000,8365.60424600,1
1507144245,22768174,0.21001,270.00000000,1
1507144196,22768139,0.21000,4000.00000000,1
1507144189,22768130,0.21008,500.00000000,0
1507144183,22768124,0.21008,432.08806169,0
1507144172,22768119,0.21001,2509.00000000,1
1507144158,22768111,0.21073,440.00000000,0
1507144158,22768110,0.21072,60.00000000,0
1507144123,22768090,0.21008,500.00000000,1
1507144049,22768034,0.21000,1060.00000000,1
1507144009,22768013,0.21000,3000.00000000,1
1507143996,22767998,0.21080,440.00000000,0
1507143996,22767997,0.21079,60.00000000,0
1507143990,22767991,0.21001,50.00000000,1
1507143988,22767988,0.21001,50.00000000,1
1507143983,22767986,0.21001,50.00000000,1
1507143981,22767985,0.21000,50.00000000,1
1507143979,22767984,0.21000,50.00000000,1
1507143976,22767983,0.21000,50.00000000,1
1507143973,22767981,0.21000,50.00000000,1
1507143971,22767980,0.21000,50.00000000,1
1507143965,22767979,0.21000,50.00000000,1
1507143960,22767973,0.21000,50.00000000,1
1507143954,22767970,0.21000,50.00000000,1
1507143949,22767968,0.21000,50.00000000,1
1507143944,22767962,0.21001,50.00000000,1
1507143942,22767959,0.21001,50.00000000,1
1507143940,22767958,0.21001,50.00000000,1
1507143939,22767956,0.21001,50.00000000,1
1507143936,22767955,0.21001,50.00000000,1
1507143934,22767954,0.21001,50.00000000,1
1507143930,22767948,0.21001,50.00000000,1
1507143926,22767946,0.21001,50.00000000,1
1507143922,22767941,0.21001,50.00000000,1
1507143920,22767940,0.21001,50.00000000,1
1507143917,22767938,0.21001,50.00000000,1
1507143915,22767937,0.21001,50.00000000,1
1507143904,22767936,0.21001,50.00000000,1
1507143901,22767933,0.21001,50.00000000,1
1507143896,22767928,0.21001,50.00000000,1
1507143895,22767926,0.21001,50.00000000,1
1507143894,22767925,0.21001,50.00000000,1
1507143892,22767924,0.21001,50.00000000,1
1507143888,22767922,0.21001,50.00000000,1
1507143886,22767921,0.21001,50.00000000,1
1507143884,22767919,0.21001,50.00000000,1
1507143881,22767918,0.21001,50.00000000,1
1507143876,22767916,0.21001,50.00000000,1
1507143873,22767912,0.21001,50.00000000,1
1507143867,22767911,0.21001,50.00000000,0
1507143862,22767906,0.21001,50.00000000,1
1507143855,22767903,0.21001,50.00000000,1
1507143849,22767899,0.21001,50.00000000,1
1507143846,22767898,0.21001,50.00000000,1
1507143840,22767891,0.21001,50.00000000,1
1507143838,22767890,0.21001,410.00000000,1
1507143835,22767888,0.21001,50.00000000,1
1507143834,22767887,0.21080,986.66217623,0
1507143832,22767885,0.21079,1179.75790000,0
1507143829,22767884,0.21001,50.00000000,1
1507143828,22767883,0.21001,50.00000000,1
1507143821,22767882,0.21001,50.00000000,1
1507143804,22767861,0.21000,50.00000000,1
1507143802,22767857,0.21000,50.00000000,1
1507143794,22767854,0.21000,50.00000000,1
1507143779,22767842,0.21000,50.00000000,1
1507143765,22767837,0.21080,27841.24168973,0
1507143765,22767836,0.21050,4343.19675034,0
1507143765,22767835,0.21049,1184.73020000,0
1507143764,22767834,0.21000,50.00000000,1
1507143750,22767819,0.21000,50.00000000,1
1507143744,22767811,0.21000,50.00000000,1
1507143734,22767806,0.21000,50.00000000,1
1507143728,22767804,0.21000,50.00000000,1
1507143724,22767802,0.21000,50.00000000,1
1507143720,22767797,0.21000,50.00000000,1
1507143714,22767790,0.21000,50.00000000,1
1507143712,22767789,0.21000,30.00000000,1
1507143710,22767787,0.21078,20.00000000,1
1507143704,22767779,0.21078,50.00000000,1
1507143700,22767778,0.21000,50.00000000,1
1507143698,22767777,0.21000,563.00000000,1
1507143695,22767776,0.21000,50.00000000,1
1507143691,22767773,0.21000,50.00000000,1
1507143677,22767764,0.21000,50.00000000,1
1507143671,22767762,0.21000,44947.60273204,1
1507143671,22767761,0.21000,1600.00000000,1
1507143671,22767760,0.21000,311.33333333,1
1507143671,22767759,0.21000,42.84663906,1
1507143670,22767758,0.21000,50.00000000,1
1507143670,22767757,0.21043,618.72229757,1
1507143666,22767756,0.21043,50.00000000,1
1507143660,22767752,0.21043,50.00000000,1
1507143658,22767750,0.21043,440.50158096,1
1507143655,22767747,0.21043,50.00000000,1
1507143653,22767746,0.21043,50.00000000,1
1507143601,22767722,0.21051,1000.00000000,1
1507143441,22767641,0.21099,425.00000000,0
1507143383,22767604,0.21100,2457.83587677,0
1507143383,22767603,0.21097,3135.29918763,0
1507143383,22767602,0.21096,4217.73113000,0
1507143377,22767600,0.21097,15782.26887000,0
1507143377,22767599,0.21096,4217.73113000,0
1507143316,22767548,0.21050,1429.47601710,1
1507143301,22767540,0.21050,1608.00000000,1
1507143277,22767530,0.21050,227.06266033,0
1507143156,22767472,0.21050,36.00000000,0
1507143018,22767407,0.21050,1000.00000000,0
1507142850,22767340,0.21050,236.93733967,0
1507142824,22767331,0.21001,23697.84068922,1
1507142824,22767329,0.21002,3784.53836000,1
1507142791,22767316,0.21002,3952.02901000,1
1507142791,22767315,0.21003,10607.97099000,1
1507142791,22767314,0.21003,4000.00000000,1
1507142520,22767179,0.21090,23.64879090,0
1507142497,22767161,0.21089,2088.36364929,0
1507142495,22767160,0.21049,2277.00000000,0
1507142385,22767061,0.21090,1080.79724988,0
1507142344,22767040,0.21005,1275.65697120,0
1507142332,22767035,0.21004,5000.00000000,1
1507142320,22767033,0.21090,1368.17491000,0
1507142320,22767032,0.21089,3616.85351000,0
1507142320,22767031,0.21089,14744.97158000,0
1507142319,22767030,0.21077,270.00000000,0
1507142138,22766938,0.21005,255.93802820,0
1507142097,22766922,0.21004,4757.58309000,1
1507142096,22766920,0.21010,1024.38487000,1
1507142074,22766905,0.21013,4445.64476549,1
1507142072,22766904,0.21020,554.35523451,1
1507142070,22766903,0.21020,3788.83686120,1
1507141975,22766788,0.21020,1227.18070278,1
1507141975,22766787,0.21021,14661.25659000,1
1507141975,22766786,0.21090,2662.56270722,1
1507141937,22766763,0.21090,925.58393110,1
1507141936,22766762,0.21091,270.00000000,1
1507141918,22766744,0.21210,58.26628948,0
1507141918,22766740,0.21209,474.18264000,0
1507141917,22766737,0.21200,2460.00000000,0
1507141917,22766736,0.21199,2370.91320000,0
1507141917,22766735,0.21125,403.00000000,0
1507141915,22766734,0.21124,1069.62851405,0
1507141899,22766728,0.21090,4522.00000000,0
1507141899,22766727,0.21090,20549.46908290,0
1507141874,22766719,0.21090,47.29758179,0
1507141845,22766698,0.21090,256.43487000,0
1507141845,22766697,0.21010,64743.56513000,0
1507141834,22766685,0.21010,1024.38487000,0
1507141780,22766655,0.21090,3939.88947368,0
1507141768,22766650,0.21097,645.01168788,1
1507141552,22766503,0.21100,3692.49199436,0
1507141552,22766502,0.21100,52173.00065607,0
1507141510,22766479,0.21098,611.84830000,1
1507141510,22766478,0.21098,608.64440000,1
1507141510,22766477,0.21098,608.76890000,1
1507141509,22766476,0.21098,608.76890000,1
1507141509,22766475,0.21098,608.88660000,1
1507141509,22766474,0.21098,615.53560000,1
1507141509,22766473,0.21098,643.61400000,1
1507141509,22766472,0.21098,647.47820000,1
1507141509,22766471,0.21098,647.47820000,1
1507141509,22766470,0.21098,647.47820000,1
1507141509,22766469,0.21098,639.68230000,1
1507141508,22766468,0.21098,640.17350000,1
1507141508,22766467,0.21098,640.17350000,1
1507141508,22766466,0.21098,639.63740000,1
1507141508,22766465,0.21098,639.66530000,1
1507141508,22766464,0.21098,638.50470000,1
1507141508,22766463,0.21098,601.11960000,1
1507141507,22766462,0.21098,607.24320000,1
1507141506,22766461,0.21098,613.41440000,1
1507141506,22766460,0.21098,613.44220000,1
1507141506,22766459,0.21098,610.81070000,1
1507141506,22766458,0.21098,610.91470000,1
1507141505,22766457,0.21098,610.36350000,1
1507141505,22766456,0.21098,610.94030000,1
1507141505,22766455,0.21098,615.10730000,1
1507141505,22766454,0.21098,645.14680000,1
1507141504,22766453,0.21098,648.17790000,1
1507141504,22766452,0.21098,630.09410000,1
1507141504,22766451,0.21098,616.74930000,1
1507141504,22766450,0.21098,625.02640000,1
1507141504,22766449,0.21098,626.85780000,1
1507141504,22766448,0.21098,626.85780000,1
1507141504,22766447,0.21098,636.75360000,1
1507141503,22766446,0.21098,630.09410000,1
1507141503,22766445,0.21098,630.09410000,1
1507141503,22766444,0.21098,630.09410000,1
1507141503,22766442,0.21098,630.09410000,1
1507141465,22766418,0.21100,865.41379636,0
1507141460,22766410,0.21100,4953.33767429,0
1507141454,22766400,0.21100,4951.33824692,0
1507141448,22766392,0.21100,756.42196149,0
1507141443,22766382,0.21100,189.47444888,0
1507141437,22766375,0.21100,4948.95804240,0
1507141431,22766370,0.21100,2446.96040269,0
1507141431,22766368,0.21099,2500.00000000,0
1507141430,22766366,0.21097,254.28492805,1
1507141428,22766364,0.21097,801.03430000,1
1507141427,22766363,0.21097,801.03430000,1
1507141426,22766359,0.21100,3088.61002123,0
1507141422,22766356,0.21100,2491.95301305,0
1507141421,22766349,0.21100,3087.36320963,0
1507141420,22766346,0.21100,214.24745346,0
1507141418,22766338,0.21100,94.88116135,0
1507141415,22766331,0.21100,269.26318395,0
1507141412,22766327,0.21084,2.90751093,1
1507141410,22766323,0.21084,2500.00000000,0
1507141405,22766318,0.21098,569.12713210,0
1507141404,22766317,0.21085,1297.17334642,0
1507141401,22766309,0.21085,2446.06580937,1
1507141401,22766308,0.21091,2501.76084421,1
1507141399,22766306,0.21099,634.54120127,0
1507141388,22766293,0.21100,4334.46545366,0
1507141388,22766291,0.21090,2131.51416634,0
1507141388,22766288,0.21090,368.48583366,0
1507141386,22766281,0.21100,143.00318238,0
1507141386,22766279,0.21099,864.30991000,0
1507141386,22766278,0.21092,1369.35850000,0
1507141386,22766276,0.21085,270.00000000,1
1507141382,22766255,0.21079,56.78193934,0
1507141382,22766254,0.21079,212.48124461,0
1507141377,22766243,0.21080,0.73681605,1
1507141377,22766242,0.21080,481.00000000,0
1507141329,22766215,0.21090,2166.00000000,1
1507141322,22766208,0.21098,1512.00000000,1
1507141311,22766205,0.21099,2034.00000000,1
1507141309,22766204,0.21100,4787.01492462,0
1507141304,22766199,0.21100,2165.20308056,0
1507141302,22766198,0.21099,995.34720000,0
1507141293,22766190,0.21098,2518.00000000,1
1507141237,22766155,0.21100,1115.41388274,0
1507141232,22766153,0.21099,651.09617327,0
1507141226,22766146,0.21099,318.10548673,1
1507141221,22766137,0.21099,314.67122751,0
1507141220,22766134,0.21099,380.66784000,0
1507141220,22766131,0.21099,17.06913544,0
1507141220,22766129,0.21099,1867.53680009,0
1507141220,22766127,0.21099,94.79122233,0
1507141215,22766117,0.21099,314.67197758,0
1507141211,22766107,0.21099,109.99000000,0
1507141210,22766106,0.21099,314.67197758,0
1507141205,22766099,0.21099,314.67122751,0
1507141161,22766055,0.21099,165.83311815,0
1507141156,22766051,0.21099,165.83311815,0
1507141133,22766014,0.21099,451.04865619,0
1507141127,22766010,0.21099,451.04973156,0
1507141115,22766003,0.21099,303.69249998,0
1507141115,22766002,0.21099,194.75596331,0
1507141108,22766000,0.21099,1270.54995669,1
1507141107,22765999,0.21100,5695.33649000,0
1507141096,22765991,0.21100,228.33971427,0
1507141094,22765988,0.21099,1740.95752000,1
1507141081,22765982,0.21099,2068.46438000,1
1507141068,22765964,0.21099,2457.58144000,1
1507141055,22765960,0.21099,3553.92190000,1
1507141052,22765959,0.21099,3370.33360000,0
1507141052,22765958,0.21098,2500.00000000,0
1507141043,22765926,0.21097,608.70056786,0
1507141033,22765922,0.21098,3263.89055425,0
1507141028,22765919,0.21098,5526.66207225,0
1507140747,22765805,0.21098,614.09154000,0
1507140746,22765804,0.21097,270.00000000,0
1507140736,22765796,0.21016,788.19120331,1
1507140734,22765793,0.21017,211.80879669,0
1507140734,22765791,0.21017,270.00000000,1
1507140688,22765772,0.21099,2499.73214503,0
1507140683,22765768,0.21099,1047.23507488,0
1507140683,22765767,0.21098,2500.00000000,0
1507140592,22765734,0.21010,6659.00000000,0
1507140591,22765732,0.21098,2437.26959901,0
1507140590,22765729,0.21086,234.16425989,0
1507140585,22765727,0.21086,35.83574011,0
1507140458,22765685,0.21004,570.96000000,1
1507140407,22765663,0.21098,10000.00000000,0
1507140230,22765565,0.21001,25882.47603303,1
1507140229,22765564,0.21002,1187.82450000,0
1507140229,22765561,0.21002,213.79134902,0
1507140228,22765560,0.21002,2500.00000000,1
1507140228,22765559,0.21002,215.90811795,1
1507140222,22765551,0.21002,1784.09188205,0
1507140222,22765548,0.21002,215.90811795,0
1507140221,22765547,0.21002,2500.00000000,1
1507140196,22765531,0.21003,2972.22972253,0
1507140195,22765529,0.21001,343.00000000,1
1507140190,22765525,0.21003,213.22507747,0
1507140189,22765523,0.21003,1184.20520000,1
1507140184,22765516,0.21050,5211.27522718,0
1507140179,22765506,0.21050,5525.07176985,0
1507140173,22765501,0.21050,5520.06098989,0
1507140172,22765499,0.21050,4172.59000000,0
1507140167,22765493,0.21050,5515.02842167,0
1507140163,22765490,0.21050,3255.97359141,1
1507140146,22765478,0.21050,9011.93929660,1
1507140128,22765471,0.21050,5004.47478443,1
1507140128,22765470,0.21075,0.52521557,1
1507140124,22765465,0.21075,2211.16579000,0
1507140119,22765455,0.21087,65.83421000,1
1507140118,22765454,0.21100,1000.00000000,1
1507139915,22765359,0.21124,740.14000000,1
1507139915,22765358,0.21125,270.00000000,1
1507139910,22765351,0.21124,1730.00000000,1
1507139910,22765350,0.21124,270.00000000,1
1507139892,22765341,0.21200,2460.00000000,1
1507139888,22765339,0.21200,270.00000000,1
1507139886,22765338,0.21195,2000.00000000,0
1507139885,22765337,0.21191,270.00000000,0
1507139855,22765328,0.21123,10000.00000000,1
1507139855,22765327,0.21123,6263.47820000,1
1507139855,22765326,0.21124,3466.52180000,1
1507139854,22765325,0.21124,270.00000000,1
1507139769,22765278,0.21195,240.30507195,0
1507139696,22765213,0.21123,19500.00000000,1
1507139680,22765204,0.21125,1597.88060000,1
1507139671,22765195,0.21125,659.85200500,1
1507139592,22765132,0.21123,2255.75785120,1
1507139591,22765131,0.21125,270.00000000,0
1507139590,22765130,0.21125,270.00000000,1
1507139590,22765129,0.21126,3484.24370000,1
1507139574,22765119,0.21171,7738.00000000,1
1507139530,22765092,0.21190,385.27631715,1
1507139530,22765091,0.21200,2368.00000000,1
1507139530,22765090,0.21200,2890.03695798,1
1507139509,22765081,0.21200,2109.96304202,1
1507139509,22765080,0.21200,325.19549794,1
1507139500,22765078,0.21209,2000.00000000,0
1507139383,22765020,0.21200,10000.00000000,1
1507139347,22765008,0.21200,10000.00000000,1
1507139343,22764999,0.21200,10000.00000000,1
1507139342,22764998,0.21200,10000.00000000,1
1507139342,22764997,0.21200,10000.00000000,1
1507139334,22764996,0.21201,3816.71910000,1
1507139288,22764988,0.21210,488.52150427,1
1507139285,22764987,0.21214,127.26058110,1
1507139285,22764986,0.21215,0.00003011,1
1507139285,22764984,0.21215,2228.79040000,1
1507139229,22764967,0.21215,271.20956989,1
1507139185,22764930,0.21230,58.18808000,1
1507139085,22764878,0.21230,500.00000000,1
1507139075,22764876,0.21230,108.62000000,1
1507139071,22764874,0.21230,349.37247421,1
1507138904,22764756,0.21231,270.00000000,1
1507138834,22764660,0.21261,177.25297000,0
1507138834,22764657,0.21232,822.74703000,0
1507138804,22764633,0.21231,224.55456024,0
1507138803,22764627,0.21231,1018.08334681,0
1507138801,22764624,0.21231,211.61506152,0
1507138798,22764618,0.21260,249.80387304,0
1507138793,22764615,0.21261,249.75704553,0
1507138788,22764609,0.21328,1093.96403788,1
1507138788,22764608,0.21324,5000.00000000,0
1507138787,22764606,0.21296,60.00000000,0
1507138787,22764605,0.21295,2500.00000000,0
1507138784,22764604,0.21294,197.11124016,0
1507138780,22764600,0.21296,197.09270593,1
1507138774,22764597,0.21298,0.11005470,0
1507138773,22764596,0.21298,2500.00000000,0
1507138768,22764587,0.21298,222.93471485,0
1507138761,22764579,0.21300,197.10680176,0
1507138756,22764575,0.21302,197.06973764,0
1507138734,22764555,0.21298,459.73672417,0
1507138728,22764551,0.21299,164.17550554,0
1507138726,22764546,0.21230,399.99996922,0
1507138725,22764544,0.21230,0.00003078,1
1507138626,22764441,0.21230,165.50980000,1
1507138610,22764410,0.21317,2167.92258991,0
1507138598,22764397,0.21209,172.71810485,0
1507138598,22764395,0.21233,2327.28189515,1
1507138597,22764394,0.21210,659.05810485,0
1507138594,22764380,0.21210,2325.19039515,0
1507138591,22764378,0.21201,1313.57692538,1
1507138591,22764377,0.21201,1275.62372964,1
1507138591,22764376,0.21223,2984.24854498,1
1507138578,22764367,0.21325,1293.88131301,0
1507138574,22764363,0.21332,4446.04802041,0
1507138574,22764362,0.21331,1161.30520000,0
1507138574,22764360,0.21330,744.02044070,0
1507138574,22764359,0.21223,1777.43910000,0
1507138573,22764358,0.21223,1777.43910000,0
1507138573,22764357,0.21223,1365.38150889,0
1507138571,22764345,0.21223,412.05759111,0
1507138571,22764343,0.21223,1777.43910000,0
1507138570,22764341,0.21223,79.17078903,0
1507138570,22764339,0.21223,1698.26831097,0
1507138570,22764338,0.21223,1268.31368094,0
1507138570,22764337,0.21222,5.51710847,0
1507138565,22764326,0.21221,1099.16889649,0
1507138562,22764311,0.21222,1090.62460744,0
1507138559,22764305,0.21201,1111.99448653,0
1507138559,22764303,0.21201,2952.00911347,0
1507138557,22764299,0.21222,681.29738409,0
1507138557,22764298,0.21202,1777.43910000,0
1507138557,22764297,0.21202,1295.59351591,0
1507138557,22764295,0.21202,481.84558409,0
1507138557,22764294,0.21202,1777.43910000,0
1507138554,22764292,0.21238,40.00000000,1
1507138554,22764291,0.21238,469.12541906,1
1507138554,22764290,0.21238,1777.43910000,1
1507138554,22764289,0.21238,1777.43910000,1
1507138552,22764283,0.21280,1777.43912603,1
1507138550,22764274,0.21280,4000.00000000,0
1507138550,22764273,0.21238,904.78220000,0
1507138550,22764272,0.21238,904.78220000,0
1507138550,22764271,0.21238,904.78220000,0
1507138550,22764270,0.21238,904.78220000,0
1507138549,22764269,0.21238,904.78220000,0
1507138549,22764268,0.21238,192.74480397,0
1507138546,22764267,0.21238,712.03739603,0
1507138545,22764266,0.21238,904.78220000,0
1507138545,22764265,0.21238,904.78220000,0
1507138545,22764263,0.21238,904.78220000,0
1507138545,22764261,0.21238,571.70906973,0
1507138540,22764259,0.21238,333.07313027,0
1507138540,22764258,0.21238,904.78220000,0
1507138540,22764255,0.21238,530.02835130,0
1507138540,22764253,0.21237,3304.16329900,0
1507138537,22764249,0.21238,374.75384870,0
1507138537,22764248,0.21238,508.82815130,0
1507138535,22764245,0.21236,2421.29101374,1
1507138535,22764243,0.21238,395.95404870,0
1507138535,22764242,0.21238,904.78220000,0
1507138534,22764241,0.21237,904.78220000,0
1507138529,22764232,0.21236,906.61204383,0
1507138522,22764226,0.21278,904.78221190,1
1507138509,22764205,0.21200,149674.80450206,1
1507138509,22764204,0.21215,75062.78029696,1
1507138508,22764203,0.21216,8099.21757164,1
1507138508,22764202,0.21217,14160.91475000,1
1507138450,22764160,0.21300,6549.77717800,0
1507138450,22764159,0.21288,3390.22282200,0
1507138449,22764158,0.21287,60.00000000,0
1507138429,22764151,0.21218,1741.00000000,1
1507138379,22764137,0.21299,4691.81360000,0
1507138378,22764136,0.21298,3550.94734600,0
1507138378,22764135,0.21293,302.02393066,0
1507138378,22764134,0.21291,60.00000000,0
1507138328,22764104,0.21293,4389.78966934,0
1507138328,22764103,0.21270,4691.81360000,0
1507138327,22764102,0.21265,2793.39673066,0
1507138310,22764088,0.21215,1700.00000000,1
1507138277,22764062,0.21265,523.73181284,0
1507138266,22764056,0.21265,1374.68505650,0
1507138262,22764054,0.21250,10000.00000000,1
1507138262,22764053,0.21250,3823.28835000,1
1507138261,22764052,0.21251,4181.30988000,1
1507138261,22764051,0.21259,835.50097000,1
1507138261,22764049,0.21260,1159.90080000,1
1507138261,22764046,0.21261,5308.18641284,1
1507138260,22764045,0.21350,4691.81358716,1
1507138162,22763965,0.21350,175.72300000,1
1507138142,22763954,0.21350,1000.00000000,1
1507138140,22763953,0.21350,218.85494145,1
1507138123,22763946,0.21350,1290.73959500,1
1507138109,22763939,0.21350,3061.00000000,1
1507138108,22763938,0.21350,175.70300000,1
1507138089,22763924,0.21350,14071.19437939,1
1507138088,22763922,0.21350,204.00000000,1
1507138084,22763919,0.21350,2857.00000000,1
1507138080,22763918,0.21350,1278.26849700,1
1507138073,22763915,0.21350,175.70300000,1
1507138050,22763897,0.21366,270.23838000,0
1507138013,22763876,0.21372,179.37942312,0
1507137986,22763859,0.21253,181.31962459,1
1507137935,22763836,0.21387,2044.01950400,0
1507137935,22763835,0.21385,4919.68034600,0
1507137935,22763834,0.21384,2766.30015000,0
1507137935,22763833,0.21349,270.00000000,0
1507137883,22763809,0.21361,252.00000000,0
1507137841,22763779,0.21377,104.05753848,0
1507137790,22763755,0.21390,2177.38231927,0
1507137775,22763746,0.21300,1006.89000000,0
1507137775,22763745,0.21299,1173.27040000,0
1507137774,22763744,0.21298,270.00000000,0
1507137733,22763719,0.21298,77.26208611,0
1507137718,22763712,0.21206,78.06884421,1
1507137638,22763660,0.21293,421.41220466,0
1507137614,22763648,0.21300,11499.10792000,1
1507137614,22763647,0.21300,50.00000000,0
1507137614,22763646,0.21299,752.95282000,0
1507137614,22763645,0.21297,1174.50140000,0
1507137611,22763642,0.21190,1516.37819868,0
1507137610,22763637,0.21190,380.77399090,0
1507137606,22763632,0.21190,4200.65000000,0
1507137606,22763629,0.21190,4200.65000000,0
1507137605,22763627,0.21190,3158.44029042,0
1507137605,22763625,0.21180,2277.00000000,0
1507137602,22763619,0.21190,107.51752000,1
1507137600,22763615,0.21190,162.48248000,1
1507137547,22763601,0.21186,30.00000000,1
1507137543,22763562,0.21318,78.06884421,0
1507137506,22763534,0.21174,74.69327754,1
1507137403,22763468,0.21323,42.10265910,0
1507137385,22763459,0.21220,2219.13289350,1
1507137385,22763458,0.21221,2500.00000000,1
1507137370,22763448,0.21141,62767.40588526,1
1507137370,22763447,0.21142,924.54430000,1
1507137370,22763446,0.21143,7893.05200000,1
1507137370,22763445,0.21218,4617.10209000,1
1507137370,22763443,0.21219,1313.07310000,1
1507137369,22763442,0.21219,270.00000000,1
1507137369,22763441,0.21220,2500.00000000,1
1507137349,22763427,0.21217,2359.12016150,1
1507137349,22763426,0.21217,4566.84850000,1
1507137345,22763425,0.21138,691.14379193,1
1507137345,22763424,0.21139,1156.48573807,0
1507137344,22763422,0.21139,2719.21900000,0
1507137344,22763420,0.21139,14593.15147000,1
1507137337,22763416,0.21383,3835.70495253,0
1507137336,22763415,0.21382,205.58729000,0
1507137336,22763414,0.21382,1027.93647000,0
1507137313,22763388,0.21120,200.00000000,1
1507137305,22763386,0.21389,2651.96924209,0
1507137305,22763385,0.21388,3979.72864000,0
1507137252,22763353,0.21419,1064.00000000,0
1507137215,22763332,0.21423,139.75685011,0
1507137151,22763256,0.21425,32.59061844,0
1507137114,22763243,0.21456,2752.71203626,0
1507137114,22763242,0.21420,3310.52418100,1
1507137114,22763241,0.21420,2201.60377400,1
1507137113,22763240,0.21420,2333.05373400,1
1507137112,22763238,0.21420,810.00124151,0
1507137023,22763210,0.21480,1215.43151769,0
1507137023,22763208,0.21470,17997.00000000,0
1507137023,22763207,0.21462,500.00000000,0
1507137022,22763206,0.21460,100.00000000,0
1507137022,22763205,0.21459,63.08125000,0
1507137022,22763204,0.21458,315.40625000,0
1507137021,22763203,0.21425,1500.00000000,0
1507137021,22763202,0.21410,25.00000000,0
1507137021,22763201,0.21405,17520.08974378,0
1507137019,22763200,0.21390,270.00000000,0
1507137018,22763197,0.21089,130.74073366,1
1507137018,22763196,0.21101,7257.79428550,1
1507137018,22763195,0.21104,14195.59405800,1
1507137017,22763194,0.21104,1070.98073000,0
1507137017,22763193,0.21272,0.28128978,1
1507137017,22763192,0.21274,6464.51100000,1
1507137016,22763191,0.21274,5344.41455000,0
1507137016,22763190,0.21300,100.00000000,1
1507137016,22763189,0.21300,2178.75911809,1
1507137016,22763188,0.21300,12112.03333497,1
1507137014,22763187,0.21314,1144.89090000,1
1507137008,22763185,0.21405,10296.57647540,0
1507137008,22763184,0.21404,319.24505000,0
1507137006,22763183,0.21391,270.00000000,0
1507136952,22763154,0.21301,2598.76605587,1
1507136952,22763153,0.21302,1162.40770000,1
1507136934,22763139,0.21300,708.11814189,1
1507136934,22763138,0.21301,270.00000000,1
1507136934,22763136,0.21385,581.57497811,1
1507136933,22763135,0.21385,128.52232000,0
1507136933,22763134,0.21385,642.61161000,0
1507136933,22763133,0.21301,1258.38554900,1
1507136929,22763124,0.21300,2179.84852314,0
1507136926,22763108,0.21300,498.10752221,0
1507136841,22763064,0.21299,576.89000000,0
1507136841,22763063,0.21298,460.00000000,0
1507136798,22763003,0.21298,8216.54907000,0
1507136791,22762999,0.21295,2679.83000000,0
1507136786,22762985,0.21300,2322.04395465,0
1507136777,22762973,0.21251,865.27671022,0
1507136776,22762972,0.21251,290.20694423,0
1507136776,22762971,0.21250,38.31205577,0
1507136767,22762966,0.21250,864.65200000,0
1507136767,22762965,0.21250,9464.47123835,1
1507136764,22762960,0.21251,845.45395242,1
1507136704,22762914,0.21251,16924.81765158,1
1507136704,22762913,0.21259,270.00000000,1
1507136687,22762885,0.21251,792.38508700,1
1507136684,22762882,0.21359,32.69132450,0
1507136677,22762879,0.21251,1437.34330900,1
1507136677,22762878,0.21256,270.00000000,1
1507136660,22762868,0.21254,270.00000000,1
1507136648,22762864,0.21253,204.00000000,1
1507136644,22762861,0.21252,1244.22000000,1
1507136643,22762860,0.21251,551.94900000,1
1507136640,22762859,0.21251,1835.40922800,1
1507136637,22762855,0.21251,1678.24997500,1
1507136634,22762850,0.21251,5252.36000000,1
1507136625,22762845,0.21254,332.50700000,0
1507136625,22762844,0.21254,550.42200000,0
1507136624,22762843,0.21254,961.98800000,0
1507136621,22762838,0.21254,270.00000000,0
1507136616,22762835,0.21243,280.42300000,0
1507136616,22762834,0.21229,269.99900000,0
1507136608,22762830,0.21405,7183.33378082,0
1507136608,22762829,0.21405,460.75788000,1
1507136608,22762828,0.21404,75365.91300000,1
1507136607,22762826,0.21387,65.36129000,0
1507136607,22762825,0.21387,2303.78941000,1
1507136607,22762824,0.21310,25.00000000,0
1507136607,22762823,0.21309,885.43800000,1
1507136606,22762820,0.21300,10000.00000000,0
1507136606,22762819,0.21298,2303.78941000,0
1507136604,22762817,0.21260,18115.00000000,0
1507136576,22762797,0.21151,450.19367640,0
1507136564,22762784,0.21151,6500.64841144,0
1507136564,22762783,0.21150,49323.37158856,0
1507136542,22762777,0.21150,3698.01722400,0
1507136500,22762758,0.21150,33013.41957447,0
1507136499,22762756,0.21100,42215.56264494,1
1507136499,22762755,0.21101,5246.62938000,1
1507136498,22762754,0.21102,27416.81600000,1
1507136498,22762753,0.21103,2500.00000000,1
1507136464,22762722,0.21150,12870.29937500,0
1507136463,22762720,0.21150,19127.40000000,0
1507136463,22762718,0.21150,14115.09882200,0
1507136463,22762716,0.21149,1750.18586000,0
1507136427,22762677,0.21140,933.63292336,1
1507136427,22762676,0.21140,1180.88458845,1
1507136425,22762673,0.21140,1341.87000000,1
1507136379,22762654,0.21140,7477.24541155,0
1507136153,22762536,0.21140,4522.75458845,0
1507136151,22762535,0.21139,2563.70790000,0
1507136072,22762440,0.21138,338.49794000,1
1507136070,22762437,0.21138,1844.78371800,1
1507136070,22762436,0.21138,2088.73496100,1
1507136063,22762427,0.21138,14865.33548200,1
1507136063,22762426,0.21138,12961.11664900,1
1507136063,22762425,0.21138,2915.71390700,1
1507136063,22762424,0.21138,10239.33729200,1
1507136058,22762412,0.21138,2915.71390700,1
1507135796,22762282,0.21149,36.71194855,0
1507135794,22762275,0.21120,530.00252558,0
1507135701,22762195,0.21050,2406.62154253,0
1507135667,22762127,0.21050,3233.83157771,0
1507135667,22762125,0.21040,52.02941429,0
1507135645,22762091,0.21041,1184.25840000,0
1507135644,22762090,0.21040,10062.52983000,0
1507135556,22762008,0.21044,1926.87250800,1
1507135555,22762007,0.21044,1163.67140000,0
1507135554,22762006,0.21042,981.95423900,0
1507135548,22762004,0.21042,1177.56122400,0
1507135519,22761971,0.21042,498.34581800,0
1507135519,22761969,0.21001,177.43100000,0
1507135484,22761892,0.21000,500.00000000,1
1507135434,22761747,0.21000,181.34748858,1
1507135434,22761743,0.21002,2500.00000000,1
1507135434,22761742,0.21003,1161.41560000,1
1507135408,22761738,0.21004,605.60241797,1
1507135377,22761727,0.21000,625.80587236,1
1507135377,22761726,0.21000,26906.22825552,1
1507135377,22761725,0.21001,1169.40700000,1
1507135377,22761724,0.21001,4640.93095000,1
1507135330,22761708,0.21004,626.76236700,1
1507135222,22761669,0.21058,807.56900000,0
1507135189,22761642,0.21130,1479.10572645,0
1507135188,22761641,0.21129,3371.20069000,0
1507135188,22761640,0.21127,4572.55910300,1
1507135186,22761632,0.21111,270.00000000,0
1507135135,22761597,0.21000,61710.28976000,1
1507135135,22761596,0.21003,47081.00200000,1
1507135135,22761595,0.21004,4771.81974000,1
1507135135,22761594,0.21006,1166.88850000,1
1507135135,22761593,0.21006,270.00000000,1
1507135069,22761578,0.21136,3293.01476154,0
1507135069,22761577,0.21119,1158.11590000,1
1507135069,22761576,0.21117,270.00000000,1
1507135065,22761574,0.21118,331.91949995,0
1507135012,22761557,0.21058,2000.00000000,1
1507134988,22761536,0.21000,43112.22486808,1
1507134988,22761535,0.21002,1158.49610000,0
1507134988,22761534,0.21047,3412.69539601,1
1507134986,22761531,0.21058,50831.39536691,1
1507134977,22761522,0.21059,1513.28680800,1
1507134916,22761488,0.21058,12375.62457800,1
1507134916,22761487,0.21059,14201.41969000,1
1507134858,22761443,0.21100,4600.00000000,1
1507134848,22761436,0.21139,14171.98808003,0
1507134835,22761433,0.21101,2021.48180000,1
1507134785,22761395,0.21151,1509.15791216,0
1507134770,22761387,0.21090,20000.00000000,0
1507134582,22761261,0.21047,1687.00790000,0
1507134581,22761259,0.21047,312.99210000,0
1507134539,22761240,0.21025,933.49821321,0
1507134538,22761239,0.21025,2500.00000000,0
1507134512,22761213,0.21025,100.00000000,1
1507134409,22761117,0.21000,1092.09839960,0
1507134403,22761111,0.21000,1226.90160000,0
1507134381,22761087,0.20999,2376.53752800,0
1507134381,22761085,0.20999,217.94870513,0
1507134362,22761067,0.20950,9398.27415932,0
1507134357,22761062,0.20950,215.08988400,0
1507134357,22761060,0.20909,1775.00000000,1
1507134356,22761056,0.20910,25.00000000,1
1507134354,22761049,0.20950,14303.09422434,0
1507134351,22761045,0.20950,1650.92878281,0
1507134346,22761038,0.20950,29726.74506400,0
1507134343,22761034,0.20950,4000.00000000,0
1507134343,22761033,0.20950,8199.48244700,0
1507134339,22761031,0.20950,4137.65880400,0
1507134338,22761030,0.20950,3351.15675300,0
1507134329,22761019,0.20950,449.77511244,0
1507134324,22761017,0.20950,4000.00000000,0
1507134324,22761016,0.20950,449.77511244,0
1507134321,22761013,0.20950,9879.08904600,0
1507134319,22761008,0.20950,1098.90405632,0
1507134318,22761003,0.20950,1099.45346568,0
1507134314,22760999,0.20959,744.98310747,1
1507134314,22760998,0.20963,2949.08315531,1
1507134275,22760974,0.21000,0.00000040,1
1507134252,22760959,0.21058,719.09495517,0
1507134252,22760958,0.21058,1199.33480000,0
1507134232,22760944,0.21000,11764.13983431,1
1507134232,22760943,0.21010,486.24459069,1
1507134179,22760909,0.21010,230.00000000,1
1507134177,22760908,0.21011,270.00000000,1
1507134131,22760883,0.21010,3012.52922400,0
1507134130,22760882,0.21010,1422.47077600,0
1507134114,22760857,0.21000,687.40181223,1
1507134114,22760856,0.21010,13690.54461717,1
1507134108,22760848,0.21000,11298.45835306,1
1507134108,22760847,0.21000,2392.08633094,1
1507134106,22760845,0.21010,25.00000000,1
1507134092,22760834,0.21047,443.84003655,0
1507134089,22760832,0.21024,1562.07253715,0
1507134088,22760830,0.21024,443.84003655,0
1507134085,22760827,0.21024,29652.78871766,1
1507134082,22760824,0.21047,255.93802820,1
1507134056,22760799,0.21100,8981.04880600,0
1507134056,22760798,0.21062,919.63871000,0
1507134050,22760795,0.21087,65.36129000,1
1507134048,22760794,0.21100,2939.53128304,1
1507134046,22760791,0.21100,1431.00000000,1
1507134042,22760789,0.21100,1052.04000000,1
1507134024,22760772,0.21150,34997.30259418,1
1507134024,22760771,0.21155,10827.60281257,1
1507134024,22760770,0.21155,925.10000000,0
1507134022,22760769,0.21150,913.11985553,1
1507134022,22760768,0.21151,4228.82057000,1
1507133993,22760757,0.21150,9746.37994470,1
1507133985,22760751,0.21150,20844.11373512,1
1507133984,22760750,0.21151,326.88791488,0
1507133983,22760749,0.21151,4672.99835000,1
1507133975,22760740,0.21154,4095.92048000,1
1507133975,22760739,0.21155,674.07952000,1
1507133971,22760736,0.21155,3353.51400000,1
1507133938,22760686,0.21300,29110.05255357,1
1507133938,22760682,0.21300,4761.22087900,1
1507133937,22760680,0.21300,1349.47849600,1
1507133937,22760677,0.21300,37322.33731000,1
1507133937,22760676,0.21300,8969.99469000,1
1507133936,22760675,0.21300,4761.22087900,1
1507133933,22760674,0.21301,2000.00000000,1
1507133924,22760663,0.21302,7862.67967900,1
1507133915,22760646,0.21397,8960.91157542,1
1507133913,22760639,0.21397,617.11152300,1
1507133908,22760636,0.21397,139.23100000,1
1507133907,22760633,0.21397,217.25900000,1
1507133899,22760619,0.21397,3403.85539700,1
1507133897,22760617,0.21397,18343.71564788,1
1507133897,22760616,0.21407,13338.36849512,1
1507133890,22760611,0.21410,925.09855000,0
1507133889,22760610,0.21407,5234.51009600,1
1507133889,22760609,0.21407,9295.23677100,1
1507133888,22760608,0.21407,31329.47321200,1
1507133887,22760605,0.21407,30000.00000000,1
1507133874,22760597,0.21407,9321.04900000,1
1507133866,22760594,0.21407,399.71141200,1
1507133859,22760588,0.21410,239.32741709,0
1507133849,22760578,0.21407,2784.37145200,1
1507133834,22760572,0.21407,2000.00000000,1
1507133814,22760557,0.21407,14370.15815300,1
1507133805,22760553,0.21407,500.00000000,0
1507133785,22760541,0.21410,2435.00000000,0
1507133784,22760538,0.21350,7650.20543000,0
1507133779,22760532,0.21350,10120.00000000,0
1507133773,22760518,0.21350,500.00000000,0
1507133767,22760515,0.21350,1729.79457000,0
1507133749,22760500,0.21397,195.72884049,0
1507133745,22760494,0.21286,738.23611197,0
1507133743,22760492,0.21398,65138.76388803,1
1507133742,22760491,0.21398,738.27725400,1
1507133727,22760478,0.21398,15753.26767000,1
1507133724,22760475,0.21398,1334.98000000,1
1507133718,22760474,0.21366,1125.00000000,0
1507133679,22760435,0.21398,247.44644359,0
1507133678,22760434,0.21398,270.00000000,0
1507133664,22760427,0.21277,300.00000000,1
1507133649,22760423,0.21416,7711.38288561,1
1507133638,22760418,0.21414,2979.16503000,0
1507133638,22760417,0.21400,5000.00000000,0
1507133638,22760416,0.21398,1531.36373000,0
1507133637,22760415,0.21397,270.00000000,0
1507133569,22760390,0.21230,200.00000000,1
1507133562,22760386,0.21384,1.75000000,1
1507133561,22760385,0.21355,2500.00000000,0
1507133533,22760362,0.21355,68.20764700,1
1507133533,22760360,0.21355,1511.26738000,1
1507133525,22760350,0.21362,1327.00699000,1
1507133524,22760348,0.21362,150.42301000,1
1507133520,22760341,0.21459,18000.00000000,0
1507133520,22760340,0.21362,4879.00000000,1
1507133518,22760338,0.21400,936.00000000,1
1507133518,22760337,0.21459,3253.89980894,0
1507133467,22760304,0.21478,293.52591800,1
1507133467,22760302,0.21478,548.87423700,1
1507133466,22760299,0.21478,4197.53270000,1
1507133458,22760283,0.21478,1868.82800000,1
1507133453,22760274,0.21478,5329.68000000,1
1507133451,22760271,0.21478,1920.83932900,1
1507133450,22760270,0.21478,1380.61394000,1
1507133450,22760269,0.21478,5199.12587600,1
1507133449,22760266,0.21478,4260.98000000,1
1507133447,22760263,0.21480,4257.80386405,0
1507133447,22760262,0.21479,7682.81500000,0
1507133446,22760260,0.21405,359.48825443,0
1507133414,22760190,0.21405,692.58174557,1
1507133412,22760189,0.21478,57.72000000,0
1507133410,22760187,0.21405,359.45800000,1
1507133394,22760153,0.21401,810.56700000,1
1507133391,22760148,0.21401,1406.23741882,1
1507133391,22760146,0.21480,33705.18640595,0
1507133390,22760145,0.21467,3869.40956728,0
1507133390,22760143,0.21466,5000.00000000,0
1507133390,22760142,0.21460,700.00000000,0
1507133389,22760140,0.21447,500.00000000,0
1507133389,22760138,0.21447,1000.00000000,0
1507133389,22760136,0.21441,200.00000000,0
1507133389,22760135,0.21440,700.00000000,0
1507133388,22760134,0.21420,700.00000000,0
1507133388,22760132,0.21420,30.00000000,0
1507133388,22760130,0.21420,450.00000000,1
1507133388,22760125,0.21419,26459.91524715,0
1507133387,22760124,0.21418,123.27826000,1
1507133387,22760121,0.21410,35.00000000,0
1507133387,22760119,0.21410,30.00000000,0
1507133387,22760118,0.21410,25.00000000,0
1507133386,22760117,0.21408,616.39129000,1
1507133386,22760115,0.21400,1660.99999999,0
1507133386,22760114,0.21400,700.00000000,0
1507133385,22760112,0.21387,64.89311000,0
1507133385,22760110,0.21386,3675.46302010,0
1507133385,22760108,0.21380,700.00000000,0
1507133383,22760104,0.21369,4985.75640962,0
1507133382,22760103,0.21364,253.15504000,0
1507133382,22760101,0.21360,700.00000000,0
1507133381,22760098,0.21355,124.72187172,0
1507133375,22760083,0.21355,2320.69822412,0
1507133371,22760072,0.21355,7554.57990416,0
1507133370,22760071,0.21347,50.81223953,0
1507133370,22760069,0.21344,0.00001031,0
1507133351,22760040,0.21344,80.31249969,0
1507133350,22760039,0.21340,0.00000031,0
1507133342,22760025,0.21340,699.99999969,0
1507133341,22760023,0.21337,58.00819996,0
1507133341,22760020,0.21320,184.30080835,0
1507133318,22760003,0.21320,515.69919165,0
1507133317,22760002,0.21320,35.00000000,0
1507133317,22760001,0.21316,73.68789541,0
1507133317,22760000,0.21310,35.00000000,0
1507133317,22759999,0.21310,30.00000000,0
1507133317,22759998,0.21310,25.00000000,0
1507133317,22759997,0.21308,29285.61291294,0
1507133316,22759996,0.21308,312.57708706,0
1507133316,22759995,0.21308,15144.69000000,0
1507133316,22759994,0.21300,5035.42335955,0
1507133316,22759993,0.21300,5000.00000000,0
1507133316,22759991,0.21300,700.00000000,0
1507133316,22759989,0.21300,1000.00000000,0
1507133315,22759987,0.21300,3885.65925900,0
1507133315,22759985,0.21300,200.00000000,0
1507133315,22759983,0.21280,157.58121884,0
1507133296,22759954,0.21280,542.41878116,0
1507133296,22759952,0.21276,115.76949705,0
1507133296,22759950,0.21276,132.26543879,0
1507133296,22759947,0.21276,151.10779630,0
1507133295,22759946,0.21275,172.64257485,0
1507133295,22759945,0.21275,196.92646771,0
1507133295,22759944,0.21264,51.74194306,0
1507133292,22759941,0.21260,3620.99552612,0
1507133285,22759937,0.21260,14041.00447388,0
1507133285,22759935,0.21260,700.00000000,0
1507133285,22759932,0.21259,250.00000000,0
1507133285,22759930,0.21250,9860.35999012,0
1507133284,22759929,0.21250,300.00000000,0
1507133252,22759907,0.21250,4839.64000988,0
1507133250,22759903,0.21240,700.00000000,0
1507133238,22759895,0.21230,2500.00000000,0
1507133238,22759894,0.21223,65.68280350,0
1507133238,22759893,0.21223,72.96766107,0
1507133238,22759892,0.21221,100.00000000,0
1507133237,22759891,0.21220,199.99747442,0
1507133233,22759888,0.21200,3207.57058053,1
1507133220,22759881,0.21220,500.00252558,0
1507133220,22759880,0.21220,30.00000000,0
1507133217,22759877,0.21210,35.00000000,0
1507133217,22759876,0.21210,30.00000000,0
1507133217,22759875,0.21210,25.00000000,0
1507133211,22759872,0.21200,19692.62370953,0
1507133207,22759867,0.21200,48582.92726415,0
1507133192,22759851,0.21200,13187.99836900,0
1507133190,22759847,0.21200,2562.55172000,0
1507133188,22759845,0.21200,77483.60669811,0
1507133183,22759836,0.21200,6337.86976500,0
1507133181,22759833,0.21200,159068.63485995,0
1507133178,22759827,0.21200,3331.11036900,0
1507133176,22759826,0.21200,5308.26764098,0
1507133176,22759825,0.21199,675.33199802,0
1507133176,22759823,0.21199,61.58909198,0
1507133174,22759820,0.21200,38345.27733100,0
1507133171,22759819,0.21200,800.09901000,0
1507133167,22759816,0.21200,6753.69349955,0
1507133167,22759815,0.21200,4720.00000000,0
1507133167,22759814,0.21200,700.00000000,0
1507133167,22759813,0.21199,0.00000045,0
1507133166,22759812,0.21199,875.54979955,0
1507133166,22759811,0.21180,700.00000000,0
1507133166,22759810,0.21173,0.00000045,0
1507133142,22759790,0.21173,81.37628300,0
1507133142,22759789,0.21169,25000.00000000,0
1507133142,22759788,0.21168,1040.25719000,0
1507133142,22759786,0.21160,700.00000000,0
1507133141,22759785,0.21150,40.50000000,0
1507133128,22759770,0.21140,700.00000000,0
1507133128,22759769,0.21120,700.00000000,0
1507133128,22759767,0.21120,30.00000000,0
1507133128,22759766,0.21117,61.18938373,0
1507133127,22759765,0.21110,35.00000000,0
1507133127,22759764,0.21110,30.00000000,0
1507133127,22759763,0.21110,25.00000000,0
1507133126,22759761,0.21100,294.66972379,0
1507133126,22759759,0.21100,2912.90085674,0
1507133126,22759755,0.21100,2019.44595500,0
1507133125,22759754,0.21100,582.43700000,0
1507133124,22759753,0.21100,2854.95000000,0
1507133121,22759750,0.21100,5422.40319847,0
1507133088,22759737,0.21100,79188.89409300,0
1507133086,22759735,0.21100,17477.16979931,0
1507133086,22759734,0.21100,2084.84820069,0
1507133086,22759733,0.21099,270.00000000,0
1507133035,22759659,0.21100,1602.71459127,0
1507133034,22759658,0.21100,500.00000000,0
1507133034,22759657,0.21100,4745.00000000,0
1507133034,22759656,0.21100,700.00000000,0
1507133034,22759655,0.21100,1000.00000000,0
1507133034,22759654,0.21098,266.08904000,1
1507133034,22759652,0.21098,1330.44518000,1
1507133033,22759651,0.21087,67.73151000,0
1507133033,22759649,0.21080,10000.00000000,0
1507133033,22759648,0.21080,700.00000000,0
1507133033,22759647,0.21060,700.00000000,0
1507133032,22759646,0.21040,700.00000000,0
1507133032,22759645,0.21023,82.18911000,0
1507133032,22759644,0.21020,700.00000000,0
1507133031,22759643,0.21020,1000.00000000,0
1507133031,22759642,0.21020,30.00000000,0
1507133031,22759641,0.21010,35.00000000,0
1507133031,22759640,0.21010,30.00000000,0
1507133031,22759639,0.21010,25.00000000,0
1507133029,22759638,0.21000,57.54841346,0
1507133029,22759637,0.21000,1000.07041769,0
1507133029,22759636,0.21000,572.18816882,0
1507133028,22759635,0.21000,9340.93618800,0
1507133028,22759634,0.21000,190.19300000,0
1507133024,22759632,0.21000,264.89700000,0
1507133021,22759631,0.21000,631.78564318,0
1507133021,22759630,0.21000,729.50000000,0
1507133021,22759629,0.21000,458.71435682,0
1507133019,22759628,0.21000,923.23600000,0
1507133017,22759626,0.21000,264.89700000,0
1507133013,22759622,0.21000,590.25492117,0
1507133012,22759620,0.21000,500.00000000,0
1507133009,22759618,0.21000,154.41800000,0
1507133008,22759615,0.21000,408.22500000,0
1507133008,22759613,0.21000,590.25492117,0
1507133008,22759611,0.21000,1432.08000000,0
1507133007,22759608,0.21000,487.36031984,0
1507133002,22759604,0.21000,13790.55948100,0
1507133001,22759603,0.20991,538.54764390,1
1507132999,22759601,0.21000,400.00000000,0
1507132999,22759600,0.21000,100.00000000,0
1507132999,22759599,0.21000,964.40000000,0
1507132998,22759598,0.21000,54.00000000,0
1507132998,22759597,0.21000,670.35384809,0
1507132998,22759596,0.21000,129.64615191,0
1507132998,22759595,0.21000,410.57669834,0
1507132997,22759594,0.21000,700.00000000,0
1507132997,22759593,0.21000,300.00086162,0
1507132997,22759591,0.21000,244.52063913,0
1507132995,22759590,0.21000,4392.88143800,0
1507132992,22759587,0.21000,716.15882534,0
1507132991,22759585,0.21000,1569.70714000,0
1507132990,22759583,0.21000,500.00000000,0
1507132986,22759577,0.21000,716.15882534,0
1507132984,22759573,0.21000,500.00000000,0
1507132981,22759563,0.21000,1820.00000000,0
1507132979,22759558,0.21000,4540.57313219,0
1507132979,22759557,0.21000,2749.49000000,0
1507132979,22759556,0.21000,3000.00000000,0
1507132978,22759555,0.21000,3000.00000000,0
1507132978,22759554,0.21000,4473.99454781,0
1507132977,22759553,0.21000,117.94275500,0
1507132973,22759550,0.21000,1924.33333333,0
1507132972,22759548,0.21000,580.00000000,0
1507132972,22759547,0.21000,22653.53620246,0
1507132972,22759546,0.21000,100.00000000,0
1507132972,22759545,0.21000,1000.00000000,0
1507132971,22759544,0.21000,52.80883054,0
1507132971,22759543,0.21000,6000.00000000,0
1507132969,22759542,0.21000,530.00000000,0
1507132969,22759541,0.21000,5000.00000000,0
1507132969,22759540,0.20999,1735.02411000,0
1507132969,22759539,0.20999,3311.00000000,0
1507132969,22759538,0.20999,3277.18524993,0
1507132967,22759536,0.20999,200.16081200,0
1507132967,22759534,0.20999,1032.40297042,0
1507132962,22759531,0.20999,801.54600000,0
1507132961,22759530,0.20999,556.97700000,0
1507132961,22759529,0.20999,353.52644160,0
1507132961,22759528,0.20991,1358.75885468,0
1507132959,22759524,0.20991,716.15884995,0
1507132958,22759522,0.20991,2.06229537,1
1507132956,22759520,0.20999,3020.74210008,0
1507132950,22759516,0.20999,3020.72775891,0
1507132928,22759503,0.20999,2481.58155470,0
1507132923,22759488,0.20999,1050.00000000,0
1507132913,22759477,0.20999,1291.22999967,0
1507132913,22759476,0.20998,946.00000033,0
1507132913,22759474,0.20998,1571.41824300,0
1507132910,22759472,0.20998,4474.16620000,0
1507132899,22759460,0.20998,946.00000000,0
1507132891,22759458,0.20998,2062.41555667,0
1507132871,22759446,0.20999,14215.05785989,0
1507132871,22759444,0.20999,13113.79463000,0
1507132871,22759442,0.20999,360.99623900,0
1507132870,22759440,0.20999,426.62800000,0
1507132868,22759439,0.20963,2950.55770463,0
1507132848,22759432,0.20999,2522.06876100,0
1507132824,22759416,0.20999,3420.30700000,0
1507132824,22759415,0.20999,4152.27800000,0
1507132822,22759414,0.20999,5847.72200000,0
1507132822,22759413,0.20999,2361.98000000,0
1507132806,22759403,0.20959,198.47863000,0
1507132805,22759401,0.20982,745.87700000,1
1507132800,22759395,0.20986,40.64437000,1
1507132786,22759390,0.20999,3197.53000000,0
1507132785,22759389,0.20999,4440.49000000,0
1507132777,22759382,0.20997,3352.33270100,0
1507132774,22759380,0.20997,2232.73492180,0
1507132774,22759379,0.20990,233.00000000,0
1507132774,22759378,0.20987,455.41436820,0
1507132763,22759373,0.20987,966.37563180,0
1507132763,22759372,0.20986,40.64436820,0
1507132753,22759368,0.20986,1529.29582000,0
1507132740,22759361,0.20986,531.69817000,0
1507132737,22759360,0.20986,17793.58703900,0
1507132732,22759358,0.20986,229.45687596,0
1507132730,22759351,0.20970,0.53933034,0
1507132692,22759259,0.20970,1078.66066966,0
1507132688,22759255,0.20985,270.00000000,0
1507132663,22759233,0.20900,3216.72956401,0
1507132663,22759232,0.20900,270.00000000,0
1507132662,22759231,0.20900,9986.82278900,0
1507132662,22759230,0.20900,1552.07020000,0
1507132660,22759229,0.20900,1079.20000000,1
1507132660,22759228,0.20902,1884.97160000,1
1507132660,22759227,0.20907,6834.54700000,1
1507132659,22759226,0.20908,2500.00000000,1
1507132659,22759225,0.20909,270.00000000,1
1507132657,22759223,0.20980,700.00000000,0
1507132657,22759222,0.20979,501.11436000,0
1507132638,22759208,0.20951,726.93290898,0
1507132638,22759207,0.20951,110.70510902,0
1507132617,22759200,0.20951,153.29489098,1
1507132617,22759199,0.20970,5508.44605564,0
1507132617,22759198,0.20970,3742.90263436,0
1507132592,22759194,0.20970,627.44434907,0
1507132590,22759193,0.20969,566.54574000,0
1507132563,22759171,0.20970,2177.68966499,0
1507132538,22759143,0.20970,400.82423000,0
1507132524,22759137,0.20970,50.77607892,0
1507132510,22759128,0.20970,0.36304266,0
1507132510,22759127,0.20960,519.17095734,0
1507132505,22759115,0.20960,122.78935397,0
1507132460,22759100,0.20960,58.03968869,0
1507132451,22759097,0.20951,96.04122902,0
1507132448,22759093,0.20951,217.67814000,0
1507132442,22759085,0.20951,131.62088708,0
1507132411,22759072,0.20951,0.18900000,0
1507132411,22759071,0.20939,270.00000000,0
1507132408,22759064,0.20951,54.47074390,0
1507132408,22759063,0.20950,100.00000000,0
1507132408,22759062,0.20950,100.00000000,0
1507132408,22759061,0.20950,1650.00000000,0
1507132408,22759060,0.20940,574.64021610,0
1507132405,22759059,0.20940,51.63166189,0
1507132357,22758995,0.20852,3935.47198500,0
1507132357,22758994,0.20853,2500.00000000,1
1507132355,22758993,0.20854,270.00000000,1
1507132336,22758975,0.20940,73.72812201,0
1507132296,22758947,0.20920,700.00000000,0
1507132296,22758946,0.20920,30.00000000,0
1507132296,22758944,0.20910,35.00000000,0
1507132296,22758943,0.20910,35.00000000,0
1507132295,22758942,0.20910,25.00000000,0
1507132295,22758941,0.20900,10897.09749961,0
1507132294,22758938,0.20900,2235.51339162,0
1507132282,22758928,0.20900,460.00000000,0
1507132280,22758927,0.20900,1431.82712919,0
1507132278,22758925,0.20900,65.64619617,0
1507132278,22758924,0.20900,1667.72111551,0
1507132255,22758903,0.20900,562.50343727,0
1507132223,22758866,0.20900,72.92540669,0
1507132197,22758843,0.20900,2923.10518100,0
1507132177,22758814,0.20900,3112.68462662,0
1507132177,22758813,0.20900,1000.00000000,0
1507132177,22758812,0.20900,1000.00000000,0
1507132177,22758811,0.20900,100.00000000,0
1507132177,22758810,0.20900,1175.90432199,0
1507132177,22758809,0.20850,2091.14323139,0
1507132171,22758803,0.20850,432.20000000,0
1507132171,22758802,0.20850,430.17112200,0
1507132169,22758800,0.20850,427.75665399,0
1507132169,22758798,0.20850,95.92326139,0
1507132169,22758795,0.20850,4559.75163497,0
1507132167,22758790,0.20850,429.07136100,0
1507132165,22758783,0.20850,2172.05062221,0
1507132158,22758777,0.20850,81.20345323,0
1507132143,22758773,0.20850,10000.00000000,0
1507132140,22758770,0.20850,4559.75165527,0
1507132139,22758769,0.20850,2500.00000000,0
1507132137,22758766,0.20900,4559.75165527,0
1507132137,22758761,0.20900,2429.04099243,0
1507132137,22758758,0.20900,2376.39172357,0
1507132131,22758729,0.20850,563.97221053,0
1507132131,22758725,0.20850,1476.28110311,0
1507132127,22758699,0.20850,180.72369091,0
1507132120,22758685,0.20832,104.24310397,1
1507132118,22758681,0.20875,14895.75689603,1
1507132100,22758670,0.20900,115.68660287,0
1507132043,22758646,0.20900,132.17075358,0
1507131985,22758616,0.20900,150.99958133,0
1507131968,22758611,0.20900,1100.08023924,0
1507131968,22758610,0.20899,717.47945476,0
1507131947,22758603,0.20899,1000.00000000,0
1507131918,22758590,0.20899,172.52054524,0
1507131839,22758508,0.20900,25000.00000000,0
1507131807,22758497,0.20800,2411.53024400,0
1507131797,22758488,0.20899,197.10512464,0
1507131788,22758480,0.20899,896.89389614,1
1507131777,22758472,0.20899,2259.77805000,0
1507131755,22758465,0.20900,21124.67109941,0
1507131755,22758464,0.20900,230.00000000,0
1507131755,22758463,0.20900,270.00000000,0
1507131755,22758462,0.20900,348.00000000,0
1507131754,22758461,0.20900,700.00000000,0
1507131754,22758460,0.20900,2000.00000000,0
1507131754,22758459,0.20900,500.00000000,0
1507131754,22758458,0.20900,200.00000000,0
1507131754,22758457,0.20898,2684.88481000,0
1507131754,22758456,0.20888,25.00000000,0
1507131754,22758455,0.20880,700.00000000,0
1507131754,22758454,0.20870,95.00000000,0
1507131754,22758453,0.20870,3796.47957886,0
1507131753,22758452,0.20865,1000.00000000,0
1507131753,22758451,0.20860,100.00000000,0
1507131753,22758450,0.20860,700.00000000,0
1507131753,22758448,0.20850,200.00000000,0
1507131753,22758447,0.20850,1130.58000000,0
1507131753,22758446,0.20850,82.32801000,0
1507131753,22758445,0.20841,2969.48900000,0
1507131734,22758425,0.20841,30.51100000,0
1507131734,22758424,0.20840,353.55726670,0
1507131734,22758423,0.20840,346.44273330,0
1507131733,22758422,0.20820,30.00000000,0
1507131733,22758421,0.20820,204.24287365,0
1507131733,22758420,0.20820,495.75712635,0
1507131712,22758412,0.20810,34.99998510,0
1507131712,22758411,0.20810,25.00000000,0
1507131712,22758410,0.20800,700.00000000,0
1507131712,22758409,0.20800,1423.27141490,0
1507131708,22758407,0.20800,281.09391380,0
1507131708,22758406,0.20790,786.00000000,0
1507131708,22758405,0.20780,132.90608620,0
1507131692,22758397,0.20780,1700.00000000,0
1507131680,22758381,0.20780,4166.62383200,0
1507131672,22758375,0.20780,2367.17695600,0
1507131664,22758371,0.20780,251.72913000,0
1507131625,22758342,0.20780,500.00000000,0
1507131624,22758339,0.20780,10000.00000000,0
1507131618,22758332,0.20780,3113.87883000,0
1507131607,22758318,0.20780,1000.00000000,0
1507131607,22758317,0.20780,1665.76188700,0
1507131603,22758312,0.20780,5840.07445000,0
1507131601,22758306,0.20779,495.02794000,1
1507131598,22758304,0.20779,10000.00000000,1
1507131563,22758286,0.20780,14868.50368280,0
1507131563,22758285,0.20778,26.00000000,0
1507131541,22758263,0.20780,7033.72366700,0
1507131530,22758250,0.20780,5680.47147900,0
1507131522,22758247,0.20780,1000.00000000,0
1507131498,22758239,0.20780,3500.00000000,0
1507131496,22758237,0.20780,500.00000000,0
1507131471,22758231,0.20800,1275.65697115,0
1507131448,22758220,0.20800,9567.69230769,0
1507131320,22758133,0.20778,15246.87400000,0
1507131307,22758129,0.20778,75065.90600000,1
1507131300,22758126,0.20778,1000.00000000,1
1507131248,22758112,0.20800,57.54841346,0
1507131195,22758079,0.20800,478.69796400,0
1507131189,22758076,0.20800,479.69796500,0
1507131185,22758074,0.20800,4436.34105000,0
1507131175,22758068,0.20799,9000.00244075,0
1507131175,22758067,0.20792,69.19769000,0
1507131175,22758066,0.20790,62826.77481922,0
1507131170,22758064,0.20790,500.00000000,0
1507131147,22758056,0.20789,2396.93192700,0
1507131146,22758054,0.20789,221.18742300,0
1507131137,22758051,0.20789,500.00000000,0
1507131122,22758041,0.20789,116.44000000,0
1507131105,22758033,0.20774,3349.98000000,1
1507131101,22758030,0.20790,10023.97720500,0
1507131091,22758029,0.20790,25.65460317,0
1507131038,22758005,0.20790,4011.14889200,0
1507131028,22757998,0.20790,1417.62852313,0
1507131028,22757997,0.20790,2756.62485639,0
1507131028,22757996,0.20790,3101.33897076,0
1507131024,22757994,0.20790,891.39490300,0
1507131023,22757993,0.20789,2473.30363000,0
1507131022,22757992,0.20789,396.99977600,0
1507131020,22757991,0.20788,30.00000000,0
1507130998,22757914,0.20787,5671.93112900,0
1507130993,22757908,0.20787,23130.89000000,0
1507130991,22757906,0.20787,16230.17887100,0
1507130944,22757869,0.20787,24967.00000000,0
1507130944,22757867,0.20785,33.00000000,0
1507130881,22757836,0.20790,3878.26896464,0
1507130807,22757817,0.20790,1021.15000000,0
1507130803,22757814,0.20688,14453.57442889,1
1507130803,22757813,0.20707,1176.89810000,1
1507130801,22757811,0.20742,438.78052411,1
1507130734,22757784,0.20742,56.00000000,1
1507130723,22757779,0.20790,617.59990615,0
1507130713,22757770,0.20742,290.97205326,0
1507130711,22757768,0.20700,25.00000000,0
1507130390,22757616,0.20688,863.55002400,1
1507130390,22757615,0.20695,435.00000000,1
1507130389,22757614,0.20695,14565.00000000,1
1507130232,22757565,0.20702,6306.81113985,1
1507130183,22757552,0.20702,15693.18886015,1
1507130135,22757515,0.20702,28000.00000000,1
1507130019,22757454,0.20742,703.41004797,0
1507130017,22757453,0.20741,3397.93499200,0
1507129891,22757356,0.20743,69292.75315100,0
1507129890,22757355,0.20742,3428.40372900,0
1507129890,22757354,0.20742,4826.17745000,0
1507129890,22757353,0.20742,1648.81010000,0
1507129871,22757335,0.20764,5800.38840494,1
1507129870,22757334,0.20764,10000.00000000,1
1507129870,22757333,0.20764,10000.00000000,1
1507129868,22757329,0.20764,918.40339300,1
1507129866,22757325,0.20764,7939.30100000,0
1507129866,22757324,0.20763,3747.64924000,0
1507129865,22757323,0.20762,1715.49035606,0
1507129865,22757322,0.20761,3878.76760600,0
1507129862,22757319,0.20762,125.75784394,0
1507129849,22757309,0.20688,22004.07022200,1
1507129845,22757303,0.20688,8.16370107,1
1507129845,22757302,0.20743,1542.21578493,1
1507129841,22757300,0.20743,5630.00000000,1
1507129830,22757289,0.20743,46.56120000,1
1507129827,22757282,0.20743,10680.70791900,1
1507129823,22757278,0.20743,217.06305500,1
1507129822,22757276,0.20743,4338.23120000,1
1507129820,22757274,0.20743,2663.48273000,1
1507129808,22757272,0.20743,297.13993107,1
1507129785,22757257,0.20740,3097.65788000,0
1507129785,22757256,0.20740,1486.94030000,0
1507129743,22757232,0.20748,220.86284600,1
1507129741,22757231,0.20748,4506.56000000,1
1507129740,22757229,0.20748,3921.85215400,0
1507129740,22757228,0.20747,1350.72500000,0
1507129622,22757154,0.20784,328.19378283,1
1507129622,22757153,0.20785,383.27171717,1
1507129606,22757142,0.20790,4783.75406445,0
1507129604,22757141,0.20789,28.65110000,0
1507129603,22757140,0.20785,707.52828283,0
1507129602,22757138,0.20785,383.27171717,0
1507129538,22757091,0.20784,29000.00000000,1
1507129522,22757086,0.20784,270.00000000,0
1507129376,22756970,0.20646,1200.00000000,1
1507129256,22756906,0.20790,1659.86833461,0
1507129256,22756905,0.20789,99.26773000,0
1507129255,22756904,0.20750,1182.86393539,0
1507129241,22756858,0.20750,4108.61814000,0
1507129241,22756857,0.20749,117.94186000,0
1507129235,22756856,0.20750,97.10338200,0
1507129235,22756855,0.20748,224.65116000,0
1507129227,22756851,0.20749,200.00000000,0
1507129227,22756850,0.20746,224.65116000,0
1507129227,22756849,0.20745,5012.40609000,0
1507129227,22756848,0.20724,786.00000000,0
1507129206,22756842,0.20700,100.00000000,0
1507129200,22756809,0.20623,147.37029000,1
1507129100,22756752,0.20671,1449.08000000,0
1507129099,22756751,0.20671,6582.50142242,0
1507129099,22756750,0.20670,6162.98000000,0
1507129086,22756742,0.20671,30000.00000000,0
1507129069,22756728,0.20670,376.78039000,1
1507129065,22756725,0.20671,46997.71712066,0
1507129056,22756723,0.20670,447.65987000,1
1507129043,22756712,0.20670,531.87311000,1
1507129038,22756709,0.20671,200000.00000000,0
1507129030,22756699,0.20670,631.92845000,1
1507129024,22756688,0.20671,3224.96544400,0
1507129023,22756683,0.20671,4787.41299200,0
1507129018,22756677,0.20670,750.80607000,0
1507128984,22756652,0.20671,15950.28110344,0
1507128984,22756649,0.20670,2432.85496000,0
1507128976,22756628,0.20671,17575.14504000,0
1507128976,22756627,0.20670,2432.85496000,0
1507128952,22756610,0.20670,117.00000000,0
1507128904,22756587,0.20649,638.76951690,0
1507128902,22756585,0.20600,700.00000000,1
1507128902,22756584,0.20616,1300.00000000,1
1507128850,22756556,0.20616,83.35087350,0
1507128752,22756516,0.20600,2770.18119600,1
1507128674,22756473,0.20557,5935.92150025,0
1507128661,22756469,0.20557,7397.07849975,0
1507128661,22756468,0.20524,0.00000025,0
1507128587,22756443,0.20524,12610.31752300,0
1507128571,22756436,0.20524,10000.00000000,0
1507128569,22756433,0.20524,565.33874595,0
1507128560,22756430,0.20524,12291.00000000,0
1507128552,22756428,0.20471,148.68000000,1
1507128542,22756397,0.20524,10000.00000000,0
1507128523,22756373,0.20524,10000.00000000,0
1507128517,22756369,0.20524,10105.75943700,0
1507128515,22756364,0.20524,1275.93033900,0
1507128437,22756323,0.20537,689.17060000,0
1507128326,22756245,0.20528,973.44800000,0
1507128314,22756234,0.20525,973.44800000,0
1507128302,22756187,0.20525,973.44800000,0
1507128290,22756182,0.20525,973.44800000,0
1507128265,22756167,0.20525,973.44800000,0
1507128203,22756134,0.20519,973.78010000,0
1507128112,22756052,0.20518,445.51842285,0
1507128074,22756041,0.20480,1006.62970800,0
1507127709,22755814,0.20471,270.00000000,0
1507127622,22755782,0.20404,1019.15630000,1
1507127622,22755781,0.20404,1210.84370000,1
1507127622,22755780,0.20404,270.00000000,1
1507127451,22755655,0.20403,2500.00000000,1
1507127421,22755620,0.20402,36530.71978000,1
1507127421,22755619,0.20403,1136.84761000,1
1507127387,22755548,0.20402,3433.78101000,1
1507127387,22755546,0.20403,1256.25649000,1
1507127387,22755545,0.20405,15000.00000000,1
1507127386,22755544,0.20408,270.00000000,1
1507127331,22755501,0.20406,876.01318600,0
1507127331,22755500,0.20407,270.00000000,1
1507127292,22755493,0.20406,1123.46801100,1
1507126964,22755336,0.20402,5352.75968000,1
1507126962,22755333,0.20403,1506.24032000,1
1507126852,22755168,0.20442,1154.00000000,0
1507126743,22755051,0.20483,6531.91297013,0
1507126743,22755050,0.20482,2500.00000000,0
1507126743,22755049,0.20472,270.00000000,0
1507126605,22754986,0.20407,4707.08197660,0
1507126605,22754985,0.20407,270.00000000,1
1507126587,22754978,0.20403,1963.12121400,0
1507126586,22754977,0.20404,1664.36946000,1
1507126586,22754976,0.20405,1220.40410000,1
1507126503,22754940,0.20539,191.81160265,0
1507126503,22754938,0.20499,9.35866385,0
1507126501,22754937,0.20498,60.00000000,0
1507126479,22754892,0.20532,13317.34133615,1
1507126478,22754891,0.20532,2444.17000000,1
1507126477,22754890,0.20532,38020.61707800,1
1507126477,22754889,0.20532,4336.78764200,1
1507126477,22754888,0.20532,4697.54198300,1
1507126477,22754887,0.20532,3105.51039700,1
1507126475,22754886,0.20532,201.50280905,1
1507126474,22754885,0.20471,2294.79820000,0
1507126474,22754883,0.20471,2290.18850000,0
1507126474,22754882,0.20471,2300.88160000,0
1507126474,22754880,0.20471,2303.97400000,0
1507126474,22754879,0.20471,2298.84330000,0
1507126474,22754878,0.20471,2299.18920000,0
1507126474,22754877,0.20470,270.00000000,0
1507126403,22754859,0.20513,16546.89821089,0
1507126403,22754858,0.20512,5000.00000000,1
1507126403,22754857,0.20512,2500.00000000,1
1507126401,22754856,0.20505,270.00000000,0
1507126220,22754756,0.20450,12022.56030200,0
1507126197,22754747,0.20450,97.36048900,0
1507126100,22754716,0.20400,5707.45317200,0
1507126053,22754687,0.20399,97.79949997,0
1507126052,22754685,0.20399,144.23438158,0
1507126052,22754683,0.20398,754.32594000,0
1507125955,22754639,0.20464,2097.62603700,1
1507125932,22754631,0.20464,9791.13611100,1
1507125910,22754626,0.20464,2097.62603700,1
1507125876,22754618,0.20464,197.69106300,1
1507125861,22754597,0.20464,211.00000000,1
1507125855,22754595,0.20464,211.00000000,1
1507125849,22754589,0.20464,211.00000000,1
1507125848,22754588,0.20464,100.00000000,1
1507125846,22754584,0.20464,6641.85053200,1
1507125809,22754577,0.20464,30000.00000000,1
1507125752,22754458,0.20465,211.00000000,1
1507125744,22754455,0.20465,1485.23027600,1
1507125744,22754454,0.20466,270.00000000,1
1507125663,22754413,0.20464,47287.07022000,1
1507125663,22754412,0.20465,2367.92978000,1
1507125663,22754411,0.20466,270.00000000,1
1507125638,22754402,0.20465,83.78960000,0
1507125615,22754393,0.20464,1154.00000000,0
1507125481,22754317,0.20404,70.00000000,1
1507125398,22754252,0.20334,97.65720368,1
1507125395,22754251,0.20332,638.76952991,1
1507125381,22754244,0.20498,15055.78236000,0
1507125287,22754091,0.20275,208.68600000,1
1507125263,22754063,0.20266,15594.43864000,1
1507125263,22754061,0.20267,12530.08183000,1
1507125263,22754060,0.20268,535.39838000,1
1507125263,22754059,0.20381,2672.66045000,1
1507125263,22754058,0.20382,1206.42070000,1
1507125257,22754045,0.20791,18740.08932956,0
1507125257,22754044,0.20791,46097.62699000,1
1507125257,22754041,0.20760,700.00000000,0
1507125256,22754039,0.20760,638.76948509,1
1507125256,22754037,0.20740,700.00000000,0
1507125256,22754036,0.20720,700.00000000,0
1507125255,22754035,0.20720,183.15008000,1
1507125255,22754034,0.20710,25.00000000,0
1507125255,22754033,0.20700,2909.87816025,0
1507125255,22754032,0.20700,83549.28835749,0
1507125255,22754031,0.20700,915.75038000,1
1507125254,22754030,0.20690,4625.82193236,0
1507125254,22754029,0.20649,4877.90000000,0
1507125254,22754028,0.20629,97.84821592,0
1507125253,22754027,0.20568,920.21601000,0
1507125253,22754026,0.20568,4855.35440157,0
1507125253,22754025,0.20567,7015.59503200,1
1507125253,22754024,0.20564,34725.13700000,1
1507125252,22754023,0.20528,262.08673000,0
1507125252,22754022,0.20528,761.19700000,1
1507125252,22754021,0.20498,2303.22454500,0
1507125251,22754020,0.20496,1310.43364000,0
1507125247,22754012,0.20368,2534.59738903,1
1507125237,22754005,0.20497,12905.07717354,0
1507125217,22753961,0.20569,2665.38555000,1
1507125215,22753952,0.20700,28818.71164251,0
1507125215,22753949,0.20690,200.00000000,0
1507125215,22753948,0.20690,1216.00000000,0
1507125215,22753946,0.20690,4176.14117496,1
1507125215,22753944,0.20690,462.82173000,1
1507125215,22753943,0.20690,8707.60366100,1
1507125214,22753940,0.20666,6907.69086956,0
1507125214,22753939,0.20666,2807.75326800,1
1507125214,22753937,0.20666,7315.53394300,1
