date,tid,price,amount,type
1505433671,21261027,2734.28,0.40965277,0
1505433669,21261019,2741.00,0.21676732,0
1505433668,21261017,2740.99,1.48925281,1
1505433668,21261015,2737.68,0.02263000,0
1505433668,21261013,2734.29,0.27807929,0
1505433666,21261011,2730.66,0.06127477,0
1505433651,21260951,2730.82,0.10025000,0
1505433618,21260911,2717.14,0.01360754,1
1505433617,21260910,2717.90,0.30539246,1
1505433605,21260892,2717.91,0.69125907,1
1505433605,21260891,2718.01,0.30874093,1
1505433552,21260832,2717.64,0.17599983,1
1505433551,21260831,2717.65,0.00440457,1
1505433533,21260802,2731.02,0.01182995,0
1505433513,21260793,2717.24,0.19866462,1
1505433513,21260792,2717.30,0.10227312,1
1505433513,21260789,2717.30,0.00000366,1
1505433512,21260784,2717.30,0.31446289,1
1505433509,21260773,2717.30,1.68553345,1
1505433502,21260765,2717.21,0.00716000,1
1505433500,21260763,2717.21,0.03795300,1
1505433485,21260744,2731.18,0.08400032,0
1505433452,21260715,2733.40,0.28440606,0
1505433452,21260714,2733.00,0.65000914,0
1505433452,21260712,2732.99,0.03862873,0
1505433452,21260711,2730.39,0.21526882,0
1505433452,21260710,2730.38,0.19138362,0
1505433452,21260709,2730.38,0.04303700,0
1505433429,21260704,2716.01,0.02920000,1
1505433396,21260689,2715.81,0.02920000,1
1505433395,21260687,2715.81,0.00878000,1
1505433337,21260527,2715.00,6.25958271,0
1505433336,21260524,2715.00,0.03322310,0
1505433335,21260523,2713.61,0.18500000,0
1505433335,21260522,2712.76,0.03847442,0
1505433330,21260496,2712.76,0.01986608,0
1505433326,21260479,2703.70,0.16765978,1
1505433326,21260476,2703.70,1.49168888,1
1505433325,21260470,2712.75,0.22108600,0
1505433324,21260457,2703.67,0.16765730,1
1505433315,21260426,2712.76,0.69937148,0
1505433314,21260423,2712.75,0.55697445,0
1505433309,21260395,2703.11,0.05627400,1
1505433288,21260316,2714.97,0.36114480,0
1505433270,21260264,2714.99,0.35529496,0
1505433262,21260240,2713.61,0.16766198,0
1505433262,21260239,2707.99,0.01033802,0
1505433259,21260230,2695.82,1.58333763,0
1505433258,21260228,2695.82,0.71344208,1
1505433258,21260226,2695.82,0.01047183,1
1505433254,21260220,2708.00,0.05915585,0
1505433253,21260219,2707.99,0.01020421,0
1505433248,21260205,2695.75,0.34796778,1
1505433248,21260204,2695.75,0.17589761,0
1505433248,21260203,2695.75,0.01064300,0
1505433248,21260202,2697.29,0.25913447,1
1505433248,21260201,2700.00,0.04000000,1
1505433247,21260200,2700.00,0.02000000,1
1505433247,21260199,2700.00,0.25000000,1
1505433247,21260198,2700.00,0.18333333,1
1505433247,21260197,2700.00,1.00000000,1
1505433247,21260196,2700.00,0.09440783,1
1505433247,21260195,2700.00,0.10500000,1
1505433247,21260194,2700.00,0.10000000,1
1505433247,21260193,2700.00,0.10000000,1
1505433247,21260192,2700.00,0.10000000,1
1505433247,21260191,2700.00,0.05000000,1
1505433246,21260189,2700.00,1.10614074,1
1505433246,21260187,2700.00,0.10000000,1
1505433246,21260186,2700.00,0.20000000,1
1505433246,21260185,2700.00,0.01000000,1
1505433246,21260184,2700.00,0.00365380,1
1505433246,21260183,2700.00,0.18472222,1
1505433246,21260182,2700.00,0.05000000,1
1505433246,21260181,2700.00,1.00000000,1
1505433246,21260180,2700.00,0.10000000,1
1505433246,21260178,2700.00,0.02000000,1
1505433246,21260177,2700.00,0.36944075,1
1505433245,21260176,2700.00,0.10000000,1
1505433245,21260174,2700.00,0.65000000,1
1505433245,21260172,2700.00,1.00000000,1
1505433245,21260170,2700.00,0.00500000,1
1505433245,21260169,2700.00,4.75598394,1
1505433245,21260168,2700.00,0.01851900,1
1505433245,21260167,2700.00,0.40000000,1
1505433245,21260166,2700.00,0.34397863,1
1505433245,21260164,2700.00,0.02000000,1
1505433244,21260163,2700.00,0.07000000,1
1505433244,21260162,2700.00,0.03703000,1
1505433244,21260161,2700.00,0.10000000,1
1505433244,21260160,2700.00,0.01000000,1
1505433244,21260159,2700.00,0.10000000,1
1505433244,21260158,2700.00,1.66764266,1
1505433244,21260157,2700.00,0.00185600,1
1505433244,21260156,2700.00,0.05000000,1
1505433244,21260155,2700.00,0.00800000,1
1505433244,21260154,2700.00,0.00380000,1
1505433243,21260153,2700.36,1.15101694,1
1505433243,21260152,2700.44,0.00369199,1
1505433243,21260151,2700.47,0.07387603,1
1505433243,21260150,2701.00,1.00000000,1
1505433243,21260149,2701.00,1.00000000,1
1505433242,21260148,2701.53,0.99324087,1
1505433242,21260147,2701.71,0.14000000,1
1505433242,21260146,2702.74,0.00442884,1
1505433242,21260145,2703.03,2.18399268,1
1505433241,21260144,2703.50,0.71400000,1
1505433241,21260143,2703.74,0.02590000,1
1505433241,21260142,2704.59,0.01843902,1
1505433240,21260141,2705.00,0.10000000,1
1505433240,21260140,2705.00,0.01843808,1
1505433240,21260139,2705.00,0.10372893,1
1505433240,21260138,2705.00,1.00000000,1
1505433240,21260137,2705.00,5.00000000,1
1505433240,21260136,2705.00,0.12208957,1
1505433240,21260134,2705.87,0.02500000,1
1505433238,21260131,2708.00,0.00000529,1
1505433238,21260130,2708.00,0.11568317,1
1505433237,21260129,2708.00,0.13431154,1
1505433237,21260128,2708.03,0.11568846,1
1505433195,21260084,2709.00,0.10000000,1
1505433195,21260083,2709.00,0.00827781,1
1505433193,21260080,2713.89,0.49139578,0
1505433189,21260077,2709.00,0.02172219,1
1505433189,21260075,2709.14,0.02518881,1
1505433162,21260041,2710.00,0.14181181,1
1505433148,21260026,2710.00,0.01226500,1
1505433148,21260025,2710.00,0.05000000,1
1505433148,21260024,2710.00,0.09544400,1
1505433140,21260013,2710.00,0.15455600,1
1505433140,21260012,2710.00,0.99284000,1
1505433131,21259997,2710.00,0.00716000,1
1505433126,21259990,2715.00,0.47639238,0
1505433126,21259989,2714.47,0.14226480,0
1505433124,21259987,2714.46,0.24481200,0
1505433107,21259957,2714.46,0.08184926,0
1505433089,21259916,2714.46,0.11548874,0
1505433066,21259829,2715.00,0.74460405,0
1505433064,21259821,2714.99,0.17400000,0
1505433059,21259807,2710.01,0.02388800,1
1505433059,21259805,2713.68,0.00045000,1
1505433038,21259706,2713.68,0.01285000,1
1505433012,21259629,2715.00,0.35445721,0
1505432998,21259606,2715.00,0.08646970,0
1505432993,21259595,2714.99,0.05216962,0
1505432987,21259587,2715.00,1.03653000,0
1505432986,21259584,2715.00,0.36313483,0
1505432982,21259566,2715.00,0.07630128,0
1505432977,21259556,2715.00,0.41356659,0
1505432970,21259544,2714.84,0.17212563,0
1505432969,21259543,2714.84,0.30657063,0
1505432965,21259537,2714.84,0.50639640,0
1505432952,21259518,2714.84,0.30785027,0
1505432946,21259508,2714.84,0.23836570,0
1505432930,21259483,2715.00,0.15573815,0
1505432930,21259481,2714.99,0.21070100,0
1505432914,21259457,2727.59,0.03549266,0
1505432899,21259427,2728.02,0.01280445,0
1505432873,21259403,2728.47,0.08019580,0
1505432873,21259402,2715.29,0.05870772,0
1505432867,21259396,2715.29,0.55524515,0
1505432867,21259395,2715.28,0.04432693,0
1505432861,21259391,2715.29,1.39236816,0
1505432861,21259390,2715.29,0.58272306,0
1505432856,21259384,2715.29,0.13242651,0
1505432856,21259381,2715.29,0.06458093,0
1505432852,21259372,2715.29,0.07742819,0
1505432839,21259331,2710.10,4.71509717,1
1505432839,21259330,2711.11,0.01000000,1
1505432838,21259328,2711.24,0.08000000,1
1505432838,21259327,2713.00,1.30000000,1
1505432838,21259326,2713.10,3.09520000,1
1505432838,21259324,2714.00,0.20000000,1
1505432838,21259322,2714.84,0.18500000,1
1505432838,21259320,2714.84,0.11022012,1
1505432838,21259318,2714.84,0.30448271,1
1505432837,21259314,2715.29,0.05169491,0
1505432835,21259312,2715.29,0.06948655,0
1505432826,21259297,2715.29,0.34165043,0
1505432819,21259282,2715.29,0.01817347,0
1505432809,21259263,2715.29,0.00188000,0
1505432793,21259214,2715.29,0.07916677,0
1505432783,21259189,2714.84,0.09292654,1
1505432778,21259177,2715.29,0.00406476,0
1505432749,21259086,2714.84,0.20587900,1
1505432745,21259073,2715.29,0.02812907,0
1505432742,21259057,2715.29,0.50227528,0
1505432736,21259037,2715.29,0.00183774,0
1505432727,21259014,2715.57,0.04283020,1
1505432727,21259013,2718.00,0.09000000,1
1505432720,21259003,2733.40,0.05234410,0
1505432720,21259002,2733.39,0.05215852,0
1505432715,21258993,2715.56,0.20716980,0
1505432715,21258989,2715.56,0.05000000,1
1505432712,21258981,2715.57,0.01651206,0
1505432708,21258966,2715.56,0.04350700,0
1505432705,21258954,2715.56,0.22625500,1
1505432703,21258941,2715.56,0.22634000,1
1505432696,21258911,2715.53,0.07119421,0
1505432689,21258892,2715.52,0.23369852,1
1505432671,21258854,2715.45,0.70000000,1
1505432632,21258802,2715.01,0.01000000,1
1505432630,21258800,2715.01,0.01000000,1
1505432628,21258790,2715.00,0.01000000,1
1505432626,21258786,2715.00,0.01000000,1
1505432624,21258783,2715.03,0.01000000,1
1505432623,21258779,2714.91,0.01000000,1
1505432621,21258778,2714.91,0.01000000,1
1505432620,21258777,2714.84,0.01000000,1
1505432618,21258774,2714.90,0.01000000,1
1505432618,21258773,2734.98,0.51127527,0
1505432617,21258770,2714.90,0.01000000,1
1505432615,21258767,2714.89,0.01000000,1
1505432613,21258763,2714.89,0.01000000,1
1505432612,21258758,2714.89,0.01000000,1
1505432610,21258755,2714.92,0.01000000,1
1505432608,21258750,2734.89,0.01000000,1
1505432607,21258745,2723.31,0.01000000,1
1505432604,21258737,2723.32,0.01000000,1
1505432603,21258733,2734.98,0.04118640,0
1505432598,21258722,2734.98,0.04436696,0
1505432590,21258714,2723.66,0.01000000,1
1505432582,21258704,2734.99,0.05405141,0
1505432572,21258696,2734.99,0.08232696,0
1505432554,21258648,2734.99,0.00186000,0
1505432545,21258638,2734.99,0.06786817,0
1505432530,21258576,2734.98,0.02065741,0
1505432527,21258564,2734.99,0.63618148,0
1505432527,21258563,2734.85,0.52208340,1
1505432526,21258560,2734.85,0.24872911,1
1505432526,21258559,2734.85,0.30700405,0
1505432517,21258541,2734.85,0.10574649,0
1505432512,21258539,2734.86,0.09745738,0
1505432496,21258520,2734.95,0.15095189,0
1505432491,21258505,2734.96,0.01991777,0
1505432453,21258378,2742.89,0.07012107,0
1505432450,21258355,2744.86,0.08492608,1
1505432449,21258349,2744.83,0.11224094,0
1505432442,21258316,2720.92,0.05413801,1
1505432442,21258315,2721.22,0.01600000,1
1505432430,21258231,2745.17,0.10625254,1
1505432429,21258220,2730.59,0.02263000,1
1505432418,21258157,2738.80,0.34251863,0
1505432413,21258135,2738.80,0.34252241,0
1505432412,21258133,2730.53,0.01840163,1
1505432380,21258057,2738.63,0.01000000,1
1505432378,21258053,2752.67,0.07993813,1
1505432378,21258052,2752.67,0.01000000,1
1505432376,21258051,2746.63,0.17500000,0
1505432371,21258042,2752.70,0.18118574,0
1505432370,21258041,2752.70,0.60898309,1
1505432370,21258040,2752.70,0.18158253,1
1505432370,21258039,2748.25,0.17227180,0
1505432368,21258037,2746.66,0.01951315,0
1505432359,21258021,2730.00,0.50924756,1
1505432359,21258019,2730.00,0.02502700,1
1505432352,21258004,2746.60,0.04724843,0
1505432351,21257995,2729.81,1.07631301,1
1505432349,21257992,2729.81,0.99869300,1
1505432333,21257969,2746.66,0.01048685,0
1505432295,21257911,2729.11,0.16000000,1
1505432263,21257845,2728.51,0.01000000,1
1505432261,21257844,2728.50,0.01000000,1
1505432259,21257842,2728.41,0.01000000,1
1505432258,21257841,2728.41,0.01000000,1
1505432256,21257835,2728.41,0.01000000,1
1505432255,21257833,2747.01,0.03973158,0
1505432249,21257821,2747.01,0.26985317,0
1505432245,21257813,2728.30,0.01000000,1
1505432244,21257809,2728.30,0.30000000,1
1505432243,21257804,2728.21,0.01000000,1
1505432237,21257789,2728.20,0.01000000,1
1505432230,21257779,2728.10,0.01000000,1
1505432228,21257775,2728.01,0.01000000,1
1505432227,21257773,2728.01,0.01000000,1
1505432226,21257770,2728.00,0.01000000,1
1505432174,21257597,2747.33,0.12436970,0
1505432174,21257595,2735.32,0.05511639,0
1505432173,21257591,2735.32,0.03081062,0
1505432172,21257584,2727.53,0.51864733,1
1505432170,21257570,2735.32,0.35317439,0
1505432168,21257561,2735.32,0.03083369,0
1505432158,21257526,2727.40,0.02245667,1
1505432150,21257490,2735.04,0.74817553,0
1505432146,21257477,2735.04,0.00182447,0
1505432139,21257467,2735.04,0.19212233,0
1505432139,21257465,2735.04,0.02594100,0
1505432109,21257431,2734.70,0.01066652,0
1505432076,21257382,2720.17,0.00450000,0
1505432073,21257379,2714.84,0.38671175,1
1505432073,21257378,2715.00,0.42300000,1
1505432072,21257377,2716.00,1.00000000,1
1505432072,21257376,2716.00,0.09046768,1
1505432072,21257375,2720.42,0.14226480,1
1505432072,21257374,2720.49,0.29541002,1
1505432054,21257334,2734.19,0.22115889,0
1505432052,21257331,2734.20,1.00401000,0
1505432049,21257324,2734.17,0.03354124,0
1505432017,21257244,2734.40,0.00513269,0
1505432007,21257231,2734.40,0.17019824,0
1505431991,21257213,2734.53,0.05025000,0
1505431988,21257209,2734.53,0.00786829,0
1505431952,21257164,2734.53,0.03521785,0
1505431937,21257107,2734.53,0.08379268,0
1505431936,21257106,2734.53,0.00456479,0
1505431934,21257102,2734.53,0.17600000,0
1505431898,21257070,2734.58,0.00000365,1
1505431897,21257068,2730.00,0.09134433,1
1505431895,21257062,2734.68,0.02158392,0
1505431895,21257061,2726.71,0.01457801,0
1505431889,21257045,2725.96,0.09999633,0
1505431889,21257044,2725.94,0.07337665,0
1505431843,21256934,2716.00,0.05182976,1
1505431818,21256870,2716.00,0.04431517,1
1505431811,21256848,2716.80,0.00000367,1
1505431801,21256806,2716.80,0.49999633,1
1505431786,21256777,2716.00,0.09925000,1
1505431774,21256751,2716.06,0.02337003,1
1505431766,21256732,2716.06,0.10000000,0
1505431763,21256726,2716.06,0.01823207,1
1505431743,21256678,2717.02,0.02029798,0
1505431737,21256660,2716.99,0.02030560,1
1505431736,21256656,2717.02,0.02499458,1
1505431732,21256647,2728.26,0.13489354,0
1505431732,21256645,2716.99,0.00317000,0
1505431722,21256627,2716.00,0.06482067,1
1505431722,21256625,2716.22,0.08051680,1
1505431722,21256623,2716.99,0.89496796,1
1505431722,21256621,2716.99,0.31425585,1
1505431720,21256612,2716.99,4.99870390,1
1505431718,21256593,2717.00,0.00129610,1
1505431702,21256578,2717.00,0.02370390,1
1505431696,21256565,2717.00,0.02500000,0
1505431694,21256563,2716.99,0.08088000,1
1505431687,21256532,2716.99,0.12570937,1
1505431687,21256531,2722.99,0.16850961,1
1505431685,21256523,2717.00,0.09999633,1
1505431678,21256511,2716.99,3.58548292,1
1505431678,21256510,2720.00,0.10000000,1
1505431678,21256509,2720.00,0.02000000,1
1505431678,21256508,2720.00,0.92943400,1
1505431677,21256502,2720.01,0.80957935,1
1505431676,21256501,2723.00,0.00765775,1
1505431670,21256478,2723.00,0.03582142,1
1505431665,21256456,2723.00,0.01076982,1
1505431657,21256431,2723.00,0.04575101,1
1505431637,21256407,2723.70,1.99450785,1
1505431636,21256406,2730.00,0.26845105,0
1505431636,21256405,2729.99,0.09285713,0
1505431616,21256368,2729.99,0.01370000,0
1505431589,21256310,2729.99,0.00941234,0
1505431585,21256293,2729.99,0.00888468,0
1505431540,21256116,2725.00,0.03000000,0
1505431536,21256085,2720.32,0.12994060,0
1505431531,21256064,2720.30,0.35019000,1
1505431529,21256051,2720.21,0.02723916,1
1505431529,21256050,2725.00,0.01561208,1
1505431529,21256048,2725.00,0.01063595,1
1505431528,21256046,2725.00,0.00456471,1
1505431521,21255998,2735.06,0.82553250,1
1505431520,21255997,2735.06,0.16880400,1
1505431501,21255928,2725.05,0.00055900,0
1505431500,21255925,2725.00,0.07000000,0
1505431498,21255912,2720.01,0.04846507,1
1505431495,21255900,2720.00,0.02868015,1
1505431494,21255893,2720.00,0.01938645,1
1505431493,21255892,2720.03,0.10000000,0
1505431493,21255891,2720.00,0.02249940,1
1505431493,21255889,2720.07,0.22485935,1
1505431493,21255885,2721.50,0.04125000,1
1505431493,21255883,2723.35,0.10000000,1
1505431492,21255880,2725.00,0.20000000,1
1505431492,21255878,2725.00,0.00463144,1
1505431492,21255877,2725.01,0.00000246,1
1505431491,21255872,2725.01,0.17299754,1
1505431487,21255863,2725.00,0.01517889,1
1505431484,21255851,2725.00,0.06913038,1
1505431484,21255847,2725.00,0.06105929,1
1505431484,21255845,2725.00,0.00500000,1
1505431483,21255843,2725.00,0.02500000,1
1505431483,21255840,2726.50,0.05487840,1
1505431483,21255838,2730.00,0.01000000,1
1505431483,21255836,2730.00,0.10000000,1
1505431483,21255835,2730.00,0.01831500,1
1505431483,21255833,2730.01,0.37831242,1
1505431482,21255827,2730.01,0.02563000,1
1505431480,21255819,2730.01,0.02535100,1
1505431474,21255787,2730.01,0.07070658,1
1505431445,21255748,2735.10,0.03355160,0
1505431436,21255732,2735.29,0.00041306,0
1505431436,21255731,2735.28,0.01781901,0
1505431408,21255675,2735.32,0.14036197,0
1505431408,21255674,2735.31,0.03563803,0
1505431395,21255593,2730.05,0.03096000,1
1505431388,21255567,2735.32,0.17500000,0
1505431382,21255548,2735.32,0.17500000,0
1505431379,21255544,2730.12,0.07527276,1
1505431376,21255534,2730.09,0.18068900,1
1505431376,21255533,2730.09,0.33109211,1
1505431371,21255521,2730.02,0.29109583,1
1505431365,21255494,2731.72,0.02599416,1
1505431365,21255493,2731.99,0.00730237,1
1505431365,21255492,2733.50,0.20000000,1
1505431364,21255490,2733.93,0.01272246,1
1505431364,21255488,2735.26,0.00437618,1
1505431352,21255442,2740.00,0.00731015,0
1505431349,21255435,2740.00,0.17500000,0
1505431343,21255421,2740.00,0.17500000,0
1505431334,21255377,2749.20,0.11502889,0
1505431332,21255370,2749.20,0.00795312,0
1505431325,21255351,2749.20,0.25000000,0
1505431318,21255328,2750.01,0.00033660,1
1505431317,21255326,2750.01,0.00772317,1
1505431313,21255299,2761.00,0.06646142,1
1505431309,21255275,2737.00,0.05000000,1
1505431309,21255273,2738.00,0.13050157,1
1505431309,21255271,2742.47,0.07030742,1
1505431308,21255268,2738.00,0.11949843,1
1505431308,21255267,2738.01,0.00000255,1
1505431308,21255264,2753.50,0.13909415,0
1505431308,21255263,2750.01,0.08347894,0
1505431307,21255262,2750.00,0.05855359,0
1505431307,21255258,2738.01,0.69999745,1
1505431306,21255249,2740.00,0.16214964,1
1505431306,21255246,2740.00,1.23707489,1
1505431306,21255243,2740.00,0.02000000,1
1505431306,21255239,2740.00,0.10000000,1
1505431306,21255237,2740.00,10.00000000,1
1505431305,21255235,2741.00,1.00000000,1
1505431305,21255232,2741.00,0.40558854,1
1505431305,21255230,2742.00,0.10000000,1
1505431305,21255228,2742.00,0.50000000,1
1505431305,21255226,2743.00,0.10000000,1
1505431305,21255222,2743.00,1.50000000,1
1505431304,21255220,2744.00,0.02532952,1
1505431302,21255205,2744.00,0.07467048,1
1505431300,21255197,2745.78,0.00435942,1
1505431300,21255194,2747.00,0.30000000,1
1505431300,21255190,2749.79,1.00000000,1
1505431300,21255188,2750.00,1.00000000,1
1505431300,21255185,2750.00,4.55536000,1
1505431299,21255184,2750.00,0.10000000,1
1505431299,21255183,2750.00,0.07233144,1
1505431299,21255182,2750.00,0.55000000,1
1505431299,21255179,2750.00,0.05000000,1
1505431299,21255176,2750.00,0.20000000,1
1505431299,21255175,2750.00,0.25000000,1
1505431298,21255174,2750.00,0.78550136,1
1505431296,21255160,2750.01,0.10800000,0
1505431296,21255156,2750.00,0.11000000,1
1505431295,21255152,2750.01,0.00845152,0
1505431294,21255145,2750.00,0.09074596,1
1505431293,21255140,2750.00,0.01375268,1
1505431293,21255139,2750.00,0.10000000,1
1505431293,21255137,2750.00,0.07000000,1
1505431293,21255135,2750.00,0.27572132,1
1505431289,21255114,2750.00,0.08841652,1
1505431288,21255111,2750.01,0.37431912,0
1505431287,21255104,2750.00,0.02505755,1
1505431282,21255073,2750.00,0.01080461,1
1505431282,21255072,2750.01,1.98919539,1
1505431276,21255049,2750.04,0.02683000,1
1505431256,21254928,2750.01,0.16267077,1
1505431256,21254927,2750.02,0.11723529,1
1505431256,21254926,2750.41,0.03000000,1
1505431249,21254912,2757.40,0.02500000,0
1505431248,21254911,2750.44,0.04480464,1
1505431248,21254909,2751.66,0.05217941,1
1505431244,21254897,2757.49,0.02500000,0
1505431241,21254885,2757.50,0.02500000,0
1505431227,21254795,2757.56,0.03223207,0
1505431227,21254794,2757.56,0.00414820,0
1505431225,21254780,2751.71,0.27796612,1
1505431224,21254778,2753.43,0.00434730,1
1505431223,21254776,2753.50,0.00433375,1
1505431220,21254770,2753.50,0.04566625,1
1505431220,21254767,2755.00,0.12500000,1
1505431219,21254765,2755.00,0.33578637,1
1505431219,21254763,2755.32,0.01000000,1
1505431219,21254761,2756.94,0.00500000,1
1505431218,21254757,2757.18,0.01000000,1
1505431218,21254755,2757.77,1.89202497,1
1505431218,21254754,2757.77,2.00000000,1
1505431213,21254750,2757.77,2.00000000,1
1505431213,21254748,2760.00,0.37200884,1
1505431210,21254744,2760.00,0.04438044,1
1505431208,21254736,2760.00,0.07933696,1
1505431207,21254734,2762.99,0.10256558,0
1505431207,21254733,2761.00,0.06350451,0
1505431207,21254732,2761.00,0.06383941,0
1505431206,21254731,2760.00,0.00427376,1
1505431206,21254730,2760.75,0.01000000,1
1505431206,21254729,2761.00,0.04839324,1
1505431205,21254721,2761.00,0.07894677,1
1505431199,21254706,2761.00,0.07878560,1
1505431193,21254692,2763.79,0.03523949,0
1505431189,21254676,2764.38,0.12666265,1
1505431182,21254658,2764.66,0.09347191,1
1505431166,21254605,2764.66,0.15781700,1
1505431158,21254587,2769.95,0.06980899,0
1505431155,21254584,2769.99,0.12710090,0
1505431132,21254535,2770.00,0.14503002,1
1505431130,21254529,2777.00,0.00356507,0
1505431123,21254505,2770.00,0.10496998,1
1505431122,21254502,2770.00,0.04423902,1
1505431100,21254462,2777.22,0.01629499,0
1505431086,21254438,2777.45,0.01740656,0
1505431082,21254437,2770.00,0.03234493,1
1505431061,21254398,2786.02,0.03580376,1
1505431051,21254380,2779.38,0.01006447,0
1505431032,21254349,2770.00,0.16369277,1
1505431032,21254348,2774.00,0.00004756,1
1505431030,21254339,2779.38,0.10062800,0
1505431022,21254324,2774.00,0.11807276,1
1505431022,21254323,2774.01,0.00359400,1
1505431022,21254321,2779.49,0.03081290,0
1505431012,21254309,2779.49,0.03086680,0
1505431001,21254297,2779.49,0.03092072,0
1505430990,21254286,2779.49,0.03097253,0
1505430982,21254278,2779.49,0.02691501,0
1505430921,21254216,2780.00,0.22938635,0
1505430918,21254209,2780.00,0.02505755,0
1505430916,21254204,2780.00,0.02438171,0
1505430916,21254203,2779.99,0.17964094,0
1505430916,21254202,2779.99,0.02518270,0
1505430914,21254196,2779.99,0.00014670,1
1505430911,21254193,2779.99,0.19245000,0
1505430874,21254155,2780.00,0.17175630,0
1505430870,21254148,2780.00,0.03250000,0
1505430867,21254142,2774.01,0.07461527,1
1505430858,21254129,2780.00,0.02862934,0
1505430851,21254111,2780.00,0.00358992,0
1505430837,21254089,2774.00,1.89460836,1
1505430837,21254088,2774.34,0.08559154,1
1505430836,21254083,2775.43,3.01800000,0
1505430835,21254082,2775.43,1.00000000,1
1505430808,21254042,2780.00,0.03588129,0
1505430792,21254021,2788.00,0.04041694,0
1505430788,21254012,2788.00,0.40890819,0
1505430783,21254003,2796.09,0.22776611,0
1505430783,21254002,2788.89,0.00930000,0
1505430773,21253983,2788.85,0.01490775,0
1505430766,21253975,2774.38,0.00519717,0
1505430763,21253969,2774.34,0.02981549,1
1505430762,21253966,2774.34,0.08554444,0
1505430759,21253958,2774.34,0.14428680,0
1505430757,21253953,2774.38,0.25000000,0
1505430755,21253950,2774.39,0.50028703,1
1505430755,21253948,2774.39,0.23591300,1
1505430750,21253938,2788.83,0.01674969,0
1505430732,21253883,2788.93,0.14241279,0
1505430729,21253870,2774.02,0.00930000,1
1505430710,21253817,2774.47,0.36692859,1
1505430706,21253803,2774.46,0.11857684,1
1505430679,21253709,2775.41,0.00461456,1
1505430679,21253708,2780.00,0.00538544,1
1505430677,21253704,2780.06,0.01000000,1
1505430672,21253684,2780.00,0.14461456,0
1505430671,21253682,2775.21,0.01000000,1
1505430669,21253675,2775.31,0.01000000,1
1505430668,21253674,2780.00,0.05000000,1
1505430668,21253672,2780.00,0.19000000,1
1505430668,21253671,2789.00,0.36481544,1
1505430667,21253669,2789.00,0.01000000,1
1505430665,21253666,2789.00,0.01000000,1
1505430664,21253655,2789.00,0.21388670,1
1505430663,21253649,2789.00,0.01000000,1
1505430661,21253642,2789.00,0.01000000,1
1505430659,21253631,2789.00,0.01000000,1
1505430658,21253628,2796.75,0.00615222,0
1505430658,21253627,2794.08,0.01000000,1
1505430656,21253622,2794.08,0.01809778,0
1505430656,21253621,2789.00,0.01000000,1
1505430654,21253616,2789.00,0.01000000,1
1505430653,21253614,2789.00,0.01000000,1
1505430652,21253612,2789.00,0.35409917,1
1505430651,21253609,2789.00,0.01000000,1
1505430649,21253601,2789.00,0.01000000,1
1505430647,21253588,2789.00,0.01000000,1
1505430645,21253583,2789.01,0.01000000,1
1505430644,21253580,2789.08,0.01000000,1
1505430643,21253579,2796.75,0.36081165,0
1505430643,21253576,2796.63,0.03619555,0
1505430642,21253575,2796.60,0.01000000,1
1505430641,21253573,2796.60,0.66301762,0
1505430640,21253570,2789.01,0.01000000,1
1505430638,21253569,2789.01,0.01000000,1
1505430633,21253558,2789.01,0.30648520,1
1505430615,21253507,2806.19,0.54614518,1
1505430615,21253504,2801.36,0.01500000,0
1505430614,21253499,2799.04,0.05362703,1
1505430614,21253498,2799.04,0.09000000,0
1505430613,21253497,2798.85,0.17400000,0
1505430609,21253484,2798.90,0.33698238,1
1505430609,21253482,2798.85,0.65158057,1
1505430609,21253481,2790.76,0.23852798,0
1505430607,21253476,2790.74,0.02104332,0
1505430606,21253471,2789.00,0.04178350,1
1505430599,21253456,2789.00,0.02000000,1
1505430598,21253450,2789.00,0.14000000,1
1505430596,21253448,2789.00,0.02000000,1
1505430593,21253444,2789.00,0.02000000,1
1505430591,21253439,2789.00,0.02000000,1
1505430588,21253436,2789.00,0.02000000,1
1505430587,21253435,2789.00,0.14013100,1
1505430585,21253430,2789.00,0.02000000,1
1505430583,21253418,2789.00,0.02000000,1
1505430580,21253402,2789.00,0.02000000,1
1505430580,21253397,2789.00,0.08221810,1
1505430578,21253373,2789.00,0.02000000,1
1505430576,21253365,2789.00,0.07363211,1
1505430576,21253362,2789.00,0.02000000,1
1505430573,21253356,2789.00,0.02000000,1
1505430568,21253349,2789.00,0.02000000,1
1505430565,21253339,2789.00,0.02000000,1
1505430562,21253331,2789.00,0.02000000,1
1505430560,21253324,2789.00,0.11731000,1
1505430560,21253322,2789.00,0.02000000,1
1505430557,21253318,2789.00,0.20000000,1
1505430557,21253316,2789.00,0.02000000,1
1505430556,21253313,2789.00,0.37031300,1
1505430555,21253309,2789.00,0.12633000,1
1505430555,21253308,2789.00,0.02000000,1
1505430553,21253304,2789.00,0.07902204,1
1505430550,21253300,2790.76,0.03700718,0
1505430550,21253295,2789.00,0.06272000,1
1505430537,21253283,2789.00,0.03142100,1
1505430534,21253276,2789.00,0.38463600,1
1505430533,21253273,2789.00,0.38675600,1
1505430531,21253268,2789.00,0.02000000,1
1505430528,21253260,2789.00,0.02000000,1
1505430527,21253233,2789.00,0.13017900,1
1505430525,21253216,2789.00,0.51309900,1
1505430523,21253210,2789.00,0.02000000,1
1505430522,21253209,2789.00,0.25657100,1
1505430520,21253200,2789.00,0.10999000,1
1505430520,21253199,2789.00,0.02000000,1
1505430518,21253189,2789.00,0.28306000,1
1505430517,21253185,2789.00,0.02000000,1
1505430516,21253177,2789.00,1.24928000,1
1505430514,21253174,2789.00,0.02000000,1
1505430514,21253172,2789.00,0.05535510,1
1505430512,21253166,2789.00,0.02000000,1
1505430512,21253165,2789.00,0.26876300,1
1505430509,21253153,2789.00,0.02000000,1
1505430509,21253152,2789.00,0.12876659,1
1505430508,21253151,2789.00,0.31305700,1
1505430507,21253145,2789.00,0.02000000,1
1505430506,21253144,2800.00,1.22902100,1
1505430504,21253135,2800.00,0.02000000,1
1505430503,21253129,2800.00,1.66097900,1
1505430502,21253128,2798.46,0.09000000,0
1505430502,21253126,2796.00,2.00000000,0
1505430501,21253123,2789.00,0.02000000,1
1505430499,21253114,2789.00,0.02000000,1
1505430496,21253103,2789.00,0.02000000,1
1505430494,21253100,2789.00,0.02000000,1
1505430491,21253096,2789.00,0.02000000,1
1505430490,21253094,2796.20,0.03440499,0
1505430489,21253091,2789.00,0.02000000,1
1505430486,21253086,2789.00,0.02000000,1
1505430484,21253077,2789.00,0.02000000,1
1505430483,21253075,2789.00,0.12950513,1
1505430483,21253074,2789.06,0.33950987,1
1505430477,21253064,2789.00,0.02000000,1
1505430475,21253060,2789.00,0.02000000,1
1505430474,21253057,2796.40,0.39153345,0
1505430473,21253056,2789.00,0.01000000,1
1505430472,21253053,2789.00,0.02000000,1
1505430472,21253050,2796.49,0.03384094,0
1505430472,21253048,2789.00,0.01000000,1
1505430470,21253044,2789.00,0.01000000,1
1505430470,21253041,2789.00,0.02000000,1
1505430468,21253037,2789.00,0.01000000,1
1505430467,21253032,2789.00,0.02000000,1
1505430466,21253031,2789.00,0.01000000,1
1505430464,21253030,2789.03,0.01000000,1
1505430464,21253028,2789.00,0.02000000,1
1505430463,21253026,2789.00,0.01000000,1
1505430462,21253022,2789.00,0.01000000,1
1505430461,21253018,2789.00,0.02000000,1
1505430459,21253013,2789.00,0.01000000,1
1505430458,21253010,2789.00,0.02000000,1
1505430457,21253007,2789.00,0.01000000,1
1505430456,21253002,2789.00,0.01000000,1
1505430454,21252999,2789.00,0.01000000,1
1505430452,21252995,2789.00,0.01000000,1
1505430452,21252994,2796.84,0.27494238,0
1505430450,21252986,2789.00,0.01000000,1
1505430450,21252984,2789.00,0.28428039,1
1505430448,21252982,2789.00,0.01000000,1
1505430446,21252973,2789.00,1.15501973,1
1505430445,21252969,2780.00,0.01000000,1
1505430410,21252939,2797.53,0.01002847,0
1505430389,21252929,2797.86,0.01000000,0
1505430343,21252886,2773.72,0.01000000,1
1505430341,21252884,2776.21,0.01000000,1
1505430339,21252883,2773.72,0.00590000,1
1505430339,21252882,2775.93,0.00410000,1
1505430337,21252881,2775.93,0.01000000,1
1505430250,21252817,2789.94,0.02025000,0
1505430246,21252810,2788.12,0.20636562,0
1505430246,21252808,2788.12,0.13884073,0
1505430208,21252731,2771.21,0.14475471,1
1505430175,21252686,2770.70,0.35530875,0
1505430170,21252678,2788.96,0.01226069,0
1505430169,21252676,2788.95,0.03428902,0
1505430102,21252628,2770.09,0.02000000,1
1505430093,21252627,2789.89,0.58328384,0
1505430079,21252618,2770.00,0.30420705,1
1505430079,21252617,2770.00,0.01805054,1
1505430078,21252616,2770.07,1.00000000,1
1505430078,21252615,2782.75,0.23266025,1
1505430078,21252613,2783.00,0.00360000,1
1505430078,21252612,2783.00,0.18017866,1
1505430078,21252611,2783.00,0.42774679,1
1505430076,21252610,2785.00,0.35906642,1
1505430071,21252607,2789.60,0.04931587,0
1505430065,21252604,2790.00,0.03988146,0
1505430065,21252603,2789.69,0.02502121,0
1505430038,21252596,2795.20,0.00357708,0
1505429975,21252559,2783.00,0.01000000,1
1505429973,21252557,2783.01,0.01000000,1
1505429972,21252555,2783.01,0.01000000,1
1505429970,21252552,2783.01,0.01000000,1
1505429968,21252550,2783.00,0.01000000,1
1505429967,21252549,2795.97,0.44735851,1
1505429967,21252547,2795.97,0.01000000,1
1505429966,21252546,2795.97,0.07784037,0
1505429966,21252545,2795.97,0.34915423,0
1505429965,21252544,2783.00,0.01000000,1
1505429963,21252543,2783.07,0.01000000,1
1505429961,21252540,2783.07,0.01000000,1
1505429959,21252537,2783.06,0.01000000,1
1505429954,21252530,2783.00,0.00012057,1
1505429954,21252529,2785.50,0.00987943,1
1505429952,21252527,2785.50,0.01000000,1
1505429950,21252526,2785.50,0.01000000,1
1505429948,21252516,2785.50,0.01000000,1
1505429946,21252501,2785.50,0.01000000,1
1505429945,21252494,2785.50,0.01000000,1
1505429943,21252484,2785.50,0.01000000,1
1505429941,21252483,2785.50,0.01000000,1
1505429938,21252479,2785.50,0.01000000,1
1505429937,21252477,2785.50,0.01000000,1
1505429936,21252471,2785.50,0.01512057,1
1505429935,21252469,2785.50,0.01000000,1
1505429933,21252457,2785.50,0.01000000,1
1505429933,21252453,2785.53,0.05665536,1
1505429932,21252450,2785.50,0.01000000,1
1505429929,21252441,2785.50,0.01000000,1
1505429927,21252437,2785.50,0.01000000,1
1505429925,21252433,2785.50,0.01000000,1
1505429923,21252430,2785.50,0.01000000,1
1505429921,21252428,2785.50,0.01000000,1
1505429919,21252427,2785.50,0.01000000,1
1505429918,21252424,2785.50,0.01000000,1
1505429917,21252422,2785.50,0.01000000,1
1505429914,21252421,2785.53,0.01000000,1
1505429912,21252419,2785.50,0.01000000,1
1505429910,21252418,2785.50,0.01000000,1
1505429908,21252415,2785.50,0.01000000,1
1505429907,21252414,2785.50,0.01000000,1
1505429905,21252413,2785.50,0.01000000,1
1505429903,21252410,2785.50,0.01000000,1
1505429902,21252409,2785.50,0.01000000,1
1505429900,21252407,2785.53,0.01000000,1
1505429898,21252406,2785.50,0.01000000,1
1505429896,21252405,2785.50,0.01000000,1
1505429894,21252403,2785.50,0.01000000,1
1505429892,21252402,2785.50,0.01000000,1
1505429890,21252401,2796.99,0.07125000,0
1505429890,21252400,2785.50,0.01000000,1
1505429889,21252398,2796.97,0.01525000,0
1505429888,21252396,2785.50,0.01000000,1
1505429886,21252395,2785.53,0.01000000,1
1505429884,21252390,2785.50,0.01000000,1
1505429882,21252387,2785.50,0.01000000,1
1505429881,21252386,2785.50,0.01000000,1
1505429877,21252385,2785.50,0.01000000,1
1505429875,21252383,2785.50,0.01000000,1
1505429873,21252382,2785.50,0.01000000,1
1505429871,21252381,2785.50,0.01000000,1
1505429870,21252380,2785.50,0.01000000,1
1505429868,21252378,2785.50,0.01000000,1
1505429866,21252376,2785.50,0.01000000,1
1505429864,21252375,2785.50,0.01000000,1
1505429863,21252374,2785.50,0.01000000,1
1505429860,21252373,2785.53,0.01000000,1
1505429859,21252372,2785.50,0.01000000,1
1505429857,21252370,2785.50,0.01000000,1
1505429855,21252369,2785.50,0.01000000,1
1505429853,21252367,2785.50,0.01000000,1
1505429852,21252365,2785.50,0.01000000,1
1505429850,21252361,2785.50,0.01000000,1
1505429849,21252359,2785.50,0.01000000,1
1505429846,21252358,2785.57,0.01000000,1
1505429809,21252347,2785.57,0.01000000,1
1505429807,21252345,2798.60,0.10526316,0
1505429792,21252294,2798.87,0.10000000,0
1505429791,21252293,2785.70,0.01000000,1
1505429790,21252292,2785.71,0.01000000,1
1505429788,21252290,2785.70,0.01000000,1
1505429787,21252289,2798.99,0.01659453,0
1505429786,21252288,2785.70,0.01000000,1
1505429785,21252286,2785.70,0.01000000,1
1505429783,21252285,2785.50,0.01000000,1
1505429782,21252283,2785.50,0.01000000,1
1505429780,21252281,2785.50,0.01000000,1
1505429778,21252280,2785.70,0.01000000,1
1505429776,21252279,2785.73,0.01000000,1
1505429774,21252278,2785.70,0.01000000,1
1505429772,21252277,2785.50,0.01000000,1
1505429770,21252275,2785.60,0.01000000,1
1505429768,21252273,2785.60,0.01000000,1
1505429767,21252272,2785.60,0.01000000,1
1505429765,21252269,2785.60,0.01000000,1
1505429765,21252267,2799.46,0.03278132,1
1505429763,21252264,2785.60,0.01000000,1
1505429762,21252262,2785.60,0.01000000,1
1505429760,21252259,2785.63,0.01000000,1
1505429758,21252258,2785.60,0.01000000,1
1505429756,21252257,2785.60,0.01000000,1
1505429755,21252255,2785.60,0.14775583,1
1505429754,21252253,2785.60,0.01000000,1
1505429753,21252251,2785.60,0.09757301,1
1505429753,21252249,2785.60,0.01000000,1
1505429751,21252245,2785.50,0.01000000,1
1505429749,21252239,2785.50,0.01000000,1
1505429748,21252235,2785.60,0.09757301,1
1505429747,21252231,2785.60,0.01000000,1
1505429746,21252228,2785.60,0.01000000,1
1505429744,21252225,2785.60,0.01000000,1
1505429742,21252224,2785.60,0.01000000,1
1505429741,21252223,2785.60,0.01000000,1
1505429739,21252221,2785.60,0.01000000,1
1505429737,21252218,2785.60,0.01000000,1
1505429735,21252216,2785.60,0.01000000,1
1505429733,21252215,2785.60,0.01000000,1
1505429731,21252214,2785.63,0.01000000,1
1505429730,21252212,2785.60,0.01000000,1
1505429728,21252211,2785.61,0.01000000,1
1505429726,21252208,2785.60,0.01000000,1
1505429726,21252207,2800.18,0.01706368,0
1505429724,21252205,2785.60,0.01000000,1
1505429723,21252201,2785.60,0.01000000,1
1505429721,21252199,2785.60,0.01000000,1
1505429717,21252198,2785.60,0.01000000,1
1505429712,21252195,2785.50,0.01000000,1
1505429710,21252193,2785.53,0.01000000,1
1505429708,21252191,2785.50,0.01000000,1
1505429706,21252190,2785.50,0.01000000,1
1505429704,21252187,2786.00,0.01000000,1
1505429704,21252186,2800.35,0.03395587,0
1505429703,21252184,2785.50,0.01000000,1
1505429701,21252177,2785.50,0.01000000,1
1505429699,21252174,2785.90,0.01000000,1
1505429697,21252171,2785.90,0.01000000,1
1505429695,21252166,2785.90,0.01000000,1
1505429693,21252165,2789.80,0.01000000,1
1505429692,21252164,2785.50,0.01000000,1
1505429690,21252163,2785.60,0.01000000,1
1505429689,21252162,2785.60,0.01000000,1
1505429685,21252161,2785.50,0.01000000,1
1505429683,21252159,2786.13,0.01000000,1
1505429679,21252152,2785.50,0.00500000,1
1505429679,21252151,2785.61,0.00500000,1
1505429677,21252149,2785.61,0.01000000,1
1505429673,21252144,2785.60,0.37990000,1
1505429672,21252143,2800.76,0.01068281,1
1505429670,21252140,2785.60,0.01000000,1
1505429668,21252138,2785.60,0.01000000,1
1505429666,21252131,2785.50,0.01000000,1
1505429664,21252127,2785.50,0.01000000,1
1505429662,21252125,2785.90,0.01000000,1
1505429648,21252113,2785.50,0.01000000,1
1505429646,21252107,2786.00,0.01000000,1
1505429644,21252105,2786.00,0.01000000,1
1505429644,21252104,2799.78,0.08692287,0
1505429642,21252103,2786.00,0.01000000,1
1505429640,21252102,2785.50,0.01000000,1
1505429639,21252101,2785.53,0.01000000,1
1505429637,21252100,2785.50,0.01000000,1
1505429635,21252098,2785.50,0.01000000,1
1505429633,21252095,2785.50,0.01000000,1
1505429631,21252092,2785.90,0.01000000,1
1505429629,21252089,2785.50,0.01000000,1
1505429627,21252088,2785.50,0.01000000,1
1505429624,21252084,2789.63,0.01000000,1
1505429619,21252079,2783.04,0.01000000,1
1505429573,21252034,2800.00,0.00000357,0
1505429572,21252033,2799.40,0.02235000,1
1505429571,21252032,2799.40,0.02076057,0
1505429564,21252021,2799.43,0.43002442,0
1505429531,21252003,2785.50,0.19061721,1
1505429530,21252002,2785.50,0.06972827,1
1505429525,21251991,2799.74,0.07004347,0
1505429513,21251966,2785.30,0.11677108,1
1505429513,21251965,2785.30,0.30685713,1
1505429513,21251964,2789.00,0.14735007,1
1505429513,21251963,2789.00,0.01940916,1
1505429513,21251962,2790.00,0.35700000,1
1505429509,21251960,2790.20,1.40942676,1
1505429508,21251959,2790.20,0.77741662,1
1505429508,21251958,2790.23,0.94393750,1
1505429490,21251937,2790.00,0.05100000,1
1505429490,21251933,2790.16,1.19934762,1
1505429481,21251915,2799.99,0.08549337,0
1505429476,21251904,2799.99,0.02577900,0
1505429476,21251903,2799.90,0.02496141,0
1505429475,21251901,2799.89,0.26105007,0
1505429473,21251895,2799.90,0.00003859,1
1505429470,21251892,2799.90,0.03510000,0
1505429468,21251890,2791.64,0.25988148,1
1505429465,21251887,2789.10,0.98220921,1
1505429465,21251886,2791.59,0.22087181,1
1505429465,21251885,2793.30,2.99690000,1
1505429465,21251884,2799.81,0.00001898,1
1505429464,21251883,2799.81,0.03510000,0
1505429459,21251871,2799.66,0.31167715,1
1505429444,21251853,2799.70,0.28041627,0
1505429444,21251851,2799.69,0.01388923,0
1505429396,21251778,2789.00,0.84771859,0
1505429391,21251772,2789.00,0.01940916,0
1505429384,21251766,2789.00,0.14744143,0
1505429305,21251600,2789.00,0.07153101,0
1505429299,21251583,2789.00,0.15610400,0
1505429290,21251561,2786.33,0.08431442,0
1505429283,21251552,2783.00,0.04017863,1
1505429280,21251550,2783.00,0.50195401,1
1505429278,21251545,2783.44,0.14800000,1
1505429278,21251544,2783.44,0.05004599,1
1505429267,21251527,2785.86,0.01460000,0
1505429264,21251513,2786.33,0.01400119,0
1505429221,21251465,2786.30,0.01788605,0
1505429173,21251438,2785.27,0.08592845,0
1505429173,21251435,2783.00,0.00032673,0
1505429172,21251433,2783.00,0.17985193,0
1505429153,21251421,2783.00,0.14813433,0
1505429152,21251414,2783.00,0.24333453,0
1505429148,21251403,2783.00,0.07583025,0
1505429146,21251398,2783.00,1.39787205,0
1505429137,21251370,2785.27,0.06216496,0
1505429137,21251369,2783.00,0.01367002,0
1505429134,21251359,2783.00,0.01573377,0
1505429107,21251328,2785.26,0.02806838,0
1505429013,21251197,2785.07,0.46574772,0
1505429003,21251185,2776.03,0.01148232,1
1505428955,21251143,2785.27,0.15297260,0
1505428920,21251103,2772.94,0.01380737,1
1505428903,21251097,2785.88,0.35050687,0
1505428884,21251084,2776.21,0.40593493,1
1505428884,21251083,2776.24,0.54323271,1
1505428854,21251067,2776.12,0.40000000,1
1505428851,21251065,2786.32,0.09831561,0
1505428841,21251052,2786.33,0.00164440,0
1505428841,21251051,2786.22,0.01563679,0
1505428829,21251040,2776.21,0.05676729,1
1505428825,21251035,2786.22,0.01666321,0
1505428813,21250985,2786.20,0.03526801,0
1505428790,21250952,2780.00,0.09996001,1
1505428784,21250946,2785.70,0.64821615,0
1505428784,21250945,2785.67,0.35178385,0
1505428736,21250848,2786.22,0.01000000,0
1505428733,21250846,2786.24,0.04224887,0
1505428720,21250824,2775.61,0.35178385,1
1505428715,21250814,2775.54,0.10052149,1
1505428712,21250806,2783.69,0.84290805,1
1505428711,21250805,2785.00,0.00556342,1
1505428711,21250802,2785.00,0.00031412,1
1505428710,21250801,2786.00,1.00000000,1
1505428704,21250779,2791.01,0.02012400,1
1505428704,21250772,2791.01,0.07987600,1
1505428698,21250751,2799.47,0.69519937,1
1505428698,21250749,2799.39,0.01743909,0
1505428685,21250723,2799.59,0.19253614,0
1505428683,21250718,2799.59,0.03484543,0
1505428635,21250643,2800.18,0.03513990,1
1505428634,21250641,2807.00,0.09517886,0
1505428634,21250640,2807.00,1.00000000,0
1505428634,21250637,2800.52,0.10000000,0
1505428633,21250636,2800.18,1.19475406,1
1505428633,21250635,2800.18,0.96655103,1
1505428632,21250633,2800.18,0.13886105,0
1505428603,21250558,2800.60,0.03344897,0
1505428589,21250542,2795.23,0.25245013,0
1505428589,21250540,2795.23,0.14754987,1
1505428565,21250518,2808.72,0.13424690,0
1505428564,21250517,2795.10,0.01645000,1
1505428550,21250513,2790.51,0.34618809,0
1505428550,21250512,2792.83,0.15381191,1
1505428550,21250511,2795.00,0.50000000,1
1505428544,21250510,2809.14,0.01329153,0
1505428516,21250452,2790.12,1.00000000,1
1505428483,21250375,2810.03,0.01330297,0
1505428457,21250303,2787.81,0.19900000,1
1505428430,21250288,2791.74,0.02770373,1
1505428420,21250278,2791.70,1.43542000,1
1505428420,21250276,2791.73,0.94000000,1
1505428418,21250271,2790.00,0.48154802,0
1505428414,21250267,2789.98,0.47500000,0
1505428407,21250263,2789.99,2.22833277,0
1505428406,21250262,2789.99,0.03428773,0
1505428404,21250260,2790.00,1.25147670,0
1505428402,21250256,2790.00,0.28596900,0
1505428401,21250252,2790.00,3.01180000,0
1505428398,21250244,2791.00,0.00180000,1
1505428398,21250243,2791.27,0.14439925,1
1505428398,21250242,2791.50,3.00690000,1
1505428398,21250241,2791.60,0.84480146,1
1505428398,21250240,2791.61,0.97130557,1
1505428396,21250235,2791.60,0.04751692,1
1505428396,21250233,2791.61,0.02000000,1
1505428394,21250232,2791.60,0.08768162,1
1505428393,21250228,2791.60,0.02000000,1
1505428391,21250226,2791.51,0.11922023,1
1505428391,21250224,2791.51,0.02000000,1
1505428390,21250220,2791.55,0.00428817,1
1505428388,21250219,2791.51,0.02000000,1
1505428385,21250216,2791.54,0.02000000,1
1505428383,21250213,2813.19,0.02671786,0
1505428383,21250211,2791.42,0.02000000,1
1505428380,21250205,2791.42,0.02000000,1
1505428377,21250200,2791.41,0.02000000,1
1505428375,21250199,2791.44,0.02000000,1
1505428372,21250188,2791.44,0.02000000,1
1505428370,21250153,2791.46,0.02000000,1
1505428365,21250152,2791.31,0.02000000,1
1505428362,21250150,2791.31,0.02000000,1
1505428359,21250148,2791.31,0.02000000,1
1505428357,21250146,2791.30,0.02000000,1
1505428353,21250144,2791.40,0.02000000,1
1505428351,21250140,2791.39,0.02000000,1
1505428341,21250121,2813.99,1.70054760,0
1505428341,21250120,2813.91,0.14918886,0
1505428341,21250119,2813.76,0.14918886,0
1505428341,21250118,2813.76,0.70500000,0
1505428341,21250117,2813.73,0.57029984,0
1505428326,21250105,2814.09,0.24335270,0
1505428326,21250104,2814.09,0.10000000,0
1505428324,21250103,2791.38,0.18310949,1
1505428296,21250084,2791.30,0.08149998,1
1505428280,21250060,2791.30,0.14434151,1
1505428273,21250052,2793.00,0.00003999,1
1505428269,21250044,2793.00,0.09996001,1
1505428263,21250025,2795.15,0.04526673,0
1505428263,21250021,2795.16,0.10000000,1
1505428245,21249991,2795.14,0.03578300,1
1505428215,21249931,2815.96,0.17122267,0
1505428214,21249930,2815.96,0.04188725,0
1505428214,21249929,2815.96,0.17400000,0
1505428186,21249919,2816.00,0.47425418,0
1505428186,21249918,2815.99,1.14688539,0
1505428186,21249917,2810.00,0.03600000,0
1505428186,21249916,2804.65,0.06413568,0
1505428179,21249912,2793.90,0.09962830,1
1505428157,21249899,2804.62,0.02928924,0
1505428152,21249893,2804.65,0.03586432,0
1505428149,21249882,2791.27,0.51000098,0
1505428147,21249879,2791.27,0.06482180,0
1505428147,21249875,2791.27,0.16000000,0
1505428146,21249873,2791.27,0.08219197,0
1505428144,21249868,2791.27,2.00000000,0
1505428141,21249863,2791.27,0.15730620,0
1505428140,21249861,2791.27,0.01040289,0
1505428140,21249860,2791.27,0.01427616,0
1505428123,21249849,2791.93,0.03694777,1
1505428103,21249820,2791.70,0.36000000,1
1505428093,21249806,2809.58,0.03336747,0
1505428086,21249802,2809.64,0.01022645,0
1505428063,21249784,2809.55,0.86625941,0
1505428024,21249752,2809.60,0.08165575,0
1505428018,21249746,2809.67,0.08023362,0
1505427964,21249725,2812.12,0.01015561,0
1505427932,21249713,2792.21,0.02030996,0
1505427929,21249707,2792.21,1.21329829,0
1505427923,21249695,2792.21,0.81880544,0
1505427922,21249694,2792.21,0.38225844,0
1505427912,21249662,2792.21,0.35000000,0
1505427898,21249633,2792.21,0.06075840,0
1505427897,21249630,2786.00,0.34389966,0
1505427896,21249628,2786.00,0.01889248,1
1505427896,21249627,2786.01,0.17307063,1
1505427892,21249615,2786.00,0.02518584,1
1505427884,21249599,2792.20,0.17176899,0
1505427883,21249595,2792.21,0.01247811,0
1505427881,21249593,2786.39,0.00567120,1
1505427881,21249592,2792.01,0.01500000,1
1505427881,21249591,2792.14,0.04011520,1
1505427876,21249588,2792.21,0.00795031,0
1505427872,21249583,2792.21,6.72577484,1
1505427872,21249582,2792.24,0.40836621,1
1505427865,21249570,2814.74,0.13692593,0
1505427854,21249555,2792.47,0.06030970,1
1505427846,21249536,2814.97,0.08149998,0
1505427825,21249504,2815.17,0.25025000,0
1505427805,21249444,2792.10,0.10110902,0
1505427804,21249443,2792.14,0.97246613,0
1505427804,21249441,2792.14,0.56889473,0
1505427804,21249440,2792.14,0.03173909,1
1505427784,21249417,2815.82,0.06911900,0
1505427764,21249401,2786.00,0.36809090,1
1505427764,21249400,2795.86,0.32882715,1
1505427764,21249399,2797.93,0.06571494,1
1505427763,21249398,2797.97,0.03736701,1
1505427763,21249397,2800.00,0.20000000,1
1505427751,21249387,2800.28,0.08534265,1
1505427744,21249382,2816.50,0.03340541,0
1505427741,21249379,2816.51,0.06725000,0
1505427739,21249376,2800.18,0.10000000,1
1505427737,21249372,2816.79,0.07013765,0
1505427727,21249364,2816.53,0.22936983,1
1505427727,21249362,2816.52,0.10000000,0
1505427715,21249353,2816.74,0.17670711,0
1505427714,21249352,2801.00,1.31931133,1
1505427704,21249344,2814.78,0.01542628,0
1505427688,21249330,2816.97,0.00372674,0
1505427665,21249269,2817.32,0.16286755,0
1505427642,21249249,2800.01,0.28386590,0
1505427642,21249248,2804.90,0.00178972,1
1505427641,21249247,2808.00,0.25000000,1
1505427641,21249246,2809.00,0.40144784,1
1505427639,21249244,2809.03,0.73800000,1
1505427636,21249241,2809.00,0.54951050,1
1505427612,21249202,2819.00,0.17692444,0
1505427591,21249141,2809.00,0.08655677,1
1505427590,21249134,2819.87,0.10043500,1
1505427590,21249132,2819.87,0.04101916,1
1505427589,21249131,2819.87,0.15923084,0
1505427585,21249122,2809.00,0.08634684,1
1505427584,21249119,2809.00,0.01443174,1
1505427579,21249110,2809.00,0.06170631,1
1505427578,21249108,2809.70,0.02443033,1
1505427573,21249102,2809.73,0.08407314,1
1505427573,21249100,2811.00,0.00182957,1
1505427566,21249091,2820.00,0.04843085,0
1505427566,21249090,2812.02,0.08815768,0
1505427557,21249077,2811.00,0.10433622,1
1505427557,21249076,2812.00,0.00182606,1
1505427557,21249075,2812.00,0.01387394,1
1505427557,21249074,2812.01,0.00000208,1
1505427556,21249072,2812.01,0.01757609,1
1505427555,21249070,2812.02,0.00044318,1
1505427553,21249069,2812.02,0.08819313,1
1505427550,21249065,2812.02,0.14245397,1
1505427539,21249055,2812.02,0.13025798,1
1505427534,21249044,2812.02,0.03326486,1
1505427524,21249025,2812.01,0.04905763,0
1505427524,21249024,2812.01,0.02610007,0
1505427522,21249018,2812.03,0.07515770,1
1505427521,21249015,2820.00,0.60208579,0
1505427521,21249013,2818.00,0.61830121,0
1505427520,21249010,2817.00,0.60654800,1
1505427519,21249009,2817.00,0.18071500,0
1505427507,21248987,2817.00,0.81928500,0
1505427483,21248940,2815.78,0.28992676,0
1505427483,21248939,2815.78,0.26190781,0
1505427482,21248934,2815.78,0.03144783,0
1505427477,21248925,2810.71,0.04004640,1
1505427465,21248903,2815.79,0.01388592,0
1505427464,21248901,2815.79,0.10654329,0
1505427450,21248861,2817.92,0.23600263,0
1505427449,21248853,2817.93,0.35938254,0
1505427444,21248837,2810.23,0.23076694,1
1505427443,21248835,2817.99,0.02523306,1
1505427439,21248829,2817.99,0.23100000,1
1505427431,21248812,2818.00,0.00477204,0
1505427422,21248784,2818.00,0.30391246,0
1505427416,21248770,2818.00,0.30345307,0
1505427406,21248745,2818.00,0.35072466,0
1505427405,21248743,2818.00,2.00000000,0
1505427404,21248734,2818.00,0.00979805,0
1505427404,21248729,2817.99,0.01757095,1
1505427398,21248703,2818.00,2.00000000,0
1505427397,21248698,2818.00,0.03298432,0
1505427397,21248696,2818.00,0.17100000,0
1505427396,21248691,2818.00,0.08000000,0
1505427395,21248680,2818.00,2.00000000,0
1505427395,21248676,2818.00,0.08238382,0
1505427395,21248675,2817.99,0.27203444,0
1505427393,21248659,2818.00,0.15440246,0
1505427392,21248653,2818.00,0.13082226,0
1505427391,21248648,2817.99,0.03310283,0
1505427390,21248638,2818.00,0.74114305,0
1505427390,21248635,2818.00,0.14900000,0
1505427389,21248623,2817.99,0.29962750,0
1505427387,21248603,2818.69,0.86730260,1
1505427387,21248599,2819.97,0.13529213,0
1505427384,21248579,2820.00,0.01443262,0
1505427384,21248573,2820.00,0.07588474,0
1505427383,21248567,2820.00,1.28996338,0
1505427382,21248565,2819.00,0.71003662,0
1505427382,21248555,2819.00,0.14178598,0
1505427379,21248542,2819.97,0.07554681,1
1505427379,21248540,2819.97,0.08951049,1
1505427375,21248507,2820.00,0.13444313,0
1505427373,21248500,2820.00,0.06399368,0
1505427372,21248494,2820.00,2.00000000,0
1505427370,21248486,2820.00,0.04135106,0
1505427369,21248485,2820.00,0.04143617,0
1505427369,21248482,2820.00,0.01729078,0
1505427368,21248477,2820.00,0.06360332,0
1505427366,21248463,2820.00,0.01577659,0
1505427361,21248448,2819.00,0.57589572,0
1505427360,21248445,2819.00,0.27251508,0
1505427359,21248440,2819.00,0.03707697,0
1505427353,21248402,2818.69,0.01179374,0
1505427349,21248385,2818.77,0.14094157,0
1505427344,21248372,2805.65,0.03705993,1
1505427324,21248294,2818.61,0.02614484,0
1505427322,21248290,2804.92,0.41443122,1
1505427303,21248240,2818.99,0.01345000,0
1505427281,21248204,2816.88,0.01273900,0
1505427270,21248183,2816.99,0.02443033,0
1505427256,21248170,2818.76,0.12350952,1
1505427255,21248164,2818.76,0.01792313,0
1505427252,21248157,2803.20,0.20419880,1
1505427247,21248146,2803.20,0.04342956,1
1505427246,21248145,2803.21,0.60157845,1
1505427246,21248144,2807.90,0.08163614,1
1505427240,21248136,2807.91,0.10000000,1
1505427234,21248114,2809.33,0.12232618,1
1505427233,21248107,2807.90,0.01066053,0
1505427232,21248103,2807.90,0.07075868,0
1505427228,21248091,2803.00,0.68282221,1
1505427224,21248078,2802.91,0.01573002,1
1505427212,21248054,2802.81,0.12123901,0
1505427212,21248053,2802.80,0.20000000,1
1505427211,21248052,2819.00,0.11451223,0
1505427210,21248051,2818.84,0.10000000,1
1505427208,21248044,2805.78,0.01897669,0
1505427208,21248042,2807.00,0.06724948,1
1505427208,21248041,2807.00,0.07500000,1
1505427201,21248020,2799.80,0.24416850,1
1505427201,21248019,2804.84,0.00583150,1
1505427200,21248009,2804.90,0.75000000,1
1505427196,21247990,2807.00,0.93282161,0
1505427191,21247977,2804.84,0.03535772,1
1505427191,21247973,2804.84,0.27865455,0
1505427190,21247970,2804.84,0.04060518,0
1505427182,21247946,2804.27,0.39964488,0
1505427181,21247937,2797.97,0.02813469,1
1505427180,21247935,2797.97,0.03035400,1
1505427177,21247919,2804.27,0.32235512,0
1505427177,21247918,2797.97,0.01054000,1
1505427164,21247899,2804.28,0.93326974,0
1505427163,21247895,2797.97,0.10729207,1
1505427157,21247883,2798.00,0.05000000,0
1505427152,21247865,2797.92,0.72100000,0
1505427151,21247857,2794.72,0.00491672,0
1505427147,21247837,2794.72,0.09095911,0
1505427143,21247823,2792.70,0.47695600,1
1505427139,21247813,2792.60,0.04000600,1
1505427138,21247805,2794.72,0.01000000,0
1505427136,21247800,2792.36,0.84358810,0
1505427135,21247794,2791.30,0.16000000,1
1505427135,21247791,2791.30,0.80000000,1
1505427134,21247786,2786.17,0.00181262,0
1505427134,21247785,2785.47,0.95346107,0
1505427134,21247780,2783.67,0.02470315,1
1505427134,21247778,2783.71,0.01529685,1
1505427130,21247755,2785.47,0.05285743,0
1505427130,21247753,2785.35,0.76900000,0
1505427130,21247751,2783.69,1.17814257,0
1505427130,21247749,2783.69,0.02185743,0
1505427128,21247743,2775.00,0.64643622,0
1505427128,21247740,2775.03,0.99743688,0
1505427127,21247735,2783.70,2.00000000,0
1505427126,21247732,2785.37,0.17104241,0
1505427126,21247731,2783.66,0.00195759,0
1505427125,21247725,2783.70,0.02181641,1
1505427123,21247716,2785.37,0.52056527,0
1505427123,21247713,2783.80,0.46797425,0
1505427123,21247712,2783.71,0.01529685,0
1505427123,21247710,2783.66,0.99616363,0
1505427118,21247692,2783.68,0.02181563,0
1505427114,21247675,2783.71,0.00970315,1
1505427113,21247667,2783.76,0.02181563,0
1505427110,21247646,2783.71,0.37500000,1
1505427106,21247637,2783.69,0.06927875,0
1505427086,21247594,2768.31,1.01800000,1
1505427073,21247556,2777.99,0.00377228,0
1505427069,21247546,2768.11,0.00256312,1
1505427045,21247503,2778.00,0.02872509,0
1505427044,21247502,2778.00,0.03412236,0
1505427042,21247501,2778.00,0.10108581,0
1505427042,21247500,2770.00,0.05579361,0
1505427038,21247497,2770.00,0.05800000,0
1505427036,21247492,2770.00,0.13961560,0
1505427033,21247484,2770.00,0.52892779,0
1505427023,21247469,2767.80,0.04290746,1
1505427023,21247468,2769.47,0.00181262,1
1505427006,21247450,2778.10,0.17397463,0
1505427005,21247449,2778.10,0.03303337,0
1505427004,21247445,2778.10,0.07004501,0
1505427000,21247426,2778.19,0.21011718,0
1505426995,21247417,2778.20,0.22033194,0
1505426995,21247416,2778.23,0.27255351,1
1505426994,21247415,2778.23,0.23769562,0
1505426986,21247401,2771.00,0.16169000,0
1505426964,21247349,2778.31,0.14098041,0
1505426956,21247312,2779.57,0.14866029,0
1505426955,21247309,2769.50,0.38635591,1
1505426940,21247301,2771.65,0.09687050,1
1505426940,21247300,2772.49,0.03529318,1
1505426939,21247299,2775.00,0.48666856,1
1505426939,21247297,2775.00,0.23527824,1
1505426939,21247296,2775.23,0.10635363,1
1505426937,21247294,2776.00,1.03953589,1
1505426931,21247288,2779.60,0.07177292,0
1505426905,21247271,2779.61,0.52025000,0
1505426904,21247270,2776.00,1.08795411,1
1505426902,21247264,2776.00,0.87251000,1
1505426899,21247258,2776.01,0.40025000,0
1505426884,21247237,2783.40,0.02038564,0
1505426883,21247236,2783.39,0.01341608,0
1505426875,21247225,2783.49,0.02479434,0
1505426863,21247211,2783.50,0.12542482,0
1505426863,21247210,2783.50,0.30055428,0
1505426840,21247174,2783.70,0.28550475,0
1505426839,21247171,2783.69,0.05980026,0
1505426825,21247151,2783.70,0.00650000,0
1505426824,21247150,2783.70,0.10117832,0
1505426823,21247149,2783.80,0.20305515,0
1505426823,21247147,2783.80,0.26363655,0
1505426823,21247146,2783.77,0.38104831,0
1505426808,21247112,2783.89,0.06997923,0
1505426792,21247065,2784.50,0.06996239,0
1505426790,21247062,2784.57,0.00420540,0
1505426782,21247049,2784.70,0.09422326,0
1505426766,21247030,2784.83,0.04362024,0
1505426755,21247010,2784.99,0.02645851,0
1505426751,21247005,2784.99,0.01540000,0
1505426748,21247002,2785.00,0.06564227,0
1505426748,21247001,2784.93,0.00459609,0
1505426746,21247000,2784.89,0.34524065,0
1505426744,21246995,2784.90,0.53624326,0
1505426740,21246993,2784.93,0.02040391,1
1505426736,21246990,2784.77,0.97959609,0
1505426728,21246983,2784.82,0.03517958,0
1505426726,21246981,2784.78,0.03488279,0
1505426722,21246979,2776.15,0.40000000,0
1505426722,21246978,2776.15,1.00000000,1
1505426718,21246975,2784.87,1.53017175,0
1505426717,21246972,2784.87,0.44273803,0
1505426717,21246971,2784.84,0.43534108,0
1505426706,21246957,2784.93,0.16476118,0
1505426704,21246955,2784.88,0.50025000,0
1505426695,21246951,2778.53,0.00450000,1
1505426668,21246930,2785.02,0.03062312,0
1505426666,21246929,2785.08,0.03466418,0
1505426653,21246919,2785.29,0.05295662,0
1505426646,21246917,2785.31,0.03378580,0
1505426644,21246913,2785.38,0.01755982,0
1505426626,21246901,2785.33,0.01956179,0
1505426626,21246900,2778.53,0.01457606,0
1505426593,21246885,2786.89,0.02904598,0
1505426592,21246884,2786.93,0.12031000,0
1505426585,21246883,2787.06,0.03292705,1
1505426583,21246880,2787.10,0.47271464,0
1505426574,21246869,2776.01,0.47503656,1
1505426572,21246866,2776.33,0.52496344,1
1505426544,21246839,2787.62,0.30000000,0
1505426528,21246831,2787.99,0.03577834,0
1505426524,21246829,2776.21,0.05588116,1
1505426512,21246819,2787.84,0.05366879,0
1505426486,21246772,2787.97,0.03434491,0
1505426485,21246771,2788.00,0.16896859,0
1505426467,21246754,2791.59,0.13399532,0
1505426464,21246744,2791.58,0.25157199,0
1505426461,21246742,2791.60,0.06750613,0
1505426453,21246726,2783.87,0.05515811,0
1505426453,21246725,2783.87,0.18227708,0
1505426448,21246723,2791.79,0.03347861,0
1505426447,21246721,2791.80,0.13924687,0
1505426442,21246714,2783.89,0.17989804,0
1505426436,21246700,2792.00,0.15005372,1
1505426434,21246689,2778.00,0.36348823,0
1505426433,21246686,2778.00,0.17997000,0
1505426431,21246676,2778.55,1.00000000,1
1505426431,21246675,2778.56,0.29781409,1
1505426420,21246660,2779.10,0.88323070,0
1505426420,21246659,2779.10,0.01576930,0
1505426420,21246658,2779.10,0.10000000,1
1505426419,21246657,2780.00,0.61107100,0
1505426418,21246655,2780.00,0.13038000,0
1505426416,21246650,2780.39,0.24033079,1
1505426416,21246649,2780.42,0.87202998,1
1505426415,21246648,2792.20,0.11769286,0
1505426415,21246642,2792.20,1.77479198,0
1505426414,21246640,2792.19,3.03551000,0
1505426410,21246633,2792.22,0.05358403,0
1505426409,21246631,2792.25,0.10504502,0
1505426404,21246589,2792.29,0.06438165,0
1505426403,21246587,2792.29,0.02354090,0
1505426398,21246567,2792.30,0.60040357,0
1505426398,21246565,2792.29,0.67929519,0
1505426384,21246539,2792.36,0.01035101,0
1505426368,21246526,2780.43,0.01845709,1
1505426356,21246522,2793.97,0.33319697,0
1505426341,21246509,2794.22,0.28173695,0
1505426332,21246498,2794.43,0.00178928,1
1505426307,21246487,2794.36,0.08539513,0
1505426295,21246477,2794.45,0.03530169,0
1505426289,21246468,2794.50,0.17847558,0
1505426284,21246452,2794.53,0.33196280,0
1505426270,21246437,2794.69,0.14040674,0
1505426259,21246372,2794.69,0.00650407,0
1505426239,21246355,2794.71,0.21282236,0
1505426238,21246353,2801.99,0.15747365,0
1505426238,21246350,2802.80,0.86178780,0
1505426238,21246348,2802.00,1.00000000,0
1505426238,21246345,2794.72,0.06555419,0
1505426237,21246343,2794.72,0.04179399,0
1505426236,21246338,2794.72,0.21918299,1
1505426236,21246336,2794.72,0.06253190,1
1505426236,21246334,2794.72,0.06093693,1
1505426234,21246326,2802.85,0.12455671,0
1505426234,21246325,2794.72,0.10588702,1
1505426234,21246324,2802.84,0.08816457,0
1505426233,21246323,2802.90,0.81622847,0
1505426233,21246322,2802.90,0.07299734,0
1505426224,21246298,2778.00,2.88080400,0
1505426223,21246297,2778.10,3.01630000,1
1505426223,21246295,2778.12,0.70487205,1
1505426217,21246288,2794.88,0.10958576,0
1505426217,21246287,2794.88,0.28120519,0
1505426217,21246285,2794.89,0.18417333,0
1505426216,21246284,2794.89,0.13451570,1
1505426211,21246278,2794.93,0.32584923,0
1505426211,21246277,2794.93,0.13451419,0
1505426211,21246276,2794.93,0.61483799,0
1505426204,21246260,2794.92,0.03491252,0
1505426201,21246242,2775.20,1.75839690,1
1505426200,21246241,2775.23,0.04135310,0
1505426199,21246237,2775.23,0.20025000,1
1505426170,21246210,2795.46,0.20025000,0
1505426164,21246194,2775.00,0.10472176,1
1505426164,21246193,2776.00,0.02000000,1
1505426164,21246192,2780.00,0.01041401,1
1505426163,21246191,2780.03,0.16586423,1
1505426160,21246180,2796.90,0.29965366,0
1505426160,21246179,2795.58,0.03000000,0
1505426154,21246171,2787.33,0.16262687,0
1505426154,21246170,2787.33,0.02870831,0
1505426153,21246169,2787.37,0.01500000,0
1505426153,21246168,2787.34,0.16586423,0
1505426139,21246145,2776.00,0.98000000,1
1505426137,21246143,2781.00,0.21218286,1
1505426137,21246142,2782.95,1.57710343,1
1505426137,21246141,2782.99,0.33155720,1
1505426124,21246116,2797.49,0.34809589,0
1505426118,21246099,2798.00,0.18619366,0
1505426105,21246080,2798.22,0.33155720,0
1505426103,21246076,2798.25,0.03465438,0
1505426089,21246046,2783.01,0.25450347,0
1505426088,21246043,2783.66,0.01582643,1
1505426070,21246024,2783.64,0.04220688,1
1505426038,21245992,2781.00,0.78781714,1
1505426038,21245991,2783.14,0.05016277,1
1505426038,21245989,2783.36,0.01500000,1
1505426037,21245986,2783.40,3.00740000,1
1505426037,21245984,2783.45,0.06119408,1
1505426037,21245981,2783.47,0.64300455,1
1505426002,21245934,2804.99,0.01125000,0
1505425993,21245922,2804.83,0.02300455,0
1505425984,21245911,2804.99,0.01471079,0
1505425984,21245910,2793.00,0.30000000,1
1505425954,21245884,2805.00,0.01794953,0
1505425953,21245882,2792.42,0.86000000,1
1505425933,21245863,2806.44,0.17483369,0
1505425928,21245851,2806.44,0.04365343,0
1505425926,21245846,2806.44,0.02478709,0
1505425923,21245844,2791.81,0.27603177,1
1505425915,21245834,2791.60,0.08000000,1
1505425882,21245805,2806.44,0.08275907,0
1505425881,21245804,2806.35,0.00301000,0
1505425881,21245803,2806.35,0.05052764,0
1505425868,21245788,2809.50,0.43331386,0
1505425868,21245787,2806.44,0.25165023,0
1505425866,21245786,2806.35,1.00290179,0
1505425833,21245760,2806.40,0.85610938,0
1505425833,21245759,2790.32,1.16196936,1
1505425825,21245749,2806.44,0.20564474,0
1505425815,21245728,2790.12,0.69100000,0
1505425813,21245726,2790.12,0.70501482,1
1505425804,21245706,2790.06,0.20492703,1
1505425799,21245700,2790.07,0.42322447,1
1505425792,21245691,2806.44,0.10558503,0
1505425787,21245682,2806.41,0.07010521,0
1505425766,21245655,2806.48,0.30963000,1
1505425763,21245652,2806.48,0.07767660,0
1505425761,21245651,2806.48,0.27347500,0
1505425760,21245647,2806.45,0.27347500,0
1505425756,21245638,2779.61,0.29900000,0
1505425756,21245635,2790.00,0.01000000,1
1505425754,21245633,2795.11,0.69100000,1
1505425745,21245628,2806.49,0.03269920,0
1505425744,21245626,2795.08,0.03697181,1
1505425732,21245606,2806.52,0.01026890,0
1505425724,21245597,2811.79,0.24860320,0
1505425723,21245594,2811.77,0.01000000,0
1505425698,21245583,2806.59,1.98895398,0
1505425697,21245582,2806.34,0.05000000,0
1505425687,21245573,2806.00,0.42862273,0
1505425687,21245571,2805.86,0.61694432,0
1505425684,21245569,2805.83,0.16353449,0
1505425682,21245567,2805.86,0.25556568,0
1505425682,21245566,2805.85,0.01500000,0
1505425664,21245552,2805.87,0.03458635,0
1505425654,21245540,2784.60,0.21500000,1
1505425640,21245520,2806.00,0.37600308,0
1505425639,21245518,2806.00,0.19537419,0
1505425634,21245506,2806.37,0.17078121,0
1505425614,21245444,2784.30,0.95856834,1
1505425614,21245443,2779.01,0.67525083,0
1505425614,21245442,2784.16,0.06765531,1
1505425613,21245441,2784.28,0.13764417,1
1505425613,21245440,2784.29,0.11944969,1
1505425601,21245433,2784.20,0.15292544,1
1505425601,21245432,2784.20,0.12207456,1
1505425601,21245431,2784.24,0.01500000,1
1505425601,21245430,2784.27,1.00000000,1
1505425593,21245428,2806.60,0.03516674,0
1505425589,21245427,2806.62,0.30037858,0
1505425588,21245426,2806.62,0.83809123,0
1505425588,21245425,2806.60,0.01603844,0
1505425586,21245420,2806.60,0.00896156,1
1505425585,21245419,2806.62,0.03441877,0
1505425582,21245417,2806.60,0.02500000,1
1505425556,21245353,2806.66,0.77705053,1
1505425556,21245352,2806.63,0.86530908,0
1505425545,21245341,2778.86,0.04152100,1
1505425518,21245289,2807.62,0.11801209,0
1505425506,21245255,2807.75,0.03438668,0
1505425504,21245253,2778.27,0.35671360,1
1505425490,21245215,2775.01,1.28534046,1
1505425489,21245212,2775.01,8.72510000,1
1505425489,21245210,2778.00,0.97167905,1
1505425489,21245208,2780.00,0.00600000,1
1505425489,21245206,2781.31,0.15000000,1
1505425489,21245204,2782.00,1.00000000,1
1505425489,21245200,2783.00,2.00000000,1
1505425489,21245198,2783.00,1.00000000,1
1505425489,21245196,2785.00,1.00000000,1
1505425489,21245193,2785.01,0.87251000,1
1505425488,21245190,2785.02,0.50000000,1
1505425488,21245188,2796.00,1.00000000,1
1505425488,21245186,2796.11,0.20265495,1
1505425488,21245184,2802.19,0.11625906,1
1505425486,21245174,2809.60,0.13756700,0
1505425484,21245162,2811.90,0.06746152,0
1505425484,21245161,2803.38,0.05037800,0
1505425477,21245143,2811.90,0.12208814,0
1505425473,21245134,2811.90,0.31312375,1
1505425468,21245120,2811.99,0.06982729,0
1505425465,21245103,2811.12,0.06890993,1
1505425462,21245094,2809.89,0.11357961,0
1505425459,21245082,2810.82,0.01000000,1
1505425452,21245061,2810.67,0.08418532,0
1505425445,21245043,2810.79,0.16324592,1
1505425420,21245022,2811.12,0.04921430,1
1505425415,21245017,2811.90,0.04125960,0
1505425413,21245012,2801.06,0.10618601,1
1505425413,21245011,2805.88,0.18381399,1
1505425411,21245009,2806.48,0.01000000,1
1505425405,21244998,2811.87,0.05025000,0
1505425403,21244997,2804.06,0.03706907,1
1505425397,21244985,2804.06,0.02110160,1
1505425397,21244984,2804.30,0.04890316,1
1505425386,21244956,2805.00,0.75369522,1
1505425385,21244950,2811.95,0.03378858,0
1505425380,21244930,2805.16,0.73578782,1
1505425377,21244920,2805.00,0.01954330,1
1505425376,21244917,2806.36,0.01000000,1
1505425367,21244905,2811.99,0.13961172,0
1505425366,21244904,2811.99,0.35473099,0
1505425366,21244903,2811.96,0.01696817,0
1505425352,21244881,2805.12,0.01000000,1
1505425346,21244864,2811.99,0.03514332,0
1505425346,21244861,2805.13,0.06326970,1
1505425344,21244857,2811.99,0.34918569,0
1505425321,21244807,2805.01,0.01000000,1
1505425320,21244802,2805.03,0.01000000,1
1505425318,21244800,2804.60,0.01000000,1
1505425316,21244794,2804.71,0.01000000,1
1505425314,21244791,2804.34,0.01000000,1
1505425312,21244788,2804.30,0.01000000,1
1505425310,21244784,2804.30,0.01000000,1
1505425308,21244776,2804.61,0.01000000,1
1505425306,21244775,2804.61,0.01000000,1
1505425304,21244774,2804.61,0.01000000,1
1505425302,21244771,2804.60,0.01000000,1
1505425300,21244768,2804.61,0.01000000,1
1505425298,21244767,2804.60,0.01000000,1
1505425297,21244766,2811.99,0.05553000,0
1505425296,21244765,2804.45,0.01000000,1
1505425294,21244764,2804.41,0.01000000,1
1505425292,21244762,2804.40,0.00939352,1
1505425292,21244759,2804.51,0.00060648,1
1505425290,21244754,2804.51,0.01000000,1
1505425282,21244727,2811.99,0.01055666,0
1505425281,21244720,2805.23,0.12654930,1
1505425272,21244694,2811.99,0.02999227,0
1505425272,21244692,2811.99,0.19838100,0
1505425249,21244637,2808.62,0.06365913,1
1505425244,21244624,2804.51,0.06505550,0
1505425238,21244615,2820.00,0.04695176,0
1505425238,21244614,2819.99,0.05005083,0
1505425238,21244613,2819.96,0.10836841,0
1505425237,21244610,2812.00,0.03094866,0
1505425235,21244609,2811.99,0.01139797,0
1505425223,21244595,2812.00,1.28784989,0
1505425215,21244586,2811.99,0.00374957,1
1505425207,21244570,2812.00,0.05126244,0
1505425206,21244569,2811.99,0.11191203,1
1505425206,21244568,2811.99,0.00608797,1
1505425205,21244567,2811.99,0.02654550,0
1505425190,21244555,2804.04,0.01000000,1
1505425188,21244550,2808.95,0.01000000,1
1505425187,21244549,2812.00,0.04852752,0
1505425187,21244548,2811.99,0.05309101,0
1505425186,21244547,2808.61,0.01000000,1
1505425186,21244543,2808.61,0.10701906,1
1505425184,21244538,2805.59,0.01000000,1
1505425182,21244536,2804.82,0.01000000,1
1505425180,21244533,2804.86,0.01000000,1
1505425178,21244530,2804.01,0.01000000,1
1505425176,21244528,2804.01,0.01000000,1
1505425174,21244522,2804.02,0.01000000,1
1505425172,21244520,2804.01,0.01000000,1
1505425171,21244515,2804.02,0.01000000,1
1505425169,21244514,2804.01,0.01000000,1
1505425166,21244509,2804.11,0.01000000,1
1505425164,21244507,2804.00,0.01000000,1
1505425163,21244505,2811.99,0.03508219,0
1505425162,21244503,2804.00,0.01000000,1
1505425160,21244501,2805.47,0.01000000,1
1505425158,21244500,2804.80,0.01000000,1
1505425157,21244499,2804.00,0.00410000,1
1505425157,21244497,2804.74,0.00590000,1
1505425155,21244495,2804.74,0.01000000,1
1505425152,21244492,2803.86,0.01000000,1
1505425150,21244490,2803.85,0.01000000,1
1505425149,21244489,2803.92,0.01000000,1
1505425147,21244483,2803.84,0.01000000,1
1505425145,21244482,2803.84,0.01000000,1
1505425145,21244480,2812.00,3.00799410,0
1505425145,21244479,2811.99,0.09066805,0
1505425143,21244477,2803.84,0.01000000,1
1505425142,21244476,2803.84,0.01000000,1
1505425141,21244475,2812.00,0.33690526,0
1505425140,21244474,2803.82,0.01000000,1
1505425137,21244466,2803.81,0.01000000,1
1505425135,21244461,2803.88,0.01000000,1
1505425133,21244456,2803.91,0.01000000,1
1505425131,21244454,2803.81,0.01000000,1
1505425131,21244453,2803.80,0.11555982,1
1505425130,21244452,2802.98,0.01000000,1
1505425127,21244451,2802.97,0.01000000,1
1505425127,21244450,2802.98,0.01000000,1
1505425124,21244448,2802.93,0.01000000,1
1505425122,21244446,2802.92,0.01000000,1
1505425120,21244444,2802.93,0.01000000,1
1505425120,21244443,2811.80,0.17420485,0
1505425118,21244440,2802.96,0.01000000,1
1505425116,21244437,2802.96,0.01000000,1
1505425114,21244435,2802.98,0.01000000,1
1505425111,21244434,2802.90,0.09052968,1
1505425111,21244433,2802.90,0.01000000,1
1505425108,21244428,2803.80,0.01000000,1
1505425106,21244427,2803.82,0.01000000,1
1505425104,21244425,2802.89,0.01000000,1
1505425103,21244422,2802.91,0.01000000,1
1505425101,21244420,2802.90,0.01000000,1
1505425100,21244417,2802.88,0.23257326,1
1505425090,21244413,2812.00,0.08473800,0
1505425087,21244409,2812.00,0.06976300,0
1505425086,21244408,2810.60,0.01000000,1
1505425085,21244406,2810.60,0.01000000,1
1505425082,21244404,2810.60,0.01000000,1
1505425080,21244403,2810.60,0.01000000,1
1505425078,21244401,2810.60,0.01000000,1
1505425076,21244397,2810.60,0.01000000,1
1505425074,21244395,2810.60,0.01000000,1
1505425073,21244393,2810.60,0.01000000,1
1505425071,21244391,2810.60,0.01000000,1
1505425069,21244389,2810.60,0.01000000,1
1505425067,21244381,2812.00,0.08199502,0
1505425067,21244380,2810.60,0.01000000,1
1505425065,21244379,2810.60,0.01000000,1
1505425065,21244377,2812.00,0.09052968,0
1505425063,21244374,2812.00,0.03448643,0
1505425063,21244373,2810.71,0.01000000,1
1505425061,21244372,2811.40,0.01000000,1
1505425060,21244371,2811.40,0.01000000,1
1505425049,21244363,2817.99,0.06865531,0
1505425048,21244360,2817.99,0.05025000,0
1505425047,21244358,2817.97,0.28543017,0
1505425047,21244357,2817.97,0.33901067,0
1505425039,21244353,2811.40,0.01000000,1
1505425037,21244351,2811.40,0.01000000,1
1505425019,21244327,2817.97,0.02025000,0
1505424990,21244312,2813.20,2.52061578,1
1505424984,21244304,2817.99,0.10442414,0
1505424965,21244280,2817.99,0.16282882,0
1505424964,21244278,2817.99,0.03392891,0
1505424962,21244274,2817.99,0.06960628,0
1505424947,21244267,2817.99,3.13708360,0
1505424947,21244266,2817.96,0.85623797,0
1505424942,21244262,2817.99,0.01000000,0
1505424942,21244261,2818.00,2.56826877,1
1505424936,21244252,2817.99,0.94528745,0
1505424927,21244232,2817.96,0.08457058,0
1505424917,21244215,2817.99,0.08835998,0
1505424911,21244210,2817.99,0.87955500,0
1505424911,21244208,2817.98,0.04300000,0
1505424911,21244205,2817.95,0.00894145,0
1505424902,21244191,2811.70,0.08514579,1
1505424883,21244161,2817.88,0.05025000,0
1505424873,21244152,2817.99,0.05140000,0
1505424870,21244151,2806.35,1.86839733,0
1505424869,21244150,2806.39,0.71600000,0
1505424869,21244149,2810.12,0.38776192,1
1505424869,21244148,2810.66,0.33000000,1
1505424869,21244147,2811.30,2.98530000,1
1505424868,21244146,2811.34,5.10185000,1
1505424868,21244145,2811.37,0.78009381,0
1505424868,21244144,2811.37,2.00000000,0
1505424866,21244138,2811.40,0.09238046,0
1505424866,21244136,2811.40,2.00000000,1
1505424863,21244133,2817.99,0.03539757,0
1505424848,21244059,2817.94,0.02032722,0
1505424804,21243974,2810.69,0.06615584,1
1505424794,21243932,2818.93,0.03538577,0
1505424763,21243865,2819.93,0.02114808,0
1505424744,21243821,2810.91,0.45000000,1
1505424727,21243777,2819.97,0.16271449,0
1505424725,21243770,2810.61,0.14530081,1
1505424711,21243727,2810.31,0.14340000,1
1505424709,21243721,2810.91,0.05191940,1
1505424707,21243715,2810.18,0.21737600,1
1505424703,21243704,2810.00,0.10000000,0
1505424703,21243702,2810.00,0.56196902,0
1505424703,21243701,2810.00,0.34344713,0
1505424701,21243698,2810.00,2.19477400,0
1505424700,21243692,2810.00,2.00000000,0
1505424698,21243683,2810.00,1.85879003,0
1505424693,21243660,2806.57,0.05710665,1
1505424692,21243654,2810.00,20.82000000,0
1505424692,21243650,2806.60,0.03064910,1
1505424676,21243610,2804.90,0.06988841,1
1505424672,21243598,2810.00,0.13212341,0
1505424671,21243593,2808.00,0.84686254,0
1505424669,21243579,2808.00,0.15313746,0
1505424668,21243578,2804.26,0.03270000,0
1505424668,21243577,2804.11,0.03270000,0
1505424668,21243575,2804.09,0.03270000,0
1505424667,21243573,2804.08,0.03270000,0
1505424667,21243572,2804.04,0.03270000,0
1505424665,21243564,2803.92,0.01398307,0
1505424660,21243545,2803.00,0.26642168,0
1505424654,21243528,2793.84,0.19573321,1
1505424654,21243526,2799.55,0.02995124,1
1505424654,21243525,2800.01,0.06390355,1
1505424653,21243523,2800.01,2.93609645,0
1505424651,21243517,2800.01,0.35624873,0
1505424641,21243508,2797.65,0.46308690,0
1505424629,21243483,2797.65,0.13526936,0
1505424624,21243475,2797.65,0.01743524,0
1505424613,21243453,2797.65,0.01690780,0
1505424612,21243443,2797.65,0.05188310,0
1505424611,21243434,2797.65,0.05188310,0
1505424610,21243431,2797.65,0.05188310,0
1505424609,21243428,2797.65,0.05188310,0
1505424599,21243421,2797.65,0.03756830,0
1505424598,21243419,2797.04,0.29384481,0
1505424583,21243407,2797.04,0.03364908,0
1505424572,21243399,2797.04,0.17500211,0
1505424571,21243394,2797.04,0.07027826,0
1505424571,21243385,2797.00,0.15863020,0
1505424569,21243380,2797.00,1.00000000,1
1505424566,21243373,2797.04,0.02989843,0
1505424545,21243356,2797.04,0.21792398,0
1505424543,21243350,2797.04,0.01668331,0
1505424527,21243334,2797.04,0.04052002,0
1505424525,21243329,2796.84,0.22696467,0
1505424484,21243240,2796.96,0.02365000,0
1505424472,21243226,2779.90,0.25061467,1
1505424455,21243208,2800.00,0.87778045,1
1505424454,21243205,2799.63,0.12221955,1
1505424453,21243201,2799.63,1.00000000,0
1505424450,21243195,2778.00,0.02832095,1
1505424450,21243194,2778.00,1.00000000,0
1505424449,21243192,2778.06,1.00000000,0
1505424449,21243189,2790.00,0.01780000,1
1505424449,21243187,2796.40,5.00025161,1
1505424448,21243183,2796.41,0.16700000,1
1505424445,21243178,2796.40,0.17000000,1
1505424443,21243174,2796.40,2.00000000,1
1505424424,21243158,2799.89,0.16388085,0
1505424423,21243155,2799.90,0.13945101,0
1505424412,21243128,2802.79,0.57263655,0
1505424405,21243121,2796.40,1.74511524,0
1505424404,21243116,2797.90,0.03353106,0
1505424403,21243112,2799.55,0.05525530,1
1505424387,21243090,2799.55,0.18688360,1
1505424387,21243089,2800.00,0.20000000,1
1505424387,21243088,2800.00,0.20000000,1
1505424385,21243084,2803.88,0.07440392,0
1505424384,21243083,2803.88,0.01170647,0
1505424372,21243065,2803.92,0.01071693,0
1505424372,21243063,2803.92,0.00800000,0
1505424366,21243054,2809.79,0.03266080,1
1505424364,21243051,2809.79,0.08402335,0
1505424361,21243045,2809.90,0.04846227,0
1505424358,21243040,2809.89,0.08874725,1
1505424358,21243039,2809.89,0.00801811,1
1505424357,21243037,2809.89,0.08874725,0
1505424348,21243024,2805.00,0.71208556,1
1505424348,21243023,2805.01,0.14670571,1
1505424344,21243021,2809.90,0.01825000,0
1505424338,21243016,2809.90,0.32786497,0
1505424323,21242980,2809.90,0.10025000,0
1505424321,21242976,2810.00,0.10903636,0
1505424321,21242975,2809.97,0.95479334,0
1505424304,21242942,2812.41,0.12520299,0
1505424284,21242928,2812.41,0.00996610,0
1505424283,21242925,2805.01,0.05157638,1
1505424282,21242922,2812.38,0.04520666,0
1505424280,21242918,2805.01,0.04800580,1
1505424267,21242906,2810.00,0.01965715,1
1505424261,21242898,2812.41,0.35981034,0
1505424258,21242892,2810.00,0.82402270,0
1505424253,21242888,2810.00,0.17597730,0
1505424232,21242858,2807.70,0.00198793,1
1505424229,21242855,2807.60,2.99010000,1
1505424228,21242854,2807.62,3.11032525,1
1505424228,21242853,2809.00,0.20000000,1
1505424228,21242852,2809.00,0.07352768,1
1505424212,21242833,2809.00,0.00397585,1
1505424212,21242832,2809.00,0.92249647,0
1505424202,21242820,2809.00,0.17755429,0
1505424200,21242816,2809.00,0.14898426,0
1505424199,21242814,2809.00,0.35297458,0
1505424199,21242812,2810.00,0.54116613,1
1505424199,21242811,2810.03,0.85682427,1
1505424197,21242806,2809.76,0.35480000,0
1505424197,21242805,2809.75,0.09608216,0
1505424197,21242804,2809.74,0.00795171,0
1505424187,21242795,2809.75,0.05622784,0
1505424185,21242793,2808.00,0.09123475,0
1505424185,21242792,2807.99,0.01590342,0
1505424174,21242775,2809.72,0.00813346,0
1505424165,21242759,2809.75,0.06367792,0
1505424165,21242758,2809.51,0.03994029,0
1505424157,21242748,2809.56,0.03193956,0
1505424154,21242743,2809.69,0.07044673,0
1505424144,21242671,2809.75,0.13881208,0
1505424144,21242669,2808.00,0.45697869,0
1505424144,21242668,2807.95,0.27009923,0
1505424140,21242652,2807.44,0.08783236,0
1505424138,21242643,2807.43,0.12365985,0
1505424132,21242627,2807.40,0.01950798,0
1505424125,21242604,2808.00,0.33037037,0
1505424113,21242546,2801.60,0.01035945,1
1505424107,21242512,2801.53,0.03107973,1
1505424107,21242510,2801.53,0.11209600,1
1505424101,21242482,2808.00,0.17665094,0
1505424096,21242464,2808.00,0.03600000,0
1505424085,21242433,2800.00,0.01129273,0
1505424085,21242432,2800.00,0.48428302,0
1505424085,21242431,2800.00,0.05000000,0
1505424085,21242429,2800.00,0.46571698,0
1505424083,21242423,2800.00,0.03428302,0
1505424083,21242418,2800.00,1.00000000,0
1505424078,21242391,2799.58,0.08220889,1
1505424078,21242387,2799.57,0.01073452,0
1505424077,21242385,2799.51,1.00000000,0
1505424066,21242345,2799.79,0.01017527,0
1505424064,21242338,2799.75,0.06715479,0
1505424052,21242302,2800.00,0.36395690,0
1505424051,21242301,2799.00,0.60000000,0
1505424051,21242300,2798.40,0.03604310,0
1505424016,21242217,2775.60,1.02515450,0
1505424016,21242215,2775.71,0.29160252,0
1505424016,21242214,2775.71,0.69800000,1
1505424015,21242212,2778.20,0.20000000,1
1505424015,21242209,2780.00,0.10000000,1
1505424015,21242207,2782.00,4.62204633,1
1505424014,21242204,2782.03,0.15123082,1
1505424009,21242196,2782.00,19.28850502,1
1505424009,21242195,2782.01,0.69519498,1
1505424009,21242194,2784.34,0.01630000,1
1505424006,21242190,2798.99,0.65662241,0
1505424006,21242188,2793.21,0.22870307,0
1505424006,21242187,2793.21,0.11467452,0
1505424004,21242179,2793.18,0.10025000,0
1505423964,21242140,2793.72,0.01026920,0
1505423963,21242139,2782.00,0.68000000,1
1505423955,21242128,2802.97,0.00374984,1
1505423953,21242124,2802.97,0.03490520,0
1505423944,21242108,2782.00,7.64946266,1
1505423944,21242107,2782.73,0.00500000,1
1505423944,21242106,2783.00,1.00000000,1
1505423944,21242105,2783.01,0.69088626,1
1505423943,21242104,2789.93,0.00982323,0
1505423938,21242101,2783.04,0.23694470,0
1505423938,21242100,2785.00,0.20000000,1
1505423937,21242098,2788.00,0.22100000,0
1505423936,21242093,2788.00,0.34205530,1
1505423932,21242076,2789.99,0.50000000,0
1505423929,21242072,2788.00,0.05363686,1
1505423927,21242068,2789.99,0.10000000,0
1505423924,21242061,2788.00,0.05387040,1
1505423923,21242060,2789.99,0.05000000,0
1505423918,21242053,2789.99,0.04000000,0
1505423916,21242050,2788.00,0.26959095,1
1505423913,21242044,2790.00,0.65465108,1
1505423913,21242043,2790.03,0.31500000,0
1505423909,21242039,2806.79,0.16288882,0
1505423907,21242037,2794.20,0.03330731,0
1505423906,21242034,2795.00,0.00894359,1
1505423905,21242030,2799.86,0.50025000,0
1505423891,21241998,2799.00,1.54196356,1
1505423873,21241969,2800.00,0.05000000,1
1505423873,21241968,2800.00,0.01327752,1
1505423873,21241967,2800.00,0.30426822,1
1505423871,21241963,2800.00,0.00336629,1
1505423868,21241959,2800.00,0.00673258,1
1505423865,21241954,2800.00,1.80710360,1
1505423865,21241953,2800.00,0.01346516,1
1505423862,21241951,2800.00,0.02693033,1
1505423859,21241950,2800.00,5.00000000,1
1505423859,21241948,2800.00,0.39137169,1
1505423859,21241945,2800.00,0.05386066,1
1505423858,21241943,2800.00,5.25994790,1
1505423858,21241942,2800.00,0.19000000,1
1505423858,21241941,2800.00,0.00300000,1
1505423858,21241940,2800.00,0.00700000,1
1505423858,21241939,2800.00,2.00000000,1
1505423857,21241938,2800.00,1.90000000,1
1505423857,21241937,2800.01,0.62153060,1
1505423857,21241936,2801.00,0.01852150,1
1505423855,21241932,2801.00,0.02564793,1
1505423851,21241927,2801.00,0.05129586,1
1505423848,21241923,2801.00,0.02051835,1
1505423845,21241918,2801.00,0.03603669,1
1505423845,21241916,2801.10,0.00500000,1
1505423845,21241912,2809.18,0.06765530,0
1505423844,21241910,2801.50,0.85028652,0
1505423844,21241909,2801.97,0.08900000,1
1505423844,21241908,2802.00,0.03593000,1
1505423844,21241907,2802.00,0.04614338,1
1505423844,21241906,2803.00,0.97864010,1
1505423840,21241904,2803.00,0.02135990,1
1505423827,21241888,2812.26,0.23901622,1
1505423827,21241885,2812.26,0.11578739,1
1505423825,21241882,2812.27,0.83353305,1
1505423813,21241868,2812.77,0.61893246,0
1505423803,21241839,2804.50,0.09085786,0
1505423802,21241836,2805.00,0.20000000,1
1505423802,21241835,2805.00,0.57223121,1
1505423774,21241797,2805.00,0.38490545,1
1505423768,21241790,2805.00,0.00786334,1
1505423767,21241789,2807.14,0.00199924,1
1505423760,21241766,2820.90,0.02071060,0
1505423757,21241757,2807.14,0.09800076,0
1505423751,21241745,2807.14,0.01000000,1
1505423751,21241743,2807.26,0.09000000,1
1505423748,21241732,2807.90,0.37001178,1
1505423748,21241730,2809.65,0.52800000,1
1505423747,21241728,2810.00,0.80288038,1
1505423747,21241727,2810.01,0.20000000,1
1505423737,21241709,2810.00,0.35000000,1
1505423734,21241702,2810.00,10.00000000,1
1505423725,21241680,2810.00,8.84711962,1
1505423725,21241679,2810.01,1.15288038,1
1505423722,21241670,2810.21,0.06519214,1
1505423717,21241658,2827.20,0.07732508,0
1505423703,21241635,2827.40,0.03649443,0
1505423702,21241634,2810.07,0.50000000,1
1505423697,21241622,2827.43,0.14111755,0
1505423682,21241587,2827.80,0.05184197,0
1505423667,21241566,2819.00,0.73280956,1
1505423667,21241565,2819.01,0.02500000,1
1505423650,21241524,2819.28,0.25109171,0
1505423650,21241523,2819.29,0.04850829,1
1505423609,21241456,2835.42,0.03479226,0
1505423605,21241453,2833.74,0.01647917,0
1505423604,21241449,2819.04,0.28100000,1
1505423601,21241443,2837.17,1.12347446,1
1505423598,21241435,2837.17,2.00000000,1
1505423596,21241433,2837.17,0.87251000,1
1505423594,21241432,2837.17,0.38488140,1
1505423592,21241430,2837.17,3.00000000,1
1505423591,21241429,2837.17,2.00000000,1
1505423588,21241424,2837.17,3.00000000,1
1505423588,21241422,2837.17,3.00000000,1
1505423588,21241421,2837.17,3.00000000,1
1505423587,21241420,2837.17,3.00000000,1
1505423584,21241413,2837.17,3.00000000,1
1505423583,21241410,2837.17,3.00000000,1
1505423583,21241409,2837.17,2.00000000,1
1505423583,21241405,2838.69,0.24961483,0
1505423582,21241403,2837.17,3.00000000,1
1505423582,21241401,2837.17,3.00000000,1
1505423582,21241396,2837.17,3.00000000,1
1505423582,21241395,2837.17,3.00000000,1
1505423580,21241382,2837.17,2.00000000,1
1505423580,21241375,2837.17,20.00000000,1
1505423579,21241372,2837.17,2.42322700,1
1505423578,21241369,2829.05,2.46200800,0
1505423578,21241368,2829.00,2.00000000,0
1505423578,21241367,2828.99,1.14572605,0
1505423578,21241366,2828.96,0.93690622,0
1505423564,21241343,2837.04,0.03315458,0
1505423547,21241303,2819.00,1.06231282,1
1505423546,21241301,2820.00,0.16109824,1
1505423546,21241298,2820.02,0.03525000,1
1505423544,21241296,2822.00,1.00000000,1
1505423544,21241294,2822.01,1.14585835,1
1505423544,21241292,2822.02,0.16364239,1
1505423541,21241284,2838.76,1.13751139,0
1505423541,21241283,2838.72,0.10000000,0
1505423541,21241282,2838.70,1.04001577,0
1505423537,21241275,2838.75,0.10025000,1
1505423534,21241258,2838.74,0.02993920,0
1505423525,21241230,2830.00,0.53577050,0
1505423524,21241226,2830.00,7.51417920,1
1505423524,21241225,2830.56,0.13422396,1
1505423523,21241224,2830.64,1.14148742,1
1505423518,21241221,2833.69,0.19191204,1
1505423518,21241220,2835.39,0.34400000,1
1505423518,21241219,2835.39,0.27001553,1
1505423515,21241216,2839.00,0.02981131,0
1505423515,21241215,2838.12,0.09052683,0
1505423513,21241211,2838.12,0.20947317,1
1505423510,21241201,2838.12,0.04195804,0
1505423509,21241198,2839.00,0.57007526,0
1505423509,21241197,2838.56,0.22988920,0
1505423509,21241196,2838.49,0.02950316,0
1505423505,21241191,2838.05,0.02950316,0
1505423505,21241190,2830.56,0.77444604,0
1505423504,21241188,2830.56,0.13422400,0
1505423503,21241185,2838.56,0.11411080,0
1505423502,21241183,2838.12,0.03477050,0
1505423495,21241168,2830.46,0.49900000,1
1505423488,21241159,2838.49,0.31754692,0
1505423488,21241158,2838.35,0.04876294,0
1505423486,21241156,2838.35,0.01024339,0
1505423478,21241146,2838.49,0.14881954,0
1505423478,21241145,2838.22,0.09434563,0
1505423476,21241141,2838.22,0.02366702,0
1505423471,21241129,2838.49,0.19518046,0
1505423471,21241128,2838.49,0.13164119,0
1505423470,21241127,2838.49,0.21235881,0
1505423469,21241126,2838.37,0.34400000,0
1505423469,21241125,2838.35,0.34400000,0
1505423469,21241124,2838.35,0.34400000,0
1505423469,21241123,2838.35,0.10226203,0
1505423469,21241122,2838.35,0.19308741,1
1505423468,21241120,2838.35,0.24173797,0
1505423468,21241119,2838.24,0.19257176,0
1505423467,21241116,2837.81,0.19308741,0
1505423467,21241114,2837.78,0.12961999,0
1505423458,21241100,2838.24,0.02389861,0
1505423457,21241096,2838.24,0.12752963,0
1505423448,21241089,2838.89,0.34402852,1
1505423444,21241039,2838.85,0.08282382,0
1505423441,21241034,2838.88,0.64978944,0
1505423441,21241033,2838.87,0.06390443,0
1505423435,21241030,2838.77,0.07410980,0
1505423429,21241023,2838.80,0.01113440,0
1505423425,21241018,2838.90,0.10487878,0
1505423413,21240991,2838.93,0.01742895,0
1505423410,21240986,2830.56,0.15546059,0
1505423410,21240984,2830.56,0.25453941,1
1505423404,21240978,2838.95,0.06605611,0
1505423403,21240975,2838.95,1.03386878,0
1505423402,21240973,2838.96,0.03642179,0
1505423397,21240970,2830.59,0.26000000,1
1505423397,21240969,2838.99,0.01323310,0
1505423392,21240961,2839.00,0.01323203,0
1505423384,21240956,2839.32,0.09120433,0
1505423381,21240952,2839.32,0.01367000,0
1505423375,21240946,2839.32,0.02734000,0
1505423368,21240939,2839.32,0.06833000,0
1505423364,21240928,2839.33,0.01644863,0
1505423359,21240918,2839.33,0.05000631,0
1505423325,21240879,2845.79,0.01618920,0
1505423319,21240876,2833.31,0.00422504,1
1505423304,21240858,2833.03,0.05874861,1
1505423296,21240853,2847.90,0.02282209,1
1505423294,21240852,2847.86,0.17742791,0
1505423272,21240821,2848.20,0.03500000,0
1505423266,21240816,2848.17,0.01625809,0
1505423243,21240796,2848.50,0.03435906,0
1505423234,21240783,2835.23,0.03043692,1
1505423227,21240775,2848.76,0.01027039,0
1505423225,21240774,2848.79,0.22564001,0
1505423225,21240773,2835.16,0.10000000,0
1505423224,21240771,2835.21,0.17600000,1
1505423188,21240741,2849.28,1.28460874,0
1505423146,21240675,2849.68,0.01674058,0
1505423132,21240663,2830.10,0.01000000,1
1505423131,21240660,2830.09,0.01000000,1
1505423129,21240658,2830.05,0.01000000,1
1505423127,21240654,2830.01,0.01000000,1
1505423126,21240653,2830.01,0.01000000,1
1505423123,21240645,2830.00,0.01000000,1
1505423121,21240635,2830.01,0.00730965,1
1505423121,21240634,2830.03,0.00269035,1
1505423119,21240627,2830.03,0.01000000,1
1505423118,21240622,2849.94,0.40816189,0
1505423117,21240620,2830.06,0.01000000,1
1505423116,21240618,2830.00,0.01000000,1
1505423115,21240617,2849.98,0.22556118,0
1505423115,21240616,2849.97,0.01999882,0
1505423114,21240615,2830.00,0.01000000,1
1505423112,21240608,2849.98,0.34406352,0
1505423112,21240606,2830.01,0.01000000,1
1505423110,21240597,2830.00,0.01000000,1
1505423109,21240592,2840.24,0.48094463,0
1505423109,21240590,2839.95,0.01905537,0
1505423108,21240589,2830.01,0.01000000,1
1505423106,21240577,2830.01,0.01000000,1
1505423105,21240575,2840.24,0.03231065,0
1505423105,21240572,2840.24,0.05358634,0
1505423104,21240563,2830.01,0.01000000,1
1505423103,21240561,2839.97,0.01642552,0
1505423102,21240553,2830.01,0.00891280,1
1505423101,21240552,2832.04,0.00108720,1
1505423100,21240551,2832.04,0.01000000,1
1505423098,21240546,2832.04,0.01000000,1
1505423096,21240543,2832.04,0.01000000,1
1505423094,21240534,2832.04,0.01000000,1
1505423092,21240531,2832.06,0.43254380,0
1505423092,21240529,2832.06,0.05745620,0
1505423085,21240518,2840.00,0.00675427,1
1505423082,21240510,2840.00,0.07500000,1
1505423081,21240508,2840.62,0.01152400,0
1505423081,21240506,2840.60,0.13296759,0
1505423080,21240502,2840.00,0.01824573,1
1505423079,21240500,2840.02,0.08175427,1
1505423079,21240499,2840.62,0.87789285,0
1505423076,21240493,2846.59,0.09000000,1
1505423065,21240464,2846.59,0.09000000,1
1505423065,21240463,2848.01,0.08508828,1
1505423065,21240462,2849.30,0.02494023,1
1505423062,21240456,2850.10,0.28325600,0
1505423062,21240454,2848.00,0.00379277,0
1505423062,21240452,2848.00,0.81620723,1
1505423058,21240446,2849.30,0.00130009,1
1505423058,21240445,2849.49,0.16996171,1
1505423052,21240432,2850.07,0.09291985,0
1505423052,21240430,2850.00,0.04395975,0
1505423052,21240429,2850.00,0.00253183,0
1505423049,21240426,2850.00,0.09746817,1
1505423046,21240418,2853.99,0.02305911,0
1505423044,21240409,2850.00,0.05600213,1
1505423040,21240395,2854.00,0.08639919,0
1505422991,21240356,2855.00,0.16376344,0
1505422989,21240352,2854.99,0.01808440,0
1505422978,21240321,2855.00,0.39116002,0
1505422978,21240320,2854.99,0.00196013,0
1505422973,21240312,2849.30,0.06049355,0
1505422972,21240310,2852.78,0.33452478,1
1505422972,21240309,2852.78,0.20710129,0
1505422972,21240308,2852.79,0.21680821,1
1505422972,21240307,2853.83,0.01000000,1
1505422970,21240304,2853.84,0.17107217,1
1505422956,21240289,2854.99,0.17203987,0
1505422943,21240266,2855.00,0.07577857,0
1505422943,21240264,2854.00,2.11562943,0
1505422922,21240229,2853.00,0.10756118,1
1505422922,21240228,2853.00,0.03147000,1
1505422919,21240222,2854.00,0.88437057,0
1505422919,21240221,2853.50,0.56400754,0
1505422914,21240218,2853.50,0.88595135,0
1505422914,21240217,2853.47,0.23752797,0
1505422908,21240207,2853.50,0.03296094,0
1505422907,21240204,2853.50,0.06177659,0
1505422905,21240202,2853.50,0.03295429,0
1505422903,21240200,2853.50,0.05118067,0
1505422903,21240199,2853.00,0.20810181,0
1505422900,21240191,2848.10,0.01460518,1
1505422898,21240189,2848.10,0.00098576,1
1505422898,21240188,2848.11,3.43582500,1
1505422896,21240184,2848.19,0.03264674,1
1505422895,21240181,2848.10,0.02390716,1
1505422893,21240179,2848.10,0.02555000,1
1505422893,21240178,2848.15,0.01000000,1
1505422891,21240176,2853.00,0.02436562,0
1505422890,21240175,2853.00,0.04733876,0
1505422890,21240174,2850.30,0.00317735,0
1505422888,21240167,2853.00,0.68456516,0
1505422887,21240164,2852.86,0.23692250,0
1505422887,21240163,2853.00,0.03262865,0
1505422887,21240162,2852.88,0.00635472,0
1505422887,21240161,2850.30,0.06179364,0
1505422878,21240154,2848.70,0.01270943,0
1505422878,21240153,2848.70,0.00022491,0
1505422876,21240152,2848.70,0.25025000,0
1505422866,21240141,2848.70,0.16845162,0
1505422866,21240139,2848.70,0.16107347,0
1505422846,21240124,2850.30,0.01000000,1
1505422830,21240109,2853.50,0.00885968,0
1505422830,21240106,2852.96,0.02541886,1
1505422828,21240101,2850.00,0.00033395,0
1505422815,21240080,2848.70,0.05000000,1
1505422813,21240079,2849.09,0.01000000,1
1505422796,21240059,2850.00,0.09966605,0
1505422796,21240058,2849.98,0.05083772,0
1505422771,21240023,2848.30,0.13028945,0
1505422769,21240020,2848.31,0.01000000,1
1505422738,21240000,2853.41,0.10098688,0
1505422712,21239959,2848.04,0.50000000,1
1505422695,21239955,2853.94,0.08014109,1
1505422695,21239954,2851.28,0.01239855,0
1505422695,21239953,2849.94,0.04099767,1
1505422694,21239952,2850.00,0.06067776,1
1505422694,21239951,2850.00,0.00842000,0
1505422693,21239950,2848.06,0.20335087,0
1505422689,21239947,2848.06,0.12293170,0
1505422687,21239946,2850.00,0.20200000,1
1505422685,21239944,2854.31,0.08037669,0
1505422631,21239928,2855.00,0.49471976,0
1505422631,21239927,2849.94,0.01820181,0
1505422631,21239926,2849.67,0.48707843,0
1505422576,21239908,2854.99,0.00584313,0
1505422576,21239907,2854.99,0.00415687,0
1505422572,21239905,2848.00,0.00831373,1
1505422571,21239903,2848.00,0.62412616,1
1505422571,21239902,2848.00,0.64146700,0
1505422570,21239901,2847.99,0.01662746,0
1505422544,21239883,2848.00,0.00972491,0
1505422536,21239879,2848.00,0.08000000,0
1505422515,21239867,2847.40,0.08065242,1
1505422515,21239866,2848.00,0.03502809,0
1505422508,21239862,2855.00,0.08035726,0
1505422505,21239859,2854.97,0.32493511,0
1505422504,21239854,2841.19,0.02980727,1
1505422504,21239853,2841.98,0.01645931,1
1505422504,21239852,2842.02,0.04479560,1
1505422504,21239851,2848.00,0.09000000,1
1505422484,21239823,2854.97,0.01692626,0
1505422454,21239791,2842.02,0.89543247,0
1505422454,21239790,2848.00,0.09000000,1
1505422454,21239789,2849.21,0.17000000,0
1505422453,21239788,2849.23,0.01680000,0
1505422447,21239786,2855.00,0.33467658,0
1505422445,21239781,2855.00,0.32493170,0
1505422423,21239763,2848.55,0.14622597,1
1505422403,21239757,2856.00,0.51554704,0
1505422385,21239741,2856.00,0.32481793,0
1505422384,21239735,2855.97,0.09561193,0
1505422363,21239720,2855.96,0.01640540,0
1505422345,21239708,2856.65,0.34329995,0
1505422337,21239706,2842.05,0.10032924,1
1505422332,21239703,2848.80,0.08413685,1
1505422332,21239701,2848.81,0.00000385,1
1505422331,21239693,2848.81,0.09999615,1
1505422325,21239682,2856.76,0.00968399,0
1505422320,21239674,2856.77,0.04000000,0
1505422317,21239666,2848.80,0.08999580,1
1505422288,21239644,2842.53,0.03450000,1
1505422265,21239622,2856.89,0.07111232,0
1505422244,21239611,2857.46,0.03393355,0
1505422241,21239610,2857.44,0.13214336,0
1505422215,21239579,2842.09,0.10916292,1
1505422213,21239578,2857.50,0.00000403,0
1505422213,21239577,2857.15,0.00000108,0
1505422211,21239572,2857.14,0.02357253,1
1505422207,21239562,2857.15,0.10847892,1
1505422205,21239559,2857.15,0.06610064,0
1505422205,21239558,2857.15,0.03389936,0
1505422203,21239555,2857.12,0.10102438,0
1505422186,21239548,2850.00,0.10000000,1
1505422164,21239529,2857.71,0.05126102,0
1505422152,21239521,2857.72,0.34341457,0
1505422130,21239498,2850.17,0.55314245,1
1505422126,21239493,2857.88,0.06586186,0
1505422125,21239492,2857.80,0.03042337,0
1505422066,21239450,2857.87,0.20557857,0
1505422055,21239441,2854.00,0.00825000,0
1505422043,21239432,2853.97,0.01585000,0
1505422026,21239424,2857.78,0.03211233,0
1505422024,21239418,2857.79,0.06727964,0
1505422003,21239358,2857.71,0.01311750,0
1505421987,21239349,2857.33,0.01695414,0
1505421985,21239347,2857.33,0.01212328,0
1505421983,21239342,2857.35,0.04525000,0
1505421973,21239333,2857.37,0.34295553,0
1505421966,21239328,2857.41,1.81710360,0
1505421964,21239324,2857.82,0.32460756,0
1505421961,21239319,2857.45,0.61345438,0
1505421961,21239318,2850.30,0.07345928,0
1505421959,21239317,2850.30,0.08970785,0
1505421929,21239232,2850.30,0.23683287,0
1505421929,21239231,2850.29,0.01316713,0
1505421906,21239208,2857.59,0.03383381,0
1505421884,21239183,2857.84,0.03420886,0
1505421881,21239178,2857.85,0.14818505,1
1505421881,21239177,2857.85,0.02633426,0
1505421873,21239159,2857.87,0.01325735,0
1505421873,21239156,2857.87,0.01346117,0
1505421873,21239155,2853.31,0.02500000,0
1505421871,21239154,2853.16,0.07031527,0
1505421869,21239153,2853.19,0.00969572,0
1505421856,21239136,2839.21,0.91604439,1
1505421856,21239135,2839.21,0.07019993,1
1505421856,21239134,2839.22,0.50000000,0
1505421856,21239133,2839.22,0.36281469,0
1505421854,21239129,2853.31,0.01961728,1
1505421846,21239119,2853.29,0.02814049,0
1505421843,21239114,2857.88,0.00974003,0
1505421829,21239098,2857.87,0.10924032,0
1505421828,21239097,2853.79,0.02080000,0
1505421828,21239096,2853.76,0.02080000,0
1505421828,21239095,2853.76,0.02080000,0
1505421828,21239094,2853.75,0.02080000,0
1505421828,21239093,2853.75,0.02080000,0
1505421828,21239092,2853.75,0.02080000,0
1505421827,21239091,2853.75,0.02080000,0
1505421827,21239090,2853.75,0.01159245,0
1505421827,21239089,2853.75,0.01500000,1
1505421827,21239088,2853.75,0.00920755,0
1505421827,21239087,2853.75,0.02080000,0
1505421826,21239086,2853.74,0.02080000,0
1505421826,21239085,2853.74,0.02080000,0
1505421826,21239084,2853.74,0.02080000,0
1505421826,21239083,2853.72,0.02080000,0
1505421826,21239082,2853.71,0.02080000,0
1505421825,21239080,2853.38,0.06236423,0
1505421824,21239074,2838.95,0.07170000,1
1505421822,21239071,2838.95,0.04269856,1
1505421822,21239070,2838.98,0.11459144,1
1505421813,21239059,2853.47,0.03845129,0
1505421808,21239052,2853.48,0.10253089,0
1505421807,21239049,2853.44,0.01668232,0
1505421793,21239021,2857.85,0.00000360,1
1505421792,21239016,2857.85,0.02083385,1
1505421788,21239009,2857.86,0.02029592,0
1505421786,21239008,2857.87,0.13083773,0
1505421771,21238988,2857.92,0.03333136,0
1505421769,21238983,2857.95,0.03524627,0
1505421769,21238980,2857.95,0.08426360,0
1505421760,21238956,2830.00,5.70594443,1
1505421760,21238955,2830.00,1.19956757,0
1505421760,21238954,2830.00,0.01500000,0
1505421759,21238952,2830.01,1.00000000,1
1505421759,21238949,2839.91,0.09000000,1
1505421757,21238944,2843.13,0.68578800,1
1505421753,21238926,2858.43,0.06457776,0
1505421746,21238912,2830.00,1.73987637,1
1505421746,21238909,2831.00,1.35897822,1
1505421746,21238908,2834.00,1.23191601,1
1505421745,21238907,2836.00,1.00000000,1
1505421745,21238906,2836.00,0.57200350,0
1505421745,21238905,2839.39,0.08024963,1
1505421745,21238904,2839.60,0.00351106,1
1505421744,21238902,2840.00,0.01661267,1
1505421744,21238901,2840.00,0.05000000,1
1505421744,21238900,2842.10,0.09000000,1
1505421743,21238898,2843.13,0.53384433,0
1505421742,21238897,2843.13,0.03786059,1
1505421735,21238875,2845.26,0.13961653,0
1505421728,21238856,2845.25,0.03190333,1
1505421728,21238855,2845.51,0.07505784,1
1505421728,21238853,2845.62,0.06303883,1
1505421725,21238846,2863.70,1.62424485,1
1505421724,21238843,2858.89,0.11776335,1
1505421723,21238839,2858.89,0.06318457,0
1505421721,21238834,2858.90,0.01304663,0
1505421719,21238825,2850.91,0.06927970,1
1505421718,21238823,2848.00,0.00237110,0
1505421717,21238818,2848.00,0.43000000,1
1505421717,21238815,2850.00,0.10400954,1
1505421716,21238811,2850.00,15.00000000,1
1505421716,21238807,2850.00,1.00000000,1
1505421716,21238805,2850.00,0.03500000,1
1505421716,21238804,2850.02,0.28040000,1
1505421716,21238803,2850.22,0.26821936,1
1505421713,21238796,2850.91,0.21787428,0
1505421711,21238789,2850.91,0.76661487,0
1505421710,21238779,2850.91,0.70422561,0
1505421708,21238770,2850.91,0.76621262,0
1505421707,21238768,2850.91,0.00997517,0
1505421706,21238762,2851.00,0.05000000,1
1505421697,21238746,2855.00,0.02000000,1
1505421697,21238744,2855.00,1.00000000,1
1505421697,21238742,2855.55,0.92787962,1
1505421697,21238741,2856.12,0.10000000,1
1505421697,21238740,2856.13,0.10000000,1
1505421691,21238725,2870.97,0.03183727,0
1505421684,21238707,2871.02,0.03377614,0
1505421683,21238706,2856.24,0.18972122,1
1505421679,21238691,2871.00,0.34743992,0
1505421678,21238690,2871.00,0.10268790,0
1505421677,21238687,2871.03,0.68383680,0
1505421677,21238684,2871.03,0.11940287,0
1505421671,21238670,2871.04,0.00971903,0
1505421669,21238666,2872.51,0.02602150,0
1505421667,21238662,2872.52,0.09999653,0
1505421665,21238660,2872.52,0.05973779,1
1505421665,21238658,2872.51,0.10000000,0
1505421664,21238657,2872.52,0.15973779,0
1505421627,21238618,2876.97,0.84551750,0
1505421627,21238617,2876.90,8.85210000,0
1505421627,21238616,2871.44,0.23913904,0
1505421627,21238615,2870.60,8.17620000,0
1505421627,21238614,2869.00,0.76180480,0
1505421627,21238612,2867.00,0.05442056,0
1505421626,21238610,2866.99,2.07081810,0
1505421626,21238608,2866.99,0.01285290,0
1505421624,21238602,2866.94,0.05125088,0
1505421622,21238599,2866.91,0.04442024,0
1505421620,21238593,2855.55,0.07212038,1
1505421620,21238592,2855.77,0.08454203,1
1505421618,21238590,2855.80,0.24333759,1
1505421605,21238565,2867.00,0.08002093,0
1505421605,21238564,2867.00,0.00994119,0
1505421603,21238559,2866.97,0.05922010,0
1505421592,21238546,2855.57,0.01545797,1
1505421575,21238534,2855.60,0.30000000,1
1505421571,21238528,2869.00,0.16384454,0
1505421571,21238527,2868.77,0.10000000,0
1505421570,21238522,2868.78,0.03381131,0
1505421561,21238504,2855.59,0.04118852,1
1505421555,21238493,2868.82,0.08642239,0
1505421545,21238491,2868.89,0.03198798,0
1505421543,21238487,2868.89,0.06570231,0
1505421533,21238477,2868.90,1.03312325,0
1505421529,21238476,2868.88,0.01857974,0
1505421523,21238472,2869.00,0.04183934,0
1505421523,21238470,2868.99,0.17654113,0
1505421523,21238469,2868.99,0.18839484,0
