date,tid,price,amount,type
1505433660,21260980,3231.70,0.04871500,1
1505433658,21260967,3231.70,0.04871500,1
1505433656,21260961,3231.70,0.06483276,1
1505433655,21260959,3231.70,0.01000000,0
1505433639,21260938,3232.90,2.76809087,1
1505433639,21260935,3236.98,0.00538555,0
1505433638,21260934,3232.90,0.22190913,1
1505433638,21260933,3232.90,0.01000000,0
1505433629,21260927,3236.33,1.93720000,1
1505433629,21260926,3236.33,0.05280000,1
1505433627,21260925,3236.33,1.00000000,1
1505433627,21260924,3233.06,0.01000000,0
1505433625,21260922,3223.59,0.99000000,1
1505433625,21260921,3224.15,0.01000000,1
1505433623,21260919,3223.56,0.97817500,1
1505433623,21260917,3224.15,0.01000000,1
1505433623,21260916,3224.16,0.01182500,1
1505433616,21260908,3225.00,0.88868770,0
1505433615,21260907,3225.00,0.00740000,1
1505433614,21260906,3236.34,1.09695616,1
1505433614,21260905,3236.34,0.01000000,1
1505433613,21260903,3236.34,0.01000000,0
1505433613,21260902,3236.33,0.88304384,0
1505433613,21260901,3226.30,1.00000000,0
1505433611,21260899,3226.30,0.01618700,0
1505433610,21260898,3226.30,0.87760000,0
1505433608,21260896,3226.30,0.02100000,0
1505433607,21260895,3226.30,0.02800900,1
1505433607,21260894,3226.31,0.02100600,1
1505433601,21260882,3227.79,0.02492600,0
1505433600,21260880,3227.79,0.30000000,1
1505433597,21260875,3227.79,1.00000000,1
1505433595,21260872,3227.79,1.00000000,1
1505433594,21260869,3227.79,1.00000000,1
1505433593,21260868,3236.33,0.00430842,0
1505433591,21260865,3226.83,0.01000000,1
1505433591,21260864,3227.79,0.88760000,1
1505433590,21260863,3227.80,0.02629400,1
1505433588,21260858,3227.79,1.00000000,1
1505433586,21260856,3227.79,1.00000000,1
1505433585,21260855,3226.68,0.11240000,0
1505433584,21260854,3226.68,0.01000000,0
1505433584,21260853,3226.68,0.87760000,0
1505433582,21260852,3226.68,0.88754350,0
1505433581,21260851,3226.68,0.01000000,1
1505433579,21260850,3237.80,1.33843567,0
1505433579,21260849,3237.80,1.16156433,0
1505433579,21260848,3226.69,0.01512956,1
1505433579,21260847,3227.79,0.94400000,1
1505433578,21260846,3235.00,0.04087044,1
1505433578,21260845,3238.85,1.18576154,0
1505433578,21260844,3238.83,0.80673846,0
1505433578,21260842,3235.59,0.00750000,0
1505433578,21260841,3227.79,1.00000000,0
1505433570,21260839,3227.79,0.00460000,1
1505433568,21260838,3234.68,3.07810000,0
1505433567,21260837,3235.05,3.08130000,1
1505433566,21260836,3235.07,0.03033100,0
1505433565,21260834,3235.09,0.03033100,1
1505433550,21260830,3238.86,1.38500000,0
1505433549,21260829,3238.86,0.00537200,0
1505433548,21260828,3238.86,0.94900000,0
1505433547,21260826,3235.06,0.03220200,1
1505433540,21260821,3244.50,0.99000000,0
1505433538,21260816,3244.49,0.08000000,0
1505433537,21260813,3235.04,0.42767464,1
1505433536,21260812,3244.49,0.01500000,0
1505433536,21260811,3244.50,0.70686483,0
1505433536,21260810,3235.05,0.07547715,0
1505433535,21260807,3235.05,0.00403787,0
1505433535,21260805,3235.05,0.03395400,0
1505433534,21260804,3235.05,0.88653098,1
1505433526,21260799,3242.80,0.15021000,1
1505433518,21260796,3245.00,0.01957159,0
1505433518,21260795,3244.38,0.01000000,0
1505433513,21260791,3242.53,0.04244802,1
1505433512,21260788,3242.54,0.00274098,1
1505433504,21260770,3245.00,1.75247457,0
1505433504,21260769,3244.98,0.83600000,0
1505433504,21260768,3244.38,0.01000000,0
1505433502,21260766,3242.54,0.47618005,0
1505433497,21260760,3242.54,0.53000000,0
1505433497,21260759,3239.99,0.01000000,0
1505433486,21260749,3235.00,2.67547701,1
1505433486,21260748,3236.58,4.28966699,1
1505433486,21260747,3236.79,0.03485600,1
1505433483,21260742,3236.85,0.01700000,0
1505433483,21260741,3235.56,2.69333301,0
1505433482,21260739,3235.56,0.88240000,0
1505433482,21260738,3235.02,4.11760000,0
1505433481,21260736,3235.00,8.88856445,0
1505433471,21260734,3235.00,0.13670000,0
1505433470,21260731,3235.00,0.97473555,0
1505433469,21260730,3234.99,1.51352530,0
1505433469,21260729,3234.99,1.56637470,0
1505433469,21260728,3234.99,0.58362530,0
1505433469,21260727,3234.99,0.30590022,0
1505433469,21260726,3233.01,0.00409978,0
1505433447,21260707,3233.01,0.01090022,0
1505433428,21260703,3227.79,0.00200000,1
1505433427,21260700,3227.81,0.15008600,0
1505433427,21260699,3227.80,5.00000000,0
1505433404,21260694,3227.89,0.01000000,0
1505433400,21260692,3227.89,0.03531400,0
1505433399,21260690,3228.68,0.00460000,1
1505433395,21260688,3228.86,0.05000000,1
1505433394,21260686,3237.93,1.00000000,1
1505433389,21260681,3237.93,0.01000000,1
1505433388,21260679,3237.93,0.01000000,1
1505433386,21260676,3242.27,1.49287907,1
1505433386,21260675,3242.27,0.00835000,1
1505433386,21260673,3240.00,1.21229293,1
1505433386,21260671,3240.00,0.08277920,0
1505433385,21260666,3239.30,0.02040741,0
1505433385,21260664,3237.93,0.20000000,0
1505433385,21260663,3235.30,0.04704046,1
1505433383,21260661,3235.30,0.01759300,1
1505433383,21260660,3235.30,3.08590000,0
1505433379,21260655,3228.86,0.57315000,0
1505433379,21260654,3225.67,0.03480436,1
1505433374,21260639,3223.89,0.01727417,1
1505433373,21260635,3225.66,0.01620000,0
1505433373,21260634,3225.66,0.00880000,0
1505433372,21260630,3223.89,0.03014520,1
1505433372,21260629,3223.89,0.09085480,1
1505433367,21260615,3238.10,0.06233019,1
1505433367,21260614,3238.10,0.00852000,1
1505433366,21260612,3213.79,1.80915400,1
1505433366,21260609,3213.79,1.76600000,1
1505433366,21260607,3220.00,1.00000000,1
1505433366,21260605,3220.01,0.03154600,1
1505433366,21260603,3220.26,4.38450000,1
1505433366,21260602,3225.66,0.00880000,1
1505433365,21260600,3238.10,0.02834069,0
1505433363,21260595,3238.11,2.88420856,0
1505433363,21260594,3237.51,0.04600000,0
1505433363,21260593,3237.49,0.87760000,0
1505433362,21260591,3237.38,12.00000000,0
1505433362,21260589,3235.32,1.60400000,0
1505433362,21260588,3235.32,0.20000000,1
1505433361,21260587,3228.86,0.24135943,1
1505433361,21260585,3228.87,0.05889957,1
1505433360,21260583,3228.87,0.00666859,0
1505433359,21260580,3228.86,0.14683201,0
1505433356,21260578,3228.87,0.00333141,0
1505433348,21260561,3233.69,0.48916831,1
1505433347,21260560,3233.69,0.04100000,0
1505433347,21260558,3231.69,0.00120968,0
1505433345,21260547,3225.89,0.03158700,0
1505433343,21260545,3225.89,0.52312042,1
1505433342,21260543,3220.25,0.87760000,0
1505433341,21260542,3231.69,0.00879032,0
1505433341,21260541,3225.89,0.00327000,0
1505433339,21260537,3220.00,0.99870000,0
1505433338,21260534,3216.35,2.32414760,0
1505433338,21260531,3216.35,0.00990000,0
1505433336,21260526,3216.35,1.00000000,0
1505433335,21260521,3216.35,0.11951972,0
1505433334,21260518,3216.35,0.04266200,0
1505433334,21260517,3220.00,1.00000000,1
1505433334,21260514,3220.01,3.39720000,1
1505433334,21260513,3233.69,0.88257068,1
1505433333,21260512,3228.13,2.99083156,0
1505433333,21260511,3228.13,1.51055693,1
1505433332,21260507,3226.32,0.87760000,1
1505433331,21260505,3228.13,0.10586844,0
1505433331,21260503,3226.32,0.01000000,0
1505433330,21260501,3213.76,0.37022218,1
1505433330,21260499,3214.01,0.02000000,1
1505433330,21260497,3214.01,0.02000000,1
1505433330,21260495,3214.02,0.00573200,1
1505433330,21260493,3214.02,0.00632700,1
1505433329,21260490,3220.01,0.05600000,1
1505433328,21260488,3220.01,0.07722027,1
1505433327,21260485,3216.35,0.15678346,0
1505433326,21260482,3217.44,0.01000000,1
1505433326,21260480,3218.65,0.00630600,1
1505433326,21260478,3220.00,0.00449856,1
1505433326,21260475,3220.00,1.07549298,1
1505433323,21260455,3229.99,0.04292659,0
1505433323,21260453,3220.00,0.58150702,1
1505433322,21260452,3229.99,1.18037599,0
1505433322,21260450,3229.87,0.03600000,0
1505433322,21260449,3229.00,9.64618552,0
1505433322,21260448,3228.99,3.09530000,0
1505433322,21260447,3228.69,2.14102703,0
1505433320,21260444,3219.99,3.09520000,0
1505433320,21260443,3219.99,0.12296200,0
1505433320,21260442,3219.98,3.09080000,0
1505433319,21260439,3216.35,1.22092548,1
1505433317,21260436,3216.35,0.02737277,1
1505433317,21260435,3218.64,0.00631200,1
1505433317,21260434,3218.64,0.00631200,1
1505433316,21260433,3228.69,0.95417297,0
1505433316,21260432,3228.18,0.01000000,0
1505433316,21260431,3220.00,2.67630459,0
1505433313,21260416,3225.89,1.56019115,1
1505433313,21260415,3225.89,0.08101448,1
1505433312,21260413,3225.89,0.09270000,1
1505433312,21260409,3225.89,0.93001000,1
1505433311,21260405,3225.07,0.54550134,0
1505433310,21260399,3222.65,0.09516367,0
1505433310,21260397,3218.63,0.00774000,1
1505433310,21260396,3219.28,0.01000000,1
1505433308,21260383,3218.63,7.45574091,1
1505433307,21260382,3222.65,0.11987620,1
1505433307,21260380,3225.89,1.00000000,1
1505433307,21260379,3228.98,1.42438289,1
1505433306,21260375,3229.00,0.28729637,0
1505433306,21260371,3226.05,0.04300000,0
1505433305,21260368,3222.65,0.00402780,1
1505433305,21260367,3222.65,0.03897220,1
1505433304,21260359,3225.07,2.32900000,1
1505433303,21260356,3228.76,0.02146507,0
1505433303,21260355,3225.90,0.01000000,0
1505433303,21260354,3225.07,0.57100000,1
1505433301,21260347,3223.60,0.87760000,1
1505433300,21260340,3225.07,2.82225000,0
1505433295,21260336,3225.07,0.10500000,0
1505433295,21260334,3225.00,0.08799999,0
1505433295,21260333,3223.95,0.04000000,0
1505433295,21260332,3222.00,0.35449437,0
1505433294,21260331,3222.00,4.74550563,0
1505433294,21260330,3221.25,0.09100000,0
1505433294,21260329,3221.24,0.12390400,0
1505433294,21260328,3220.00,0.87760000,1
1505433292,21260326,3221.25,0.02000000,0
1505433289,21260320,3220.00,1.49599587,0
1505433289,21260319,3219.99,3.10330000,0
1505433287,21260315,3214.00,0.83760000,1
1505433287,21260313,3214.01,0.02000000,1
1505433287,21260312,3214.01,0.02000000,1
1505433286,21260308,3217.43,0.10800000,0
1505433286,21260306,3216.00,6.72403557,0
1505433283,21260296,3214.00,0.05180000,1
1505433281,21260295,3212.69,0.48755201,1
1505433281,21260294,3212.69,0.39004799,1
1505433280,21260291,3214.02,2.00000000,0
1505433280,21260290,3214.00,16.09571146,0
1505433279,21260285,3212.69,0.45383301,1
1505433279,21260284,3212.69,0.22447976,1
1505433279,21260283,3212.69,1.74375100,1
1505433277,21260277,3214.00,0.11062900,0
1505433277,21260276,3213.61,0.10200000,0
1505433276,21260275,3212.69,0.13719724,1
1505433274,21260274,3212.69,1.70296052,0
1505433274,21260273,3212.68,0.04730942,0
1505433273,21260272,3210.05,0.00480000,1
1505433273,21260271,3212.69,1.39271400,0
1505433272,21260269,3212.69,1.00000000,0
1505433270,21260263,3212.69,0.26815303,0
1505433270,21260261,3212.69,1.00000000,0
1505433269,21260259,3212.69,0.00804188,0
1505433268,21260258,3212.69,0.97200000,0
1505433268,21260257,3212.68,0.02800000,0
1505433268,21260255,3210.03,0.05970600,1
1505433267,21260253,3210.03,0.42175300,1
1505433267,21260250,3210.03,0.14400000,1
1505433267,21260249,3212.68,0.02800000,1
1505433265,21260247,3212.69,1.00000000,0
1505433263,21260245,3212.69,0.04618300,0
1505433262,21260241,3212.69,1.00000000,0
1505433260,21260231,3212.69,1.00000000,0
1505433258,21260227,3210.02,0.91666200,1
1505433258,21260223,3210.02,0.20000000,1
1505433255,21260222,3212.69,0.03093032,0
1505433252,21260213,3210.02,0.27071772,1
1505433252,21260211,3210.03,0.00000328,1
1505433250,21260206,3210.03,0.01799672,1
1505433246,21260179,3213.99,0.57901725,1
1505433245,21260175,3213.99,0.03600000,0
1505433245,21260173,3213.99,0.02200000,0
1505433245,21260171,3213.99,0.09233474,0
1505433236,21260125,3210.05,0.08300000,1
1505433233,21260124,3213.99,0.03605064,0
1505433229,21260123,3210.02,1.99324900,1
1505433228,21260122,3210.02,0.20000000,1
1505433227,21260121,3210.03,0.00675100,1
1505433226,21260117,3213.99,0.02261462,0
1505433219,21260114,3210.02,0.04702700,1
1505433219,21260113,3210.03,0.00797300,1
1505433216,21260111,3210.02,7.00000000,1
1505433215,21260110,3210.02,4.98141600,1
1505433213,21260109,3210.03,0.01063100,0
1505433213,21260108,3210.03,0.00795300,1
1505433211,21260106,3210.02,0.14114224,1
1505433211,21260105,3210.15,0.00795300,1
1505433209,21260102,3210.14,0.16900000,1
1505433199,21260089,3210.02,0.09181400,1
1505433199,21260088,3210.03,0.00818600,1
1505433198,21260087,3214.00,0.00992154,0
1505433190,21260079,3210.02,0.14642800,1
1505433190,21260078,3210.03,0.00857200,1
1505433189,21260076,3211.70,0.12000000,0
1505433189,21260073,3210.08,3.00000000,0
1505433188,21260071,3210.08,7.00000000,0
1505433183,21260066,3216.00,1.24596443,0
1505433183,21260065,3216.00,0.04745596,1
1505433182,21260064,3215.94,0.87760000,0
1505433182,21260063,3215.93,3.09990000,0
1505433182,21260062,3214.57,0.12134638,0
1505433181,21260061,3214.56,0.04448600,0
1505433181,21260060,3214.56,0.39597118,0
1505433180,21260059,3210.09,0.37985000,0
1505433179,21260057,3210.02,4.52761353,1
1505433179,21260055,3210.09,0.45503458,1
1505433179,21260054,3210.09,0.44975300,1
1505433178,21260052,3210.10,0.00744989,0
1505433177,21260050,3210.10,0.00990200,1
1505433174,21260048,3210.09,0.09009800,1
1505433172,21260047,3210.10,0.00990200,1
1505433171,21260046,3210.16,0.00970000,1
1505433170,21260045,3210.09,0.01009400,1
1505433170,21260044,3210.13,0.00990600,1
1505433160,21260038,3210.02,1.47730700,1
1505433159,21260037,3210.02,0.20000000,1
1505433155,21260034,3210.02,0.20000000,1
1505433149,21260028,3210.03,0.01080300,1
1505433147,21260022,3210.02,1.63360976,1
1505433145,21260021,3210.50,0.01130500,0
1505433145,21260020,3210.02,2.06037782,1
1505433145,21260019,3210.50,0.40727618,1
1505433141,21260016,3210.02,0.26823635,1
1505433141,21260015,3210.03,0.01129900,1
1505433138,21260008,3214.57,0.01965362,0
1505433138,21260007,3210.10,0.03034638,0
1505433138,21260006,3210.09,0.19030000,1
1505433137,21260005,3210.09,0.44975300,1
1505433134,21259999,3210.10,0.00970000,0
1505433124,21259984,3210.10,0.04658600,0
1505433123,21259983,3210.10,0.14135422,0
1505433123,21259982,3210.10,0.05148320,0
1505433122,21259981,3210.00,0.20000000,1
1505433121,21259980,3210.10,0.03450000,0
1505433120,21259977,3210.00,0.08755200,1
1505433120,21259976,3210.01,0.01244800,1
1505433117,21259975,3210.10,0.64769105,0
1505433117,21259974,3210.10,0.01460000,0
1505433117,21259972,3210.10,0.01173915,0
1505433116,21259971,3210.10,0.00600000,0
1505433116,21259970,3210.10,0.00600000,0
1505433113,21259968,3215.98,0.05331362,0
1505433110,21259963,3215.98,0.10038588,0
1505433107,21259960,3215.99,0.37040634,0
1505433107,21259959,3215.93,0.10039050,0
1505433107,21259958,3210.01,0.01300700,0
1505433107,21259955,3210.00,0.02104000,1
1505433107,21259953,3210.01,0.01300700,1
1505433101,21259943,3210.00,0.05809400,1
1505433101,21259942,3210.01,0.01300600,1
1505433097,21259936,3210.00,0.98575200,1
1505433097,21259934,3210.04,0.01424800,1
1505433095,21259931,3210.00,1.00000000,1
1505433094,21259930,3210.00,0.36081300,1
1505433094,21259928,3210.01,0.01424700,1
1505433091,21259922,3210.00,1.00000000,1
1505433090,21259917,3210.00,0.07860000,1
1505433089,21259915,3210.00,1.00000000,1
1505433088,21259913,3216.08,0.06204200,0
1505433087,21259907,3210.00,0.98561000,1
1505433087,21259904,3210.01,0.01439000,1
1505433086,21259898,3210.00,0.04619300,1
1505433085,21259885,3210.00,1.00000000,1
1505433082,21259881,3210.00,1.00000000,1
1505433082,21259880,3216.08,0.06627928,0
1505433080,21259877,3210.00,1.00000000,1
1505433078,21259876,3210.00,0.20000000,1
1505433078,21259873,3210.00,1.00000000,1
1505433076,21259872,3210.00,1.00000000,1
1505433074,21259867,3210.00,27.49706075,1
1505433074,21259866,3210.01,4.00000000,1
1505433074,21259863,3211.00,0.94624243,1
1505433074,21259860,3211.00,0.49542511,1
1505433073,21259859,3211.00,7.00000000,1
1505433073,21259858,3211.00,1.00000000,1
1505433073,21259855,3211.00,0.41607700,1
1505433072,21259850,3211.00,0.14225546,1
1505433071,21259849,3210.00,1.00000000,1
1505433071,21259846,3216.09,0.02793511,0
1505433071,21259845,3215.92,0.13200000,0
1505433071,21259844,3212.11,0.14900000,0
1505433069,21259842,3210.00,0.04000000,1
1505433069,21259840,3210.00,1.00000000,1
1505433068,21259838,3210.03,0.00308633,1
1505433067,21259832,3210.00,1.00000000,1
1505433066,21259831,3210.00,0.07442700,1
1505433065,21259826,3221.77,0.90269583,0
1505433064,21259819,3210.03,1.00000000,1
1505433061,21259813,3210.00,0.92675149,1
1505433061,21259812,3210.04,0.07324851,1
1505433060,21259809,3221.88,0.10779721,0
1505433059,21259802,3210.00,0.00404080,1
1505433059,21259801,3221.84,0.99595920,1
1505433058,21259800,3221.83,0.07203877,0
1505433058,21259799,3221.81,1.00000000,0
1505433057,21259794,3211.00,0.23893179,0
1505433055,21259779,3211.00,0.08195889,0
1505433054,21259777,3210.00,2.17224145,1
1505433054,21259775,3211.00,0.81531604,1
1505433053,21259771,3210.00,6.14211730,0
1505433053,21259770,3210.00,2.98360000,1
1505433052,21259769,3210.01,2.01640000,1
1505433052,21259768,3210.01,0.98360000,1
1505433052,21259766,3211.00,1.67400000,0
1505433052,21259764,3211.00,0.99999500,0
1505433051,21259761,3210.00,0.30991282,1
1505433051,21259760,3211.00,0.07381137,0
1505433051,21259754,3211.00,0.07461560,0
1505433050,21259751,3211.00,1.03546073,1
1505433050,21259747,3211.00,0.09468220,1
1505433047,21259733,3211.00,0.08215000,1
1505433045,21259730,3210.00,0.66772622,1
1505433045,21259729,3210.01,0.79869669,1
1505433045,21259728,3210.02,0.52500000,1
1505433045,21259727,3212.00,0.01000000,1
1505433045,21259726,3212.03,0.86491909,1
1505433036,21259700,3223.89,0.79584000,0
1505433036,21259698,3220.73,0.20416000,0
1505433033,21259695,3223.99,1.00000000,1
1505433032,21259688,3210.02,0.52570414,0
1505433032,21259683,3210.02,0.88528678,1
1505433031,21259679,3223.92,0.86491909,0
1505433030,21259677,3219.48,0.13508091,0
1505433030,21259675,3210.02,0.60000000,1
1505433028,21259667,3219.13,1.00000000,0
1505433026,21259665,3219.13,1.00000000,0
1505433024,21259662,3219.13,0.00904592,0
1505433024,21259661,3219.13,1.00000000,0
1505433022,21259657,3210.00,31.18700242,1
1505433022,21259655,3210.00,0.50000000,1
1505433022,21259654,3210.00,0.50000000,1
1505433022,21259653,3210.24,1.00000000,1
1505433022,21259652,3210.24,1.00000000,0
1505433021,21259650,3210.25,6.18860000,0
1505433021,21259648,3211.00,36.66606353,1
1505433020,21259647,3211.00,0.23500000,1
1505433020,21259646,3211.00,0.22000000,1
1505433020,21259645,3211.00,0.80508880,1
1505433020,21259644,3211.01,3.00000000,1
1505433019,21259643,3211.10,1.00000000,1
1505433019,21259642,3211.10,2.00000000,1
1505433019,21259641,3213.00,3.99376182,1
1505433019,21259639,3213.02,10.26000000,0
1505433019,21259637,3213.02,1.00000000,0
1505433018,21259635,3213.37,10.80000000,1
1505433018,21259634,3213.75,5.06900000,0
1505433017,21259633,3214.00,0.08408343,1
1505433017,21259631,3219.11,1.00000000,0
1505433015,21259630,3219.12,3.49140000,1
1505433012,21259628,3220.60,2.00000000,0
1505433011,21259626,3220.60,7.00000000,0
1505433008,21259622,3220.60,1.00000000,0
1505433008,21259619,3219.11,1.49854999,0
1505433006,21259617,3223.91,1.00000000,0
1505433005,21259613,3223.97,0.72709423,0
1505433001,21259611,3223.96,1.00000000,0
1505432998,21259607,3223.90,1.00000000,0
1505432997,21259602,3219.10,0.49283479,1
1505432995,21259596,3223.92,1.00000000,0
1505432993,21259594,3214.50,0.03549000,1
1505432992,21259593,3214.63,1.00000000,1
1505432992,21259592,3223.93,1.00000000,0
1505432990,21259590,3223.93,1.00000000,0
1505432988,21259589,3214.49,0.87760000,1
1505432987,21259588,3223.93,1.00000000,0
1505432986,21259577,3223.97,0.97242725,1
1505432985,21259574,3223.97,0.00257275,0
1505432985,21259573,3223.95,0.02500000,0
1505432984,21259570,3214.49,0.87760000,1
1505432982,21259568,3223.95,0.99470280,1
1505432980,21259564,3223.95,0.12500000,1
1505432978,21259561,3223.95,0.87760000,1
1505432975,21259554,3223.99,0.54742725,1
1505432973,21259549,3223.97,3.09430000,1
1505432973,21259548,3223.97,0.88489089,0
1505432969,21259542,3212.04,0.87760000,1
1505432967,21259539,3222.94,0.88289720,0
1505432966,21259538,3220.00,0.11710280,0
1505432965,21259536,3212.65,0.87760000,1
1505432962,21259533,3212.00,0.51501656,1
1505432962,21259532,3212.00,12.32162544,1
1505432961,21259527,3212.03,0.23635800,1
1505432950,21259515,3224.91,5.27385200,1
1505432950,21259514,3225.02,0.00254934,1
1505432949,21259513,3224.91,0.93981100,1
1505432949,21259512,3225.02,0.21843321,0
1505432947,21259510,3224.91,3.09860000,1
1505432946,21259509,3224.91,1.77000000,1
1505432946,21259507,3224.91,0.30887200,1
1505432945,21259505,3224.91,3.09790000,1
1505432944,21259503,3223.05,0.13981898,0
1505432941,21259497,3219.99,0.71838077,0
1505432940,21259496,3219.99,0.12542360,0
1505432935,21259491,3222.95,0.01792479,0
1505432932,21259486,3212.00,0.14490400,1
1505432930,21259484,3220.00,0.04841781,0
1505432930,21259482,3220.00,0.05694843,0
1505432930,21259480,3219.99,0.04735411,0
1505432929,21259479,3212.00,1.00000000,1
1505432927,21259476,3212.00,1.00000000,1
1505432921,21259469,3212.01,0.00294258,0
1505432919,21259465,3212.01,0.36045461,0
1505432919,21259464,3212.04,0.44172066,1
1505432912,21259456,3212.01,0.09449513,1
1505432912,21259455,3212.01,0.42994530,1
1505432908,21259448,3212.00,0.76543267,1
1505432908,21259447,3212.08,0.55827934,1
1505432908,21259446,3217.00,0.04735319,1
1505432907,21259445,3217.01,0.00770000,1
1505432905,21259441,3220.00,16.59566951,1
1505432905,21259440,3220.00,0.40433049,1
1505432904,21259439,3220.00,1.00000000,1
1505432902,21259436,3220.00,1.00000000,1
1505432899,21259428,3220.00,1.00000000,1
1505432886,21259420,3223.05,0.07118102,0
1505432876,21259408,3225.86,0.55827934,0
1505432876,21259407,3225.83,0.44172066,0
1505432858,21259387,3226.06,0.04448131,1
1505432856,21259385,3229.00,0.06651811,0
1505432856,21259383,3228.83,0.00770000,0
1505432856,21259382,3227.87,3.09050000,0
1505432855,21259380,3226.07,0.33400000,0
1505432855,21259379,3226.06,0.88323492,0
1505432852,21259368,3226.04,0.55827934,0
1505432852,21259367,3222.25,0.05976763,0
1505432850,21259365,3222.25,0.03450000,0
1505432849,21259364,3212.00,2.24621160,1
1505432849,21259363,3212.00,0.56393532,1
1505432849,21259361,3212.00,0.89900000,0
1505432849,21259358,3212.01,0.00165100,1
1505432848,21259357,3212.40,0.10889055,1
1505432848,21259356,3212.66,0.10874585,1
1505432848,21259355,3212.66,0.00156568,1
1505432846,21259353,3214.00,0.77000000,1
1505432846,21259352,3214.00,0.50000000,1
1505432846,21259351,3214.00,0.80000000,1
1505432840,21259337,3222.25,0.19673237,0
1505432840,21259336,3221.73,0.10594717,0
1505432839,21259335,3221.72,0.04260458,0
1505432839,21259334,3221.72,0.04012365,0
1505432839,21259333,3221.72,0.00463535,0
1505432838,21259329,3219.55,0.43099593,1
1505432837,21259315,3219.55,0.23047942,1
1505432832,21259310,3219.55,0.32833171,1
1505432831,21259309,3219.55,2.78748399,1
1505432829,21259305,3220.95,0.20000000,1
1505432829,21259303,3220.95,0.12833171,1
1505432827,21259300,3216.97,2.78748399,0
1505432826,21259298,3215.05,0.16099000,1
1505432825,21259293,3216.97,1.47068500,1
1505432825,21259292,3219.54,5.74183101,1
1505432823,21259287,3219.55,0.23800794,1
1505432822,21259285,3219.55,0.19208000,1
1505432821,21259284,3219.56,0.08199206,1
1505432819,21259283,3221.73,0.17593400,0
1505432818,21259280,3219.54,0.11045000,1
1505432816,21259279,3227.91,1.12752836,0
1505432815,21259277,3219.54,0.34612000,1
1505432814,21259276,3219.54,0.44886000,1
1505432814,21259275,3219.54,0.11045000,1
1505432812,21259271,3226.97,0.09197865,0
1505432810,21259269,3219.54,1.50000000,1
1505432810,21259267,3219.55,0.11045000,1
1505432806,21259256,3227.89,0.69472808,0
1505432806,21259255,3227.01,0.02977989,0
1505432806,21259254,3226.99,0.27549203,0
1505432804,21259245,3219.54,0.04396591,1
1505432803,21259241,3219.54,0.02400000,1
1505432803,21259238,3219.54,0.67432308,1
1505432802,21259237,3219.57,0.32567692,1
1505432800,21259231,3219.54,1.00000000,1
1505432800,21259228,3214.03,6.45513800,1
1505432800,21259227,3215.00,0.48874200,1
1505432799,21259226,3215.00,0.37800000,1
1505432798,21259225,3215.03,0.62200000,1
1505432798,21259224,3214.02,0.02114770,1
1505432798,21259223,3214.03,0.00165100,1
1505432797,21259222,3214.22,0.11045130,1
1505432796,21259220,3226.98,0.32567692,0
1505432796,21259219,3215.00,0.86674184,0
1505432795,21259218,3215.00,0.13325816,1
1505432794,21259216,3216.30,0.01554100,0
1505432793,21259215,3227.01,0.06500000,1
1505432793,21259213,3227.01,0.23500000,1
1505432791,21259210,3216.30,0.07507040,0
1505432791,21259209,3227.01,0.74580000,1
1505432791,21259208,3224.22,0.25420000,0
1505432789,21259206,3224.22,0.05680000,0
1505432789,21259204,3215.00,0.67034000,1
1505432788,21259203,3215.03,0.28000000,1
1505432788,21259202,3216.29,0.04966000,1
1505432788,21259201,3216.30,0.00194100,1
1505432788,21259200,3222.62,0.03455175,1
1505432787,21259198,3220.26,0.51665139,0
1505432786,21259195,3220.40,1.08423788,1
1505432785,21259194,3217.29,0.97205366,0
1505432784,21259193,3217.29,0.02794634,1
1505432784,21259192,3220.40,0.29100000,0
1505432784,21259191,3219.54,1.55584000,0
1505432783,21259190,3217.29,0.42606500,0
1505432780,21259185,3217.30,0.04446422,0
1505432779,21259183,3219.04,0.00194100,1
1505432779,21259181,3219.04,0.00258900,1
1505432778,21259179,3219.14,4.48334861,0
1505432778,21259178,3217.30,0.00449556,0
1505432777,21259176,3217.29,0.23023357,0
1505432777,21259175,3217.29,18.35196643,1
1505432776,21259173,3218.28,0.03455175,0
1505432775,21259171,3218.01,0.11344541,0
1505432775,21259169,3218.01,0.26990320,0
1505432774,21259168,3217.30,1.00000000,0
1505432774,21259164,3217.29,0.23014090,1
1505432773,21259163,3217.29,6.57925693,1
1505432772,21259162,3217.29,0.10000000,1
1505432772,21259161,3217.29,7.00000000,1
1505432771,21259160,3217.29,6.99418600,1
1505432771,21259159,3217.30,0.00332200,1
1505432771,21259158,3217.30,0.00249200,1
1505432770,21259157,3218.01,0.50720000,0
1505432769,21259156,3218.01,0.00945139,0
1505432767,21259148,3217.29,0.23015333,1
1505432767,21259147,3217.29,7.00000000,1
1505432766,21259146,3217.29,7.00000000,1
1505432766,21259145,3217.29,4.96565235,1
1505432765,21259141,3217.30,0.00249200,1
1505432765,21259140,3217.30,0.03185565,1
1505432765,21259139,3217.30,0.25648239,0
1505432764,21259136,3217.29,4.14150000,1
1505432764,21259135,3217.29,5.00000000,1
1505432763,21259133,3217.30,0.01898461,0
1505432762,21259128,3217.29,19.67623679,1
1505432762,21259126,3217.30,0.00350900,1
1505432762,21259124,3217.30,2.99025421,1
1505432761,21259121,3218.53,0.36370000,0
1505432760,21259120,3217.30,0.23070200,1
1505432760,21259119,3223.12,0.20030000,0
1505432759,21259118,3219.56,0.12597386,0
1505432759,21259114,3219.56,0.10894355,0
1505432759,21259112,3219.56,0.30437852,0
1505432758,21259107,3219.96,0.23213358,0
1505432758,21259104,3219.96,0.21363081,0
1505432757,21259102,3217.30,0.93322500,1
1505432757,21259101,3217.31,0.00262500,1
1505432753,21259096,3217.30,0.07581879,1
1505432753,21259095,3218.00,0.13428121,1
1505432753,21259094,3219.71,0.00990000,1
1505432751,21259091,3220.84,0.62955640,0
1505432751,21259090,3220.84,0.10587863,0
1505432750,21259089,3219.56,0.10000000,0
1505432748,21259084,3218.01,0.13000000,1
1505432747,21259083,3218.01,0.52078614,1
1505432747,21259082,3218.01,0.00958200,1
1505432747,21259081,3219.55,0.01000000,1
1505432746,21259075,3222.00,0.05820918,0
1505432743,21259064,3218.00,0.86571879,1
1505432743,21259063,3218.34,0.01000000,1
1505432743,21259061,3218.37,0.10446121,1
1505432743,21259060,3222.01,0.00982000,1
1505432742,21259058,3226.00,0.02503750,0
1505432742,21259056,3222.00,0.50585386,1
1505432741,21259051,3222.00,0.43000000,1
1505432740,21259050,3226.00,0.57000000,1
1505432739,21259046,3226.00,0.43000000,1
1505432738,21259041,3230.43,0.19140000,0
1505432737,21259040,3228.83,0.01000000,0
1505432736,21259038,3230.39,0.05681430,0
1505432734,21259036,3222.00,0.03000000,1
1505432733,21259034,3230.45,0.29000000,0
1505432733,21259033,3227.23,0.01000000,0
1505432732,21259030,3230.45,0.03186220,0
1505432732,21259028,3230.45,0.34646125,0
1505432731,21259027,3229.37,0.61353875,0
1505432731,21259026,3228.85,0.02000000,0
1505432731,21259025,3228.85,0.02000000,0
1505432731,21259024,3229.37,0.14046125,0
1505432731,21259023,3228.96,0.01000000,0
1505432730,21259022,3222.00,0.98969000,1
1505432730,21259021,3222.01,0.01031000,1
1505432730,21259020,3228.85,2.53417377,0
1505432730,21259019,3225.55,0.30944207,0
1505432729,21259018,3225.55,0.10775988,0
1505432728,21259017,3225.55,0.24479805,0
1505432728,21259016,3223.22,0.01695035,0
1505432726,21259011,3223.22,0.00304965,0
1505432725,21259010,3222.00,0.01900000,1
1505432724,21259009,3221.73,0.02545614,0
1505432721,21259006,3217.30,0.03918700,1
1505432721,21259005,3217.31,0.01081300,1
1505432717,21259000,3217.29,1.00000000,1
1505432717,21258999,3221.73,0.13205742,0
1505432716,21258998,3221.73,0.02350000,0
1505432715,21258991,3221.73,0.04626800,0
1505432715,21258990,3218.91,0.49632000,0
1505432713,21258987,3217.29,1.00000000,1
1505432713,21258983,3217.29,1.00000000,1
1505432711,21258974,3217.29,1.00000000,1
1505432710,21258973,3221.73,0.14358200,0
1505432710,21258972,3221.73,0.03471215,0
1505432709,21258971,3221.73,0.09272718,0
1505432709,21258970,3221.73,0.05276011,0
1505432709,21258968,3217.29,0.96506500,1
1505432709,21258967,3217.30,0.03493500,1
1505432708,21258965,3217.29,1.00000000,1
1505432707,21258963,3221.73,0.03493700,0
1505432706,21258960,3217.29,1.00000000,1
1505432705,21258953,3217.50,1.00000000,0
1505432704,21258946,3217.29,1.00000000,1
1505432700,21258923,3217.29,1.00000000,1
1505432699,21258922,3217.29,2.69589557,1
1505432699,21258921,3217.30,0.04292600,1
1505432698,21258918,3218.01,0.04292100,1
1505432696,21258916,3217.29,0.94521176,1
1505432696,21258915,3217.30,0.04826400,1
1505432696,21258913,3218.00,0.00652424,1
1505432696,21258910,3217.50,0.00347576,0
1505432696,21258908,3217.50,0.99652424,0
1505432693,21258905,3217.29,0.04000000,1
1505432692,21258903,3217.29,0.28473494,1
1505432692,21258902,3217.30,0.06435800,1
1505432692,21258901,3217.30,0.60263906,1
1505432692,21258900,3227.01,0.04826800,1
1505432691,21258895,3227.00,0.46695384,1
1505432690,21258893,3227.00,1.00000000,1
1505432688,21258888,3222.75,1.00000000,1
1505432687,21258887,3222.75,0.03000000,1
1505432685,21258878,3222.74,1.00000000,0
1505432682,21258865,3217.50,1.00000000,1
1505432682,21258864,3230.91,0.00240485,0
1505432677,21258863,3230.92,0.04764691,0
1505432675,21258861,3217.38,0.94340700,1
1505432675,21258860,3218.69,0.03233900,1
1505432675,21258859,3218.95,0.02425400,1
1505432670,21258851,3222.23,0.96320700,1
1505432670,21258850,3222.74,0.03679300,1
1505432667,21258841,3222.62,2.49200000,0
1505432666,21258839,3222.62,0.70800000,1
1505432666,21258838,3222.62,1.00000000,1
1505432656,21258830,3222.99,0.25344300,1
1505432656,21258829,3223.03,0.71000000,1
1505432656,21258828,3223.04,0.03655700,1
1505432652,21258825,3223.03,1.00000000,1
1505432647,21258815,3223.02,1.00000000,1
1505432645,21258814,3236.99,0.13789390,0
1505432645,21258813,3235.92,1.89378192,0
1505432645,21258812,3235.92,0.04645665,0
1505432645,21258811,3235.92,0.05000000,0
1505432645,21258809,3235.89,0.94740103,0
1505432642,21258807,3228.36,0.59000000,1
1505432637,21258806,3230.06,0.02612000,1
1505432635,21258805,3236.96,0.04806172,0
1505432632,21258803,3222.76,0.02612000,1
1505432630,21258799,3236.96,2.67450000,0
1505432630,21258798,3235.99,0.76300000,0
1505432630,21258797,3235.93,0.79760000,0
1505432629,21258796,3235.93,0.08000000,0
1505432628,21258795,3235.87,0.02668394,0
1505432628,21258794,3222.76,0.02612000,1
1505432624,21258784,3222.75,0.02612000,1
1505432623,21258781,3235.94,0.03768633,0
1505432623,21258780,3235.93,0.87956592,0
1505432620,21258776,3227.98,0.44600000,1
1505432616,21258769,3226.99,0.05000000,1
1505432614,21258765,3226.99,0.45100000,1
1505432612,21258760,3227.31,3.00000000,0
1505432611,21258757,3227.02,0.09000000,1
1505432609,21258753,3226.99,6.94388000,1
1505432608,21258752,3228.22,0.02612000,1
1505432608,21258748,3235.88,0.04467507,0
1505432608,21258747,3228.22,0.06000000,1
1505432607,21258746,3235.94,0.13760248,0
1505432604,21258739,3228.22,2.76550000,0
1505432603,21258735,3222.73,0.06000000,1
1505432602,21258730,3228.22,3.08050000,0
1505432599,21258724,3222.72,1.00000000,1
1505432598,21258723,3228.22,0.15400000,0
1505432595,21258717,3222.61,1.00000000,1
1505432593,21258716,3235.96,0.00378740,0
1505432592,21258715,3227.42,0.30000000,1
1505432588,21258711,3227.31,0.82000000,1
1505432587,21258710,3227.31,1.57919450,0
1505432587,21258709,3227.31,0.03078000,0
1505432585,21258707,3228.45,2.00000000,1
1505432583,21258706,3228.36,0.10100000,1
1505432583,21258705,3228.37,0.89900000,1
1505432579,21258702,3228.34,0.15000000,1
1505432575,21258699,3231.75,0.95650100,1
1505432575,21258698,3231.76,0.04349900,1
1505432570,21258693,3228.10,1.00000000,1
1505432566,21258692,3222.54,0.86064800,1
1505432566,21258691,3223.08,0.00200000,1
1505432566,21258690,3227.99,0.07628100,1
1505432566,21258688,3231.75,0.05721100,1
1505432566,21258687,3235.34,0.00386000,1
1505432562,21258679,3231.74,0.10676060,1
1505432561,21258676,3227.97,0.10700000,1
1505432559,21258672,3231.74,0.05720800,0
1505432558,21258671,3227.97,0.27444275,1
1505432557,21258666,3227.86,0.16970401,1
1505432557,21258664,3230.00,0.55129599,1
1505432556,21258660,3231.77,0.08595611,0
1505432555,21258656,3231.78,0.06744900,1
1505432553,21258646,3238.98,0.23275401,0
1505432553,21258645,3238.95,0.08866761,0
1505432551,21258640,3231.74,1.00000000,1
1505432549,21258639,3238.95,0.15340867,0
1505432544,21258633,3237.01,0.28690079,0
1505432536,21258587,3237.01,0.03566645,0
1505432533,21258581,3237.01,0.01545056,0
1505432530,21258573,3230.00,1.56254812,0
1505432530,21258572,3230.00,7.00000000,0
1505432528,21258568,3231.74,4.03350000,1
1505432528,21258567,3231.78,0.01118888,1
1505432528,21258566,3231.79,0.07176300,1
1505432527,21258565,3237.01,0.54798220,0
1505432521,21258548,3238.99,0.01877496,0
1505432512,21258538,3238.99,0.06527261,0
1505432506,21258534,3238.99,0.08576978,0
1505432506,21258532,3238.99,0.02570303,0
1505432505,21258531,3231.81,0.10471218,1
1505432501,21258529,3242.54,0.03816090,0
1505432498,21258523,3242.54,0.02300000,0
1505432495,21258512,3242.47,3.05419400,0
1505432495,21258511,3240.20,0.87760000,0
1505432495,21258510,3239.00,1.00000000,0
1505432495,21258509,3238.99,0.06820600,0
1505432490,21258502,3231.80,0.03219871,1
1505432480,21258484,3228.94,0.07320600,1
1505432475,21258472,3227.41,0.05024589,0
1505432473,21258467,3227.41,0.09666500,0
1505432471,21258462,3227.41,0.01000000,1
1505432469,21258448,3240.18,0.06736338,0
1505432468,21258436,3227.37,0.10000000,1
1505432461,21258429,3228.92,0.54067354,1
1505432460,21258428,3228.92,0.08146356,1
1505432460,21258426,3242.54,0.03034514,0
1505432460,21258424,3242.54,0.04000000,0
1505432459,21258421,3242.54,0.86231391,0
1505432459,21258419,3242.28,0.01000000,0
1505432459,21258417,3238.06,0.06757376,0
1505432459,21258416,3237.95,0.04028903,0
1505432458,21258413,3237.95,0.10192400,0
1505432458,21258412,3237.95,0.02941677,0
1505432458,21258411,3237.91,0.02500000,0
1505432458,21258408,3237.90,1.32348253,0
1505432458,21258405,3230.35,0.54067354,1
1505432457,21258395,3227.16,0.03034266,1
1505432456,21258394,3228.00,1.00000000,1
1505432455,21258388,3228.92,0.09225168,1
1505432455,21258385,3227.27,0.07256200,0
1505432451,21258361,3227.26,0.06711328,0
1505432449,21258353,3236.66,0.05499788,0
1505432448,21258347,3236.63,0.07954751,0
1505432447,21258345,3227.26,0.02132800,1
1505432444,21258330,3227.14,0.24066800,1
1505432444,21258329,3227.15,0.09733200,1
1505432443,21258326,3232.02,0.36145300,0
1505432441,21258306,3231.94,0.04637038,1
1505432440,21258300,3232.02,0.09738500,0
1505432440,21258296,3231.94,0.08952762,1
1505432439,21258294,3234.98,0.00607300,1
1505432439,21258293,3234.99,0.04029300,1
1505432439,21258289,3234.99,0.06831100,1
1505432438,21258284,3235.06,0.07891600,0
1505432438,21258282,3235.07,0.07964200,1
1505432437,21258276,3237.30,0.00780000,1
1505432436,21258274,3237.95,0.00815500,1
1505432436,21258272,3237.95,0.02126600,1
1505432436,21258268,3237.95,0.05023200,1
1505432435,21258265,3238.05,0.06754673,0
1505432434,21258260,3235.06,0.26295700,1
1505432434,21258256,3235.06,0.77072453,1
1505432433,21258252,3235.06,0.03258600,1
1505432433,21258250,3235.07,0.13606100,1
1505432433,21258248,3237.99,0.10204600,1
1505432432,21258243,3235.06,0.48556433,1
1505432432,21258242,3235.07,0.47135556,1
1505432432,21258241,3237.21,0.01000000,1
1505432432,21258239,3237.94,0.70050511,1
1505432432,21258237,3238.01,1.00000000,1
1505432431,21258235,3237.94,0.06914190,1
1505432430,21258230,3237.94,0.02727299,1
1505432428,21258218,3235.06,0.29428048,1
1505432428,21258217,3235.07,0.02727600,1
1505432428,21258216,3237.95,0.05174500,1
1505432428,21258215,3237.95,0.05016500,1
1505432427,21258212,3235.07,0.10860400,1
1505432425,21258195,3237.94,0.10801500,1
1505432424,21258194,3237.94,1.17680000,1
1505432424,21258192,3238.13,0.10193400,1
1505432423,21258186,3237.94,0.99000000,1
1505432423,21258183,3238.12,0.01000000,1
1505432420,21258168,3237.94,1.00000000,1
1505432417,21258154,3237.90,0.00990000,1
1505432404,21258110,3247.04,2.88510343,1
1505432403,21258109,3247.04,0.27009657,1
1505432397,21258095,3250.56,1.00000000,1
1505432397,21258094,3250.56,0.21559298,1
1505432396,21258092,3250.56,0.12351351,1
1505432396,21258088,3250.56,0.26563587,1
1505432395,21258087,3248.01,1.00000000,0
1505432395,21258086,3238.23,0.07197808,1
1505432392,21258080,3238.22,0.73436413,1
1505432392,21258079,3238.25,0.26563587,1
1505432392,21258077,3248.00,0.21438949,1
1505432390,21258073,3248.00,0.00120349,1
1505432390,21258072,3248.01,0.09194200,1
1505432390,21258070,3257.23,0.25000000,0
1505432390,21258069,3257.23,0.18930700,0
1505432389,21258067,3256.94,0.02589300,0
1505432389,21258065,3257.23,0.64586202,0
1505432388,21258064,3257.02,0.02000000,0
1505432387,21258062,3248.00,0.05004289,1
1505432387,21258060,3248.00,0.73436413,1
1505432386,21258059,3247.02,3.49110000,1
1505432378,21258054,3247.28,1.00000000,1
1505432376,21258050,3257.22,0.05751116,0
1505432376,21258049,3257.06,0.02000000,0
1505432367,21258035,3247.25,0.44142375,1
1505432365,21258034,3247.17,0.06907990,1
1505432362,21258031,3247.10,0.67580919,0
1505432360,21258026,3247.10,0.47198227,1
1505432360,21258024,3247.10,0.06861196,1
1505432359,21258018,3247.06,0.03882898,1
1505432353,21258008,3247.07,0.01953752,1
1505432347,21257986,3252.93,3.06170000,1
1505432345,21257982,3255.00,3.62400000,1
1505432332,21257966,3250.08,0.19838069,1
1505432329,21257961,3247.08,0.13872520,1
1505432328,21257960,3247.07,0.27340286,1
1505432326,21257953,3259.25,0.19147870,0
1505432323,21257951,3259.30,0.00001553,1
1505432322,21257950,3259.26,0.11026016,0
1505432314,21257932,3247.01,0.64011000,1
1505432298,21257915,3247.23,0.01036390,1
1505432292,21257901,3259.41,0.02611738,0
1505432283,21257887,3259.41,0.25642316,0
1505432277,21257872,3252.92,0.34539002,1
1505432275,21257870,3259.41,0.01000000,0
1505432272,21257866,3259.42,0.03285512,0
1505432271,21257862,3250.10,0.06989626,1
1505432269,21257858,3259.42,0.20596565,1
1505432269,21257856,3259.42,0.13821600,1
1505432255,21257831,3246.19,0.01000000,1
1505432253,21257830,3260.07,0.07199437,0
1505432252,21257829,3242.43,0.01000000,1
1505432252,21257828,3260.07,0.07202523,0
1505432252,21257827,3260.07,0.61866882,0
1505432251,21257826,3255.53,0.01000000,1
1505432250,21257824,3260.08,0.00236495,0
1505432249,21257822,3260.08,0.26920641,0
1505432248,21257819,3255.53,0.01000000,1
1505432247,21257817,3255.53,0.01000000,1
1505432242,21257803,3242.29,0.01000000,1
1505432241,21257798,3268.07,0.04534702,0
1505432241,21257796,3256.61,0.07224691,0
1505432240,21257795,3268.36,2.38240607,0
1505432239,21257794,3256.61,0.01000000,1
1505432239,21257793,3260.08,0.87760000,0
1505432237,21257788,3256.61,0.41518329,1
1505432235,21257785,3242.29,0.01000000,1
1505432234,21257783,3242.28,0.01053730,1
1505432231,21257780,3260.09,0.32681306,0
1505432228,21257774,3242.15,0.68907747,1
1505432225,21257769,3260.10,0.28455569,0
1505432223,21257764,3242.03,0.01000000,1
1505432222,21257759,3254.87,1.03007000,1
1505432221,21257754,3254.87,0.01000000,1
1505432220,21257752,3254.87,0.24168700,1
1505432220,21257750,3254.87,0.66923100,1
1505432219,21257747,3254.87,0.01000000,1
1505432217,21257746,3254.87,0.01000000,1
1505432215,21257745,3254.87,0.01000000,1
1505432215,21257743,3260.10,0.36040000,1
1505432214,21257741,3260.10,0.01000000,1
1505432212,21257735,3260.09,0.62960000,0
1505432212,21257734,3241.69,0.01000000,1
1505432211,21257731,3260.10,0.12240000,1
1505432210,21257730,3260.10,0.87760000,0
1505432210,21257726,3252.91,0.01000000,1
1505432209,21257723,3246.43,1.35918442,0
1505432208,21257719,3260.10,0.44007309,1
1505432208,21257717,3260.10,0.31176901,1
1505432207,21257716,3260.10,0.23315790,1
1505432207,21257715,3260.10,0.01000000,1
1505432205,21257713,3260.10,0.00500000,1
1505432204,21257712,3260.10,0.01000000,1
1505432204,21257710,3260.10,0.08682415,0
1505432202,21257707,3246.42,0.00861810,1
1505432202,21257706,3246.42,0.00138190,1
1505432202,21257705,3264.79,0.09128760,1
1505432201,21257704,3260.10,0.03111240,0
1505432201,21257703,3259.40,0.87760000,0
1505432200,21257702,3246.42,0.01000000,1
1505432199,21257701,3260.10,0.12423963,0
1505432199,21257700,3246.42,0.00861810,1
1505432199,21257698,3246.42,0.00138190,1
1505432198,21257696,3246.42,0.01861810,1
1505432198,21257695,3249.97,0.01000000,1
1505432197,21257691,3268.36,0.02223836,0
1505432197,21257688,3264.79,0.01000000,1
1505432196,21257686,3252.83,0.01000000,1
1505432196,21257685,3268.36,0.17429231,0
1505432196,21257684,3259.39,0.82570769,0
1505432195,21257682,3259.50,1.72812766,1
1505432195,21257681,3260.10,0.06159589,1
1505432195,21257680,3260.10,0.07130951,1
1505432195,21257679,3260.10,0.03925003,1
1505432194,21257678,3260.10,0.33480922,1
1505432194,21257677,3260.10,0.01000000,1
1505432194,21257675,3268.36,0.95078372,0
1505432193,21257674,3260.10,0.00200000,1
1505432193,21257672,3260.10,0.18695887,1
1505432192,21257671,3260.10,0.01000000,1
1505432192,21257670,3264.79,0.07410272,0
1505432191,21257668,3260.10,0.12800000,1
1505432191,21257666,3260.10,0.87760000,1
1505432191,21257665,3260.10,0.01000000,1
1505432190,21257661,3268.37,0.10000000,1
1505432189,21257659,3268.37,0.90000000,0
1505432189,21257658,3260.10,0.16229684,1
1505432188,21257656,3259.50,0.01000000,1
1505432188,21257655,3259.40,0.58139525,0
1505432188,21257654,3259.40,0.37557275,0
1505432187,21257651,3259.40,0.18699421,1
1505432186,21257648,3259.40,0.03303200,1
1505432186,21257644,3259.40,0.01000000,1
1505432185,21257638,3252.82,0.07218233,1
1505432185,21257636,3252.82,0.00500000,1
1505432184,21257632,3259.40,0.01000000,1
1505432182,21257626,3259.40,0.01000000,1
1505432180,21257623,3252.82,0.01000000,1
1505432180,21257620,3259.40,0.01000000,1
1505432178,21257613,3252.82,0.01000000,1
1505432177,21257609,3259.40,0.02116955,1
1505432176,21257606,3259.40,0.01000000,1
1505432175,21257605,3259.40,0.03070219,0
1505432175,21257604,3252.90,0.29730020,1
1505432174,21257599,3252.90,0.01000000,1
1505432174,21257594,3259.40,1.00000000,1
1505432173,21257585,3252.92,0.01000000,1
1505432172,21257580,3259.40,0.18441878,1
1505432170,21257575,3252.82,0.03078734,0
1505432169,21257569,3256.60,0.60288032,0
1505432168,21257564,3251.32,0.01000000,1
1505432167,21257556,3251.32,0.01000000,1
1505432166,21257551,3259.40,0.83900000,0
1505432166,21257550,3259.39,0.16100000,0
1505432164,21257542,3259.40,1.00000000,0
1505432162,21257536,3252.00,0.82815182,0
1505432161,21257534,3249.97,0.01000000,1
1505432161,21257531,3252.00,1.00000000,0
1505432160,21257527,3252.00,1.82303368,0
1505432158,21257524,3252.81,0.01000000,1
1505432158,21257521,3249.96,0.21710359,0
1505432157,21257517,3252.81,0.17500000,1
1505432155,21257513,3249.96,0.01000000,1
1505432153,21257501,3249.96,0.16905120,0
1505432153,21257500,3249.96,0.01000000,1
1505432151,21257492,3250.96,0.00200000,1
1505432150,21257491,3259.39,0.00800000,1
1505432150,21257489,3259.39,0.21700000,0
1505432149,21257487,3258.35,0.01000000,1
1505432147,21257483,3258.35,0.19093100,1
1505432147,21257482,3258.35,0.04157266,1
1505432146,21257480,3258.35,0.01000000,1
1505432145,21257475,3258.35,0.19300000,1
1505432144,21257474,3258.35,0.01000000,1
1505432143,21257472,3258.35,0.00780000,1
1505432141,21257469,3252.81,0.01000000,0
1505432139,21257468,3250.00,10.00000000,0
1505432137,21257464,3249.95,0.38813868,0
1505432130,21257454,3249.93,1.41687342,0
1505432129,21257451,3246.84,0.01000000,0
1505432120,21257448,3249.96,0.02119410,0
1505432118,21257447,3242.46,0.01000000,0
1505432118,21257446,3242.36,0.04317427,0
1505432114,21257444,3240.00,0.32971549,0
1505432114,21257443,3240.00,0.06583968,0
1505432114,21257442,3240.00,1.00000000,0
1505432110,21257432,3238.99,1.36163023,0
1505432109,21257429,3239.00,1.00000000,1
1505432107,21257428,3239.99,0.11465870,1
1505432107,21257427,3240.00,0.13897885,0
1505432106,21257426,3239.00,0.78387753,0
1505432105,21257423,3239.00,1.00129917,0
1505432104,21257422,3239.00,1.00000000,0
1505432102,21257421,3239.00,0.25100000,0
1505432102,21257420,3238.99,0.74900000,0
1505432099,21257416,3238.99,1.00000000,0
1505432097,21257412,3239.00,1.00000000,0
1505432096,21257410,3239.00,0.08205259,0
1505432095,21257409,3239.00,0.61552361,0
1505432095,21257408,3238.93,0.12500000,0
1505432094,21257407,3238.93,0.02369835,0
1505432094,21257406,3238.90,0.23577804,0
1505432093,21257400,3238.93,0.11453165,1
1505432092,21257394,3238.93,0.80867300,1
1505432092,21257392,3235.90,0.07679535,0
1505432082,21257386,3239.00,0.13974666,0
1505432081,21257385,3239.00,0.19653519,0
1505432076,21257383,3238.93,0.62803769,0
1505432072,21257372,3220.03,0.01775000,1
1505432070,21257368,3223.08,4.41895113,0
1505432059,21257361,3239.99,0.42422553,0
1505432059,21257360,3234.98,0.42184020,0
1505432059,21257358,3231.84,0.15393427,0
1505432058,21257351,3218.67,0.00000619,0
1505432058,21257349,3218.67,1.14818150,0
1505432056,21257344,3218.67,0.84606573,0
1505432055,21257342,3222.03,0.06374400,1
1505432055,21257339,3225.00,0.84799822,1
1505432055,21257338,3225.08,2.00000000,1
1505432055,21257337,3227.13,0.04852500,1
1505432055,21257336,3227.23,0.03076336,1
1505432055,21257335,3227.24,0.01471600,1
1505432051,21257330,3231.90,0.57324887,0
1505432050,21257326,3233.05,0.00780000,1
1505432047,21257322,3227.38,0.33000000,1
1505432047,21257321,3228.62,0.01000000,1
1505432045,21257319,3234.98,0.13508300,0
1505432042,21257308,3234.98,0.01775000,0
1505432038,21257293,3227.26,0.01471600,0
1505432036,21257286,3227.23,0.03152964,1
1505432035,21257285,3227.26,0.04240900,0
1505432034,21257283,3227.26,0.15393427,0
1505432033,21257280,3232.05,0.00060073,1
1505432032,21257277,3232.05,0.00939927,1
1505432029,21257270,3232.42,0.04672000,1
1505432028,21257265,3234.98,0.13847071,0
1505432028,21257261,3234.98,0.04820330,0
1505432028,21257259,3234.98,0.23865279,1
1505432021,21257254,3234.78,0.99996250,0
1505432021,21257253,3234.70,5.00000000,0
1505432018,21257249,3234.98,3.20880000,1
1505432018,21257245,3234.98,1.00000000,1
1505432017,21257243,3234.95,0.09369400,1
1505432016,21257241,3234.78,0.95302600,0
1505432015,21257239,3234.78,0.04697400,1
1505432012,21257236,3234.79,0.03074412,0
1505432010,21257234,3234.79,0.74000000,1
1505432009,21257233,3240.00,0.07074264,0
1505432008,21257232,3234.79,1.00000000,1
1505432005,21257230,3240.74,0.00389173,0
1505432002,21257225,3240.74,0.05317427,1
1505431991,21257214,3242.36,0.01000000,1
1505431990,21257212,3247.82,1.38029545,0
1505431990,21257211,3242.37,1.68960455,0
1505431986,21257208,3244.61,1.00000000,1
1505431986,21257207,3249.10,0.07059077,0
1505431985,21257206,3249.10,3.06770000,0
1505431984,21257204,3250.00,0.05000000,0
1505431983,21257202,3249.48,5.00000000,1
1505431981,21257197,3250.00,0.44985800,1
1505431978,21257195,3249.00,0.01530000,0
1505431974,21257194,3249.40,2.12039545,0
1505431973,21257193,3249.00,0.66970455,0
1505431973,21257192,3249.00,0.18150000,0
1505431973,21257191,3249.00,0.09320000,0
1505431971,21257190,3249.00,0.23790000,1
1505431971,21257189,3249.00,0.66210000,1
1505431963,21257188,3262.87,1.65204616,0
1505431962,21257187,3260.24,0.87760000,0
1505431962,21257186,3260.21,0.04778315,0
1505431962,21257185,3258.81,1.00000000,0
1505431962,21257184,3257.76,1.77000000,0
1505431962,21257183,3257.76,0.30500000,0
1505431962,21257182,3257.76,0.69457640,0
1505431962,21257181,3257.75,0.90000000,0
1505431961,21257180,3253.92,3.05470000,1
1505431960,21257179,3253.92,0.01000000,1
1505431959,21257178,3253.91,0.00537300,1
1505431958,21257177,3253.92,0.00462700,1
1505431958,21257176,3257.76,1.00000000,1
1505431958,21257175,3257.76,0.07542360,1
1505431957,21257174,3258.81,2.88225763,1
1505431956,21257173,3258.81,0.01000000,1
1505431955,21257172,3258.81,1.00000000,1
1505431955,21257171,3258.81,0.01000000,1
1505431955,21257170,3260.21,0.03597448,0
1505431953,21257167,3258.81,0.06444237,1
1505431953,21257166,3258.81,0.01000000,1
1505431952,21257165,3257.76,0.01000000,1
1505431951,21257163,3260.20,5.00000000,1
1505431951,21257162,3260.20,1.61757650,1
1505431951,21257160,3260.20,0.10000000,1
1505431951,21257159,3260.20,0.01000000,1
1505431950,21257158,3260.20,0.09542400,1
1505431950,21257157,3260.20,1.74300000,0
1505431950,21257156,3260.18,0.75831810,0
1505431948,21257155,3257.76,0.01000000,1
1505431947,21257154,3260.18,0.00980000,0
1505431946,21257153,3257.76,0.01000000,1
1505431945,21257147,3260.20,1.00350000,1
1505431945,21257128,3260.20,0.01000000,1
1505431943,21257110,3257.76,0.01000000,1
1505431941,21257109,3257.76,0.01000000,1
1505431935,21257103,3253.92,0.01537300,1
1505431931,21257101,3260.21,1.00000000,0
1505431928,21257099,3253.91,0.01720000,0
1505431926,21257098,3253.91,0.00980000,0
1505431925,21257097,3250.08,0.03400000,0
1505431917,21257096,3249.46,0.76984683,0
1505431917,21257095,3249.46,1.00000000,0
1505431915,21257093,3249.46,1.00000000,0
1505431914,21257091,3249.46,2.42420021,0
1505431914,21257090,3249.46,0.01359699,0
1505431913,21257089,3249.46,1.00000000,0
1505431913,21257087,3249.46,0.01426687,0
1505431910,21257086,3249.46,1.00000000,0
1505431909,21257085,3249.45,0.63668140,1
1505431908,21257084,3249.46,1.00000000,0
1505431906,21257079,3249.46,1.00000000,0
1505431906,21257078,3249.46,2.98755749,0
1505431905,21257077,3249.46,0.62000000,0
1505431905,21257076,3249.46,0.03900000,0
1505431903,21257075,3249.46,1.00000000,0
1505431898,21257071,3249.46,2.00000000,0
1505431898,21257069,3249.46,0.13508091,0
1505431893,21257057,3249.46,1.81115346,0
1505431892,21257055,3249.46,3.19132612,0
1505431892,21257054,3242.41,1.39867388,0
1505431891,21257052,3242.41,0.07326451,0
1505431891,21257051,3240.02,0.23477701,0
1505431890,21257049,3249.46,0.01622299,1
1505431890,21257048,3249.46,0.40517691,0
1505431889,21257047,3249.46,0.59144653,0
1505431889,21257046,3249.46,0.02032393,0
1505431889,21257043,3249.46,0.19922500,0
1505431889,21257042,3249.45,0.87760000,0
1505431888,21257041,3246.25,0.03800000,0
1505431888,21257040,3242.71,0.01208120,0
1505431888,21257039,3242.42,0.02374095,0
1505431887,21257036,3242.42,0.01225905,0
1505431887,21257035,3241.15,0.10000000,0
1505431886,21257034,3240.76,0.00800000,0
1505431886,21257033,3240.75,0.11147200,0
1505431886,21257030,3240.75,0.02849200,0
1505431886,21257028,3240.00,5.02054085,0
1505431886,21257027,3240.00,0.41232521,0
1505431886,21257026,3239.00,0.22400906,0
1505431885,21257025,3239.00,0.01321005,0
1505431885,21257024,3239.00,0.03900000,0
1505431884,21257021,3239.00,0.22915868,0
1505431884,21257020,3238.59,0.97639864,1
1505431884,21257018,3239.00,0.03264559,0
1505431882,21257015,3239.00,0.17510304,0
1505431881,21257013,3239.00,0.01260976,0
1505431881,21257012,3239.00,0.01529325,0
1505431881,21257011,3239.00,0.01623479,0
1505431880,21257010,3239.00,0.01376301,0
1505431880,21257009,3239.00,0.01249793,0
1505431880,21257008,3239.00,0.18086500,0
1505431880,21257007,3238.59,0.03500000,0
1505431878,21257006,3237.40,0.02715006,0
1505431877,21257003,3237.40,0.01310032,0
1505431877,21257002,3237.40,0.01635962,0
1505431876,21257001,3237.41,0.02556279,0
1505431875,21257000,3237.41,0.02516469,0
1505431875,21256999,3237.41,0.02538256,0
1505431873,21256997,3237.41,0.01512099,0
1505431873,21256996,3237.41,0.02986118,0
1505431873,21256995,3237.41,0.05277178,0
1505431872,21256994,3237.41,0.00311920,0
1505431872,21256993,3237.41,0.02511973,0
1505431871,21256992,3234.76,0.01000000,1
1505431869,21256987,3237.45,0.00307958,0
1505431869,21256986,3237.45,0.33935439,0
1505431869,21256985,3234.76,0.04200000,0
1505431867,21256984,3232.41,0.03900000,1
1505431866,21256981,3232.00,0.03700000,1
1505431866,21256977,3232.00,0.01000000,1
1505431865,21256974,3227.12,4.04043732,1
1505431864,21256973,3229.86,0.04830700,1
1505431864,21256972,3233.00,4.21768401,1
1505431863,21256971,3232.00,0.40000000,0
1505431859,21256967,3229.85,0.17500000,0
1505431859,21256966,3228.30,0.01000000,0
1505431859,21256965,3226.03,0.15400000,0
1505431859,21256964,3226.00,0.15807220,0
1505431859,21256963,3226.00,1.00000000,0
1505431859,21256962,3225.97,3.07207322,0
1505431858,21256961,3225.97,0.00402974,0
1505431857,21256959,3225.97,0.01959704,0
1505431855,21256957,3225.01,0.87760000,0
1505431854,21256955,3225.01,11.70965503,0
1505431854,21256954,3225.01,0.39809799,0
1505431853,21256953,3225.01,1.77000000,0
1505431852,21256951,3225.01,0.06681475,0
1505431852,21256950,3225.01,1.00000000,0
1505431851,21256949,3225.01,0.00280619,0
1505431849,21256946,3225.01,1.00000000,0
1505431847,21256942,3225.01,20.00000000,0
1505431847,21256941,3225.01,1.00000000,0
1505431846,21256940,3225.01,6.24124000,0
1505431845,21256939,3225.01,0.60000000,0
1505431844,21256938,3225.01,0.35609754,0
1505431843,21256937,3225.01,24.91000000,0
1505431843,21256936,3225.01,0.00661833,0
1505431842,21256932,3225.01,0.93867017,0
1505431841,21256929,3225.00,0.07760678,1
1505431841,21256927,3225.00,3.09250000,0
1505431840,21256926,3225.00,0.98189500,0
1505431840,21256925,3225.00,0.01810500,0
1505431837,21256922,3222.21,0.14700000,0
1505431837,21256920,3222.02,0.73803435,0
1505431833,21256918,3222.02,0.06833612,0
1505431832,21256917,3222.02,0.00616806,0
1505431830,21256916,3222.02,0.02383430,0
1505431829,21256914,3222.01,0.10507148,0
1505431828,21256912,3222.01,0.50519915,0
1505431828,21256911,3222.01,0.84213804,0
1505431827,21256910,3222.01,0.22511700,0
1505431827,21256909,3219.00,0.35972686,0
1505431827,21256908,3219.00,0.08297957,0
1505431826,21256907,3219.00,0.03011828,0
1505431826,21256904,3219.00,0.12411308,0
1505431825,21256903,3217.33,0.66685032,1
1505431825,21256902,3217.36,0.33314968,1
1505431825,21256900,3219.00,0.27000000,0
1505431824,21256898,3219.00,0.03415600,0
1505431824,21256897,3219.00,0.50000000,0
1505431823,21256896,3217.30,0.06085790,1
1505431823,21256894,3219.00,0.00397416,0
1505431822,21256890,3219.00,0.08880268,0
1505431821,21256887,3217.29,0.51250000,1
1505431821,21256885,3217.30,0.18730000,1
1505431821,21256883,3219.00,0.11772274,0
1505431821,21256882,3218.39,0.12900000,0
1505431820,21256881,3217.29,0.51436100,1
1505431819,21256880,3217.29,6.83930212,0
1505431819,21256877,3217.29,1.77000000,0
1505431819,21256875,3217.29,22.45876000,0
1505431818,21256873,3217.28,0.24124000,0
1505431818,21256871,3217.00,0.53484200,1
1505431818,21256869,3217.29,10.27582841,0
1505431817,21256865,3217.29,1.70300000,0
1505431816,21256862,3217.29,1.00000000,0
1505431816,21256861,3217.28,0.75876000,0
1505431815,21256855,3217.29,11.50000000,0
1505431814,21256854,3217.29,5.00000000,0
1505431813,21256853,3217.29,7.00000000,0
1505431813,21256852,3217.29,5.00000000,0
1505431812,21256851,3217.29,7.00000000,0
1505431811,21256850,3217.29,3.07359602,0
1505431811,21256849,3217.28,1.92640398,0
1505431810,21256847,3217.28,1.17049602,0
1505431810,21256846,3217.28,5.82950398,0
1505431810,21256845,3217.28,5.00000000,0
1505431809,21256844,3217.28,1.00000000,0
1505431808,21256843,3217.28,7.00000000,0
1505431808,21256842,3217.28,7.00000000,0
1505431806,21256839,3217.28,4.95000000,0
1505431806,21256838,3217.28,0.05000000,0
1505431805,21256835,3216.30,0.06690000,1
1505431805,21256834,3217.28,2.03150000,0
1505431805,21256833,3217.28,0.45922400,0
1505431804,21256830,3217.28,1.52706400,0
1505431804,21256829,3217.28,0.50000000,0
1505431803,21256827,3217.28,0.10334000,0
1505431803,21256826,3217.28,1.00000000,0
1505431803,21256820,3217.28,1.00430000,0
1505431802,21256817,3217.28,0.01000000,0
1505431802,21256811,3217.28,20.68000000,0
1505431801,21256802,3217.28,0.00308698,0
1505431799,21256800,3217.28,1.96400000,0
1505431798,21256796,3217.28,0.07633631,0
1505431796,21256794,3217.28,0.22912187,0
1505431795,21256793,3217.28,4.71073617,0
1505431795,21256792,3216.29,0.28926383,0
1505431794,21256791,3216.29,0.17800000,0
1505431794,21256790,3216.29,0.09532761,0
1505431793,21256789,3216.29,0.27677784,0
1505431792,21256788,3216.29,0.06965067,0
1505431791,21256783,3216.29,0.00471887,0
1505431789,21256781,3216.29,0.08062572,0
1505431788,21256780,3216.29,0.10336700,0
1505431786,21256776,3217.00,3.40226846,1
1505431785,21256775,3217.28,0.01000000,0
1505431784,21256774,3217.28,0.30000000,0
1505431784,21256773,3217.28,0.91342522,0
1505431783,21256772,3217.28,0.11509995,0
1505431780,21256770,3215.81,1.59773154,0
1505431780,21256768,3215.81,0.08226346,0
1505431779,21256766,3216.29,2.32000500,1
1505431779,21256765,3217.28,0.45067932,0
1505431779,21256764,3217.18,0.14964570,0
1505431778,21256763,3217.17,0.80770199,0
1505431778,21256761,3217.17,0.19099800,0
1505431778,21256760,3216.29,0.99785000,1
1505431775,21256757,3217.18,0.50000000,0
1505431774,21256754,3217.18,0.31454661,0
1505431773,21256748,3217.18,0.09095271,0
1505431773,21256746,3217.18,0.04485498,0
1505431771,21256744,3217.18,2.00000000,0
1505431769,21256742,3217.18,0.50000000,0
1505431768,21256738,3217.28,0.12873428,0
1505431768,21256737,3217.28,0.08220000,0
1505431768,21256736,3217.28,0.50000000,0
1505431767,21256734,3216.29,0.79214500,1
1505431767,21256733,3217.28,1.00000000,0
1505431764,21256729,3217.29,1.00000000,0
1505431762,21256725,3217.29,0.03483070,0
1505431762,21256724,3217.29,1.00000000,0
1505431762,21256723,3217.29,0.03083424,0
1505431762,21256722,3217.29,0.64890000,0
1505431761,21256720,3217.29,1.28160000,0
1505431760,21256718,3217.29,1.00000000,0
1505431759,21256717,3217.29,0.08285610,0
1505431758,21256714,3217.29,1.00000000,0
1505431757,21256712,3217.29,0.20503842,0
1505431754,21256711,3217.29,0.06967896,0
1505431752,21256709,3217.29,0.59522469,0
1505431752,21256708,3217.29,0.11164405,0
1505431751,21256707,3217.29,2.16880751,0
1505431751,21256706,3217.29,0.11169969,0
1505431751,21256705,3217.29,0.82896819,0
1505431750,21256704,3217.29,0.72112927,0
1505431750,21256703,3216.80,0.10507512,0
1505431750,21256702,3216.80,0.08209351,0
1505431749,21256701,3216.80,0.01273137,0
1505431748,21256698,3215.00,0.19640184,1
1505431748,21256697,3215.00,0.46898456,0
1505431748,21256696,3215.00,0.21126300,0
1505431748,21256695,3215.01,0.51481347,1
1505431747,21256694,3215.81,0.02853713,1
1505431745,21256691,3217.29,0.27530301,0
1505431745,21256689,3215.01,1.12618653,1
1505431745,21256687,3215.50,0.00200000,1
1505431745,21256686,3216.00,0.10000000,1
1505431744,21256685,3216.10,1.00000000,1
1505431744,21256684,3216.28,16.59000000,1
1505431744,21256682,3216.29,0.03300800,1
1505431744,21256681,3216.51,0.00156381,1
1505431743,21256679,3217.29,0.00573717,0
1505431742,21256677,3217.29,0.03461900,0
1505431742,21256676,3217.29,0.08050000,0
1505431742,21256675,3217.29,4.64254852,0
1505431740,21256667,3217.29,0.08209351,0
1505431738,21256663,3217.29,1.33154242,0
1505431736,21256657,3218.38,0.03595800,1
1505431735,21256655,3216.51,0.66685032,0
1505431735,21256654,3216.57,0.00390000,1
1505431735,21256653,3217.19,0.06745300,1
1505431734,21256652,3220.00,0.00463350,0
1505431733,21256650,3220.00,1.61400000,0
1505431733,21256649,3221.11,0.91316318,1
1505431732,21256648,3220.00,1.16590270,0
1505431732,21256646,3219.00,2.85093412,0
1505431732,21256644,3219.00,1.92670000,0
1505431730,21256643,3219.00,1.63500000,0
1505431729,21256642,3219.00,0.06444237,0
1505431726,21256634,3220.00,0.08209630,0
1505431726,21256631,3220.00,0.03084200,0
1505431722,21256626,3220.00,3.08670000,0
1505431722,21256624,3220.00,0.08140057,0
1505431722,21256622,3220.00,0.08101910,0
1505431722,21256620,3220.00,0.23060689,0
1505431721,21256619,3220.00,0.13801019,0
1505431721,21256617,3220.00,0.08087717,0
1505431720,21256616,3217.99,0.38973870,1
1505431720,21256615,3218.31,1.00000000,1
1505431720,21256614,3219.23,0.07998497,1
1505431720,21256613,3219.93,0.03027633,1
1505431720,21256611,3220.00,0.65770783,0
1505431720,21256609,3220.00,0.10000000,1
1505431719,21256608,3220.00,1.00000000,1
1505431719,21256606,3220.00,10.00000000,1
1505431719,21256605,3220.36,0.00156193,1
1505431719,21256603,3221.00,0.10000000,1
1505431719,21256602,3221.00,0.10221048,1
1505431719,21256601,3221.00,0.00330000,1
1505431719,21256600,3221.00,0.61200000,1
1505431719,21256599,3221.10,1.00000000,1
1505431719,21256598,3221.11,0.07143400,1
1505431718,21256597,3221.31,2.50000000,1
1505431718,21256596,3221.42,0.00501250,1
1505431718,21256595,3222.01,1.86931834,1
1505431718,21256591,3222.02,3.08950000,0
1505431718,21256590,3222.02,0.07412717,0
1505431709,21256588,3222.02,1.00000000,1
1505431707,21256585,3222.02,1.00000000,1
1505431706,21256581,3222.03,0.44099274,0
1505431705,21256579,3222.02,1.00000000,1
1505431702,21256574,3222.02,1.00000000,1
1505431701,21256573,3222.03,0.07939100,0
1505431701,21256572,3222.03,0.05954300,0
1505431699,21256571,3222.02,1.00000000,1
1505431698,21256568,3225.00,0.03122356,0
1505431697,21256566,3222.01,1.00000000,1
1505431694,21256562,3222.01,0.93776900,1
1505431694,21256561,3222.02,0.06223100,1
1505431691,21256558,3222.68,0.00342194,0
1505431690,21256557,3222.00,0.34291266,0
1505431689,21256549,3222.00,0.14426679,0
1505431688,21256542,3222.00,0.06773276,1
1505431688,21256540,3222.00,6.22000000,1
1505431687,21256538,3222.00,0.30000000,1
1505431687,21256536,3222.00,0.16200000,1
1505431687,21256535,3222.36,0.00308779,1
1505431687,21256533,3222.67,0.50000000,1
1505431687,21256530,3225.00,1.29539512,0
1505431686,21256528,3222.68,0.91434800,0
1505431686,21256527,3222.68,0.07014400,1
1505431686,21256526,3224.00,0.01550800,1
1505431685,21256524,3226.00,1.93820000,0
1505431685,21256522,3225.06,0.14400000,0
1505431685,21256520,3222.90,1.00000000,0
1505431678,21256507,3222.90,0.05000000,1
1505431678,21256506,3222.91,0.03859418,1
1505431677,21256505,3226.00,1.35319000,0
1505431677,21256504,3225.00,0.09701000,0
1505431677,21256503,3224.00,1.00000000,0
1505431675,21256500,3222.91,0.02879282,1
1505431673,21256495,3224.00,0.08205067,1
1505431672,21256493,3226.00,0.32010000,0
1505431672,21256492,3224.00,0.03138620,1
1505431671,21256491,3226.00,2.87835992,0
1505431671,21256490,3224.00,0.12896500,1
1505431671,21256488,3224.00,0.93390600,1
1505431670,21256486,3224.01,0.06609400,1
1505431670,21256482,3226.00,0.66670034,0
1505431670,21256479,3226.00,0.21856964,0
1505431669,21256476,3226.00,0.02242858,0
1505431668,21256474,3226.00,1.16084625,0
1505431668,21256472,3225.01,1.00000000,0
1505431666,21256463,3224.00,0.06369213,1
1505431666,21256461,3224.22,0.00156007,1
1505431665,21256457,3226.00,3.26840895,0
1505431665,21256455,3225.00,0.20194509,0
1505431665,21256453,3225.00,0.06599000,0
1505431663,21256448,3225.00,1.65699091,1
1505431663,21256447,3225.01,0.02607400,1
1505431662,21256443,3225.02,0.02607400,1
1505431660,21256440,3226.00,6.17000000,0
1505431659,21256436,3225.06,0.35227199,0
1505431651,21256424,3226.00,0.03450000,0
1505431649,21256422,3226.00,0.07655100,0
1505431648,21256420,3230.00,3.00000000,1
1505431648,21256419,3231.01,0.07654300,1
1505431647,21256418,3232.00,0.05369385,0
1505431646,21256417,3232.00,0.21521103,0
1505431646,21256416,3232.00,1.43570000,0
1505431645,21256414,3231.00,0.92319800,1
1505431645,21256413,3231.03,0.07680200,1
1505431643,21256412,3231.02,1.00000000,1
1505431641,21256411,3236.10,0.11933253,0
1505431641,21256410,3231.01,1.00000000,0
1505431635,21256404,3238.86,0.00428167,0
1505431634,21256402,3231.01,0.91968700,1
1505431633,21256401,3231.02,0.08031300,1
1505431632,21256400,3238.86,0.00758900,0
1505431631,21256398,3238.86,1.96545027,0
1505431631,21256397,3235.53,0.20500000,0
1505431631,21256396,3231.69,0.22100000,0
1505431630,21256392,3231.01,0.05089334,1
1505431629,21256390,3231.01,1.00000000,1
1505431628,21256389,3231.01,0.50396257,0
1505431626,21256388,3238.86,0.22984775,0
1505431624,21256387,3231.00,0.00904500,1
1505431624,21256385,3234.69,0.03083758,1
1505431622,21256384,3238.87,0.06965083,0
1505431621,21256383,3231.01,0.91602600,1
1505431621,21256382,3231.02,0.08397400,1
1505431620,21256379,3238.91,3.01434872,0
1505431620,21256377,3238.88,0.85165084,0
1505431619,21256373,3231.01,1.00000000,1
1505431618,21256372,3230.11,0.12711023,0
1505431618,21256371,3230.11,0.09915200,0
1505431614,21256364,3230.12,0.68190000,0
1505431612,21256361,3238.91,0.13726803,0
1505431612,21256358,3231.00,0.00903607,0
1505431611,21256356,3231.00,0.43563139,0
1505431611,21256355,3230.13,0.24303962,0
1505431611,21256354,3230.13,1.31691009,0
1505431610,21256353,3230.01,2.19873391,1
1505431610,21256352,3230.12,0.07874000,1
1505431610,21256349,3230.13,0.44005029,0
1505431609,21256346,3230.11,0.00756470,1
1505431608,21256345,3230.11,0.07118330,1
1505431607,21256343,3238.91,0.07750000,0
1505431606,21256342,3238.91,1.42707634,0
1505431606,21256341,3231.00,1.00000000,0
1505431605,21256339,3230.10,0.06649517,1
1505431605,21256338,3231.00,0.00483738,1
1505431602,21256332,3231.00,0.91644400,1
1505431602,21256331,3231.01,0.08355600,1
1505431602,21256329,3239.00,0.20940000,0
1505431601,21256328,3238.89,0.06950000,0
1505431600,21256326,3231.00,1.00000000,1
1505431597,21256325,3239.00,1.09438406,1
1505431597,21256324,3239.00,1.00000000,1
1505431596,21256322,3231.01,0.11589100,0
1505431595,21256321,3231.01,0.28890090,0
1505431595,21256320,3231.00,1.00000000,1
1505431594,21256319,3231.00,4.00000000,1
1505431594,21256318,3231.00,1.10151700,1
1505431594,21256317,3231.01,4.04499300,1
1505431594,21256316,3231.02,0.08679000,1
1505431593,21256315,3239.00,0.47570000,0
1505431591,21256311,3231.01,0.35500700,1
1505431589,21256309,3239.00,0.11743149,0
1505431587,21256305,3238.90,0.01539720,0
1505431586,21256301,3231.00,1.00702800,1
1505431586,21256299,3231.00,0.07341683,1
1505431585,21256296,3231.00,0.31015300,1
1505431585,21256292,3238.99,0.20908357,0
1505431584,21256290,3231.00,0.19240600,1
1505431584,21256284,3238.99,0.14139427,0
1505431584,21256283,3238.99,0.10978805,0
1505431583,21256282,3238.99,0.02234900,0
1505431583,21256281,3238.96,0.35261010,0
1505431583,21256280,3236.13,0.22700000,0
1505431583,21256279,3234.70,0.19948339,0
1505431583,21256278,3232.61,0.38703688,0
1505431581,21256275,3232.61,0.04938705,0
1505431581,21256273,3231.00,0.13197504,1
1505431581,21256272,3231.01,0.05676700,1
1505431581,21256271,3231.01,0.00366396,1
1505431580,21256269,3231.01,0.07202504,1
1505431579,21256266,3232.61,0.09567589,0
1505431578,21256262,3232.61,0.07060830,0
1505431578,21256260,3232.61,0.39426748,0
1505431578,21256259,3231.00,0.19240600,1
1505431577,21256257,3232.61,0.05011701,0
1505431577,21256256,3232.61,0.03486902,0
1505431575,21256250,3231.00,0.06981675,1
1505431574,21256248,3230.10,0.00003740,1
1505431574,21256247,3230.11,0.05342800,1
1505431573,21256246,3232.61,0.01510000,0
1505431573,21256245,3232.61,0.23013551,0
1505431572,21256244,3232.61,0.16943107,0
1505431571,21256243,3232.61,0.21012509,0
1505431570,21256242,3230.10,0.07649656,1
1505431568,21256237,3232.61,1.00000000,0
1505431567,21256232,3238.96,0.62392670,1
1505431567,21256231,3238.96,0.35119037,1
1505431566,21256230,3236.76,0.02488293,0
1505431565,21256229,3230.10,0.05510601,1
1505431565,21256226,3239.00,0.23307835,0
1505431565,21256225,3239.00,0.05332486,0
1505431565,21256224,3230.10,0.29396936,1
1505431565,21256222,3238.97,0.05580000,1
1505431563,21256219,3239.00,0.07075900,0
1505431563,21256216,3238.96,0.07733692,0
1505431563,21256214,3238.96,0.01607135,0
1505431562,21256209,3238.96,0.34835455,1
1505431560,21256204,3230.07,0.00610771,1
1505431560,21256202,3230.09,0.05663200,1
1505431560,21256199,3230.10,0.24173976,1
1505431560,21256198,3230.10,0.07326024,1
1505431559,21256195,3238.95,0.04248300,0
1505431559,21256194,3238.96,0.95753059,1
1505431559,21256193,3238.96,0.04246941,1
1505431557,21256188,3239.00,0.06973210,0
1505431557,21256186,3239.00,0.03486605,0
1505431556,21256185,3239.00,0.03486605,0
1505431556,21256183,3239.00,2.04030243,0
1505431556,21256182,3238.96,0.04323333,0
1505431555,21256181,3238.96,0.30127541,1
1505431555,21256180,3238.96,0.02719459,1
1505431554,21256177,3238.96,0.67153000,1
1505431554,21256176,3238.97,0.02847000,1
1505431553,21256173,3239.00,0.25618176,0
1505431552,21256170,3238.96,0.34217465,1
1505431552,21256163,3238.96,0.29999999,1
1505431550,21256157,3239.00,0.09590096,0
1505431550,21256155,3230.07,0.05397118,1
1505431550,21256153,3230.07,0.01517700,1
1505431549,21256151,3238.99,2.27101628,0
1505431549,21256147,3239.00,0.55788348,0
1505431548,21256144,3239.00,0.95405031,0
1505431548,21256143,3238.96,0.04594969,0
1505431548,21256142,3238.96,2.03715031,0
1505431547,21256141,3230.07,0.33973258,0
1505431546,21256136,3238.96,1.00000000,0
1505431545,21256134,3230.07,0.33775225,1
1505431544,21256133,3230.06,0.07126183,1
1505431544,21256130,3238.97,0.03512028,0
1505431542,21256125,3239.00,0.97117098,0
1505431542,21256124,3234.68,0.02882902,0
1505431541,21256122,3234.66,0.22520603,1
1505431540,21256117,3234.69,0.00117098,1
1505431540,21256115,3234.69,0.01224102,1
1505431539,21256112,3239.00,1.00000000,0
1505431538,21256110,3239.00,0.52814000,0
1505431538,21256106,3239.00,2.22613465,0
1505431538,21256104,3239.00,0.44840337,0
1505431537,21256102,3239.00,0.64927258,0
1505431537,21256100,3239.00,0.04115378,0
1505431536,21256091,3239.00,1.00000000,0
1505431535,21256084,3234.68,0.07782000,1
1505431535,21256083,3234.70,0.01460600,1
1505431534,21256081,3239.00,1.00000000,0
1505431532,21256067,3239.00,1.00000000,0
1505431530,21256062,3239.00,0.81341000,0
1505431529,21256058,3236.04,0.18659000,0
1505431528,21256047,3239.00,0.43116564,0
1505431528,21256045,3234.69,0.01713900,0
1505431528,21256042,3234.68,0.13905900,1
1505431527,21256035,3239.97,0.72328200,1
1505431527,21256031,3240.00,0.32831411,0
1505431527,21256030,3239.98,0.55135700,0
1505431527,21256028,3239.97,0.27671800,1
1505431526,21256024,3234.68,0.16840100,1
1505431525,21256022,3239.97,0.18659000,1
1505431524,21256016,3239.97,0.07038159,1
1505431522,21256008,3240.00,1.00000000,0
1505431519,21255991,3239.99,0.93144771,0
1505431519,21255988,3239.97,0.06855229,0
1505431517,21255978,3229.88,0.06654262,1
1505431516,21255977,3239.10,0.00000870,1
1505431516,21255974,3239.10,0.00717900,1
1505431516,21255972,3239.14,0.01782100,1
1505431515,21255968,3240.00,0.98035600,0
1505431515,21255967,3239.99,0.01964400,0
1505431514,21255961,3239.13,0.03244255,1
1505431508,21255945,3238.67,0.24000000,0
1505431506,21255941,3239.13,0.20453482,0
1505431505,21255940,3239.04,0.02833168,0
1505431504,21255938,3239.13,0.28740329,0
1505431504,21255937,3234.72,0.71259671,0
1505431504,21255936,3234.72,0.06220500,0
1505431503,21255935,3234.98,0.00255929,1
1505431503,21255934,3235.42,0.01689900,1
1505431501,21255933,3239.13,0.58167575,0
1505431501,21255931,3239.13,0.17290400,0
1505431501,21255930,3235.40,0.01675500,0
1505431500,21255924,3229.84,0.01015250,1
1505431500,21255923,3229.85,0.02170200,1
1505431499,21255920,3234.98,0.01820546,1
1505431499,21255918,3236.78,0.01258100,1
1505431498,21255914,3234.98,0.14218900,1
1505431497,21255911,3234.98,0.12478366,1
1505431496,21255908,3239.13,0.07384639,0
1505431495,21255905,3239.22,0.04917386,1
1505431495,21255902,3239.22,0.87041306,1
1505431495,21255897,3239.22,0.46900000,0
1505431494,21255895,3239.10,0.02240400,0
1505431493,21255886,3234.72,9.04364700,1
1505431493,21255882,3235.38,0.87760000,1
1505431492,21255879,3239.22,0.07875300,1
1505431492,21255874,3239.14,0.04364700,0
1505431491,21255871,3235.38,0.39800000,0
1505431490,21255870,3234.98,0.87760000,0
1505431488,21255866,3233.19,3.30000000,1
1505431486,21255859,3233.19,0.89644236,0
1505431485,21255856,3233.19,0.00355764,0
1505431484,21255849,3230.00,0.84745283,0
1505431483,21255842,3230.00,1.16579800,0
1505431483,21255834,3230.00,4.74000000,0
1505431483,21255830,3229.99,3.06000000,0
1505431482,21255829,3229.99,0.02300000,0
1505431482,21255826,3230.00,0.02356200,0
1505431481,21255823,3230.00,1.00000000,0
1505431480,21255820,3230.04,0.02607600,1
1505431480,21255818,3233.16,0.49193170,1
1505431480,21255817,3233.16,0.66594844,0
1505431479,21255814,3230.03,0.08563100,1
1505431478,21255812,3230.03,0.20414700,1
1505431478,21255811,3230.03,0.63000000,1
1505431478,21255810,3232.01,0.02582300,1
1505431478,21255806,3230.03,1.00000000,1
1505431476,21255805,3225.00,23.34300909,1
1505431476,21255804,3225.00,0.05000000,1
1505431476,21255803,3225.00,1.00000000,1
1505431476,21255802,3225.01,0.22900000,1
1505431475,21255801,3225.01,0.81900000,1
1505431475,21255800,3225.23,10.65140000,1
1505431475,21255798,3225.50,0.00200000,1
1505431475,21255797,3226.00,0.00200000,1
1505431475,21255796,3228.00,0.25000000,1
1505431475,21255795,3228.07,0.00155821,1
1505431475,21255794,3228.33,4.40000000,1
1505431475,21255793,3228.34,0.03489600,1
1505431475,21255792,3229.96,0.38933299,1
1505431474,21255791,3230.00,0.01000000,1
1505431474,21255790,3230.00,1.00000000,1
1505431474,21255789,3230.00,1.91861006,1
1505431474,21255788,3232.00,0.84077739,1
1505431474,21255785,3230.03,4.30000000,0
1505431474,21255783,3230.00,1.08138994,1
1505431473,21255782,3230.00,0.07567201,1
1505431473,21255780,3230.01,0.01501957,1
1505431471,21255779,3230.01,0.01115243,1
1505431466,21255775,3230.00,0.12432799,1
1505431466,21255774,3230.00,0.17837200,1
1505431466,21255773,3230.03,0.69600000,1
1505431465,21255772,3233.16,0.13350954,0
1505431461,21255771,3230.21,3.23063961,0
1505431459,21255769,3230.21,0.31529540,0
1505431459,21255768,3230.17,0.68470460,0
1505431459,21255767,3230.17,0.00229540,0
1505431458,21255766,3230.01,1.00000000,0
1505431456,21255765,3230.16,1.00000000,0
1505431455,21255763,3230.00,0.02162800,1
1505431455,21255762,3230.00,0.05000000,1
1505431455,21255761,3230.01,0.02837200,1
1505431455,21255760,3230.16,0.32444865,0
1505431454,21255759,3230.16,0.02140712,1
1505431453,21255758,3230.16,0.22690000,0
1505431452,21255757,3230.16,0.02837200,0
1505431451,21255755,3230.21,0.17964022,0
1505431451,21255754,3230.21,0.27442477,0
1505431450,21255753,3233.16,0.06834245,0
1505431447,21255751,3233.16,0.34623093,0
1505431445,21255750,3231.01,1.12000000,0
1505431444,21255747,3230.16,0.92652245,1
1505431444,21255745,3231.00,0.15400000,1
1505431444,21255744,3231.00,0.05740000,1
1505431444,21255743,3231.00,0.12413000,0
1505431443,21255742,3231.01,0.20703555,1
1505431443,21255741,3231.02,0.03091200,1
1505431442,21255740,3231.69,4.43000000,0
1505431440,21255739,3231.01,1.49196445,1
1505431440,21255738,3231.35,0.00307920,1
1505431440,21255737,3231.92,0.00155635,1
1505431440,21255736,3231.92,0.00340000,1
1505431439,21255735,3232.00,2.00000000,1
1505431439,21255734,3232.01,0.03496900,1
1505431436,21255730,3234.98,0.12650000,0
1505431434,21255729,3233.18,0.11801443,0
1505431432,21255727,3233.00,0.03497000,0
1505431431,21255724,3233.00,0.03497000,0
1505431431,21255721,3233.00,0.20000000,1
1505431431,21255720,3233.00,7.00000000,1
1505431431,21255718,3233.20,0.03498100,1
1505431430,21255717,3234.99,0.06153827,0
1505431426,21255715,3234.35,0.12040000,0
1505431425,21255714,3234.35,0.43620000,0
1505431425,21255713,3235.00,4.52000000,0
1505431424,21255712,3233.18,1.37698607,0
1505431423,21255709,3233.18,0.04014100,1
1505431418,21255702,3233.17,0.40985800,1
1505431418,21255701,3234.35,0.04014200,0
1505431414,21255695,3233.16,0.16379188,1
1505431413,21255694,3234.33,0.05455800,1
1505431412,21255693,3235.00,0.04629900,0
1505431411,21255691,3235.00,1.00000000,1
1505431411,21255690,3235.01,0.03799000,1
1505431411,21255689,3235.01,0.04097800,1
1505431411,21255688,3235.01,0.04097700,1
1505431411,21255687,3235.08,0.61673900,1
1505431411,21255686,3235.09,0.04103400,1
1505431411,21255685,3235.50,0.00200000,1
1505431410,21255683,3235.78,0.00155450,1
1505431409,21255679,3236.05,4.00000000,1
1505431409,21255677,3237.00,0.27580000,1
1505431409,21255676,3237.00,0.70000000,1
1505431408,21255673,3237.01,0.04364700,1
1505431408,21255672,3237.02,0.03800400,1
1505431407,21255670,3238.00,0.09055561,1
1505431407,21255667,3238.02,4.55884891,1
1505431406,21255660,3238.02,0.04115109,1
1505431406,21255656,3238.01,0.56285497,1
1505431405,21255651,3239.99,0.00350660,0
1505431404,21255649,3238.00,1.90944439,1
1505431404,21255648,3238.00,0.35000000,1
1505431404,21255647,3239.99,0.58178100,0
1505431403,21255646,3239.99,0.01821900,0
1505431403,21255643,3238.00,0.29000000,1
1505431402,21255640,3238.01,0.07117800,0
1505431401,21255631,3238.00,0.10000000,1
1505431400,21255621,3238.01,0.07117800,0
1505431400,21255618,3238.01,4.94000000,1
1505431400,21255616,3238.01,0.03453100,1
1505431400,21255614,3238.01,0.03073400,1
1505431399,21255613,3238.01,0.04097800,1
1505431399,21255611,3238.20,0.30000000,1
1505431399,21255610,3238.33,0.03273400,1
1505431399,21255609,3238.34,0.03073300,1
1505431399,21255608,3238.34,0.01139339,1
1505431398,21255607,3240.00,0.15291600,0
1505431398,21255605,3240.00,1.77000000,0
1505431397,21255602,3238.34,0.01933961,1
1505431396,21255599,3238.35,0.79635561,1
1505431394,21255591,3238.35,0.60064439,1
1505431394,21255590,3239.26,0.02598461,1
1505431394,21255588,3239.27,0.07327100,1
1505431391,21255574,3239.26,0.00854839,1
1505431390,21255572,3240.02,0.03073300,1
1505431390,21255571,3240.03,0.02849200,1
1505431390,21255569,3240.04,0.27632283,1
1505431385,21255563,3240.04,0.07426017,1
1505431384,21255556,3244.91,0.18119061,0
1505431383,21255555,3240.04,1.32741700,1
1505431383,21255553,3240.05,0.07303200,1
1505431383,21255552,3240.42,0.00426000,1
1505431375,21255530,3241.15,1.60938627,1
1505431374,21255524,3241.15,0.03012000,1
1505431370,21255519,3241.15,0.15419300,1
1505431370,21255517,3243.51,0.00306921,0
1505431369,21255514,3241.15,2.38332436,1
1505431369,21255512,3241.16,0.04156300,1
1505431368,21255509,3241.15,0.07297637,1
1505431368,21255506,3243.51,0.09710067,0
1505431367,21255503,3243.52,0.00462842,1
1505431364,21255487,3245.00,4.80585012,1
1505431364,21255485,3245.00,0.14203465,1
1505431363,21255482,3245.00,0.03075450,1
1505431362,21255479,3245.00,0.18145000,1
1505431362,21255477,3245.98,0.00500000,0
1505431361,21255471,3241.14,0.83991073,0
1505431360,21255467,3241.14,0.03813827,0
1505431359,21255464,3241.14,0.02195100,0
1505431358,21255463,3241.14,16.10000000,1
1505431358,21255461,3243.52,0.43495738,0
1505431357,21255459,3241.72,0.30486883,0
1505431357,21255457,3241.72,0.37222195,0
1505431357,21255456,3241.15,0.62777805,0
1505431355,21255449,3241.15,1.59100000,1
1505431352,21255441,3243.52,1.41712707,0
1505431352,21255439,3243.52,0.09756100,0
1505431351,21255437,3243.52,0.01476187,0
1505431344,21255426,3246.00,4.10000000,0
1505431342,21255419,3246.00,0.03818500,0
1505431342,21255418,3246.00,0.02300000,0
1505431341,21255417,3246.00,0.01000000,0
1505431340,21255413,3246.00,0.31521715,0
1505431340,21255412,3246.00,0.04216912,0
1505431336,21255394,3246.00,1.77000000,0
1505431335,21255392,3246.00,0.09139000,0
1505431334,21255382,3246.00,0.18849871,0
1505431334,21255376,3241.14,3.20735683,1
1505431333,21255375,3241.14,0.87760000,1
1505431332,21255373,3246.00,0.10000000,0
1505431332,21255372,3246.00,0.27236520,0
1505431332,21255371,3245.97,0.42923480,0
1505431331,21255369,3246.00,0.43913609,0
1505431331,21255368,3244.26,0.08543000,0
1505431330,21255367,3241.14,0.02000000,1
1505431330,21255366,3244.26,0.00500000,0
1505431329,21255365,3244.26,1.61200000,0
1505431328,21255363,3246.00,0.98090900,1
1505431328,21255362,3246.00,0.01909100,1
1505431328,21255361,3246.01,2.74754298,1
1505431327,21255359,3247.30,0.02210000,0
1505431326,21255356,3246.00,1.00000000,0
1505431326,21255355,3240.21,0.87760000,0
1505431326,21255354,3240.21,0.26485702,0
1505431325,21255349,3240.21,0.00509198,0
1505431323,21255345,3240.20,0.07764940,1
1505431322,21255342,3240.21,0.53120100,0
1505431321,21255333,3240.20,0.62385551,1
1505431321,21255332,3240.20,0.14097400,1
1505431321,21255331,3240.20,0.11277049,1
1505431320,21255330,3240.21,0.02200000,0
1505431318,21255327,3240.20,0.00772317,0
1505431317,21255325,3240.22,0.02589800,1
1505431317,21255323,3240.23,0.39900000,1
1505431317,21255322,3241.14,8.57776116,1
1505431316,21255320,3241.14,2.35900000,1
1505431316,21255319,3246.01,0.64100000,1
1505431316,21255318,3246.00,1.00000000,0
1505431315,21255310,3246.00,0.02589800,0
1505431314,21255307,3246.00,0.12597314,0
1505431314,21255303,3241.14,5.11323884,1
1505431314,21255301,3245.05,0.02849300,1
1505431313,21255300,3246.00,0.15000000,0
1505431312,21255295,3246.00,0.07933800,1
1505431312,21255294,3246.00,0.46488000,1
1505431310,21255283,3243.77,0.97639864,0
1505431309,21255279,3246.01,3.70118616,1
1505431309,21255276,3246.63,0.10247746,1
1505431308,21255270,3246.01,0.89881384,1
1505431308,21255269,3246.63,0.10118616,1
1505431307,21255260,3240.21,0.04377912,1
1505431307,21255259,3243.18,0.02850300,1
1505431307,21255257,3245.04,0.01479584,1
1505431305,21255234,3249.45,0.01141728,0
1505431305,21255224,3243.17,0.06248429,0
1505431304,21255219,3243.17,0.04177629,1
1505431304,21255218,3245.05,0.03077500,1
1505431302,21255210,3249.46,3.75000000,0
1505431302,21255209,3246.00,1.00000000,0
1505431302,21255208,3245.04,0.08200000,0
1505431302,21255206,3245.04,0.01800000,0
1505431300,21255193,3243.17,0.05072580,1
1505431300,21255191,3243.17,0.30409813,1
1505431300,21255189,3245.04,0.03273500,1
1505431300,21255186,3249.46,0.01756987,1
1505431299,21255181,3249.46,0.04626415,0
1505431299,21255180,3249.46,0.15000000,0
1505431299,21255178,3249.46,0.09200000,0
1505431298,21255171,3249.46,1.00000000,0
1505431298,21255169,3249.46,0.04400000,0
1505431296,21255159,3249.46,0.40940300,0
1505431295,21255151,3249.46,1.00000000,0
1505431295,21255150,3249.46,1.30539108,0
1505431295,21255149,3245.04,3.06270000,0
1505431295,21255148,3243.17,0.50230892,0
1505431294,21255144,3243.17,5.00000000,0
1505431293,21255138,3243.17,0.09089108,0
1505431293,21255136,3243.17,1.00000000,0
1505431292,21255133,3245.03,2.18280000,1
1505431292,21255129,3245.03,0.87760000,1
1505431291,21255127,3249.46,1.00000000,0
1505431290,21255124,3238.32,1.00000000,1
1505431290,21255122,3238.32,0.50000000,1
1505431290,21255121,3238.32,1.90186042,1
1505431290,21255118,3239.63,0.00155265,1
1505431289,21255117,3239.63,0.08347894,0
1505431289,21255116,3239.63,0.00500000,0
1505431289,21255113,3240.00,0.10000000,1
1505431289,21255112,3240.00,1.00000000,1
1505431288,21255109,3240.00,0.00384222,1
1505431288,21255107,3241.00,0.09000000,1
1505431288,21255106,3241.00,0.01778662,1
1505431288,21255105,3241.02,0.10619796,1
1505431287,21255102,3243.18,0.15100000,1
1505431287,21255100,3245.01,0.82929356,1
1505431287,21255096,3245.02,0.90000000,1
1505431287,21255095,3245.02,0.04572100,0
1505431286,21255094,3246.64,1.56426663,1
1505431286,21255092,3246.64,0.07673337,1
1505431286,21255089,3249.46,1.00000000,0
1505431285,21255088,3249.46,1.36001100,0
1505431285,21255087,3249.46,0.00321591,0
1505431284,21255082,3249.46,0.31009700,0
1505431283,21255077,3246.64,0.50039100,1
1505431283,21255076,3249.46,19.85400000,0
1505431282,21255075,3249.46,5.00000000,0
1505431281,21255070,3249.46,10.70000000,0
1505431280,21255068,3245.01,1.88918959,1
1505431280,21255064,3246.63,2.63381041,1
1505431280,21255062,3246.63,0.07305936,1
1505431279,21255060,3249.46,9.12461000,0
1505431278,21255056,3246.63,0.01148896,1
1505431277,21255055,3249.46,10.97958600,1
1505431277,21255053,3249.46,10.64060000,1
1505431277,21255052,3249.46,0.00862061,1
1505431275,21255047,3241.00,19.98221338,1
1505431275,21255046,3241.00,0.20000000,1
1505431274,21255044,3241.21,0.10000000,1
1505431274,21255043,3242.08,9.88680000,1
1505431274,21255042,3243.17,0.24049999,1
1505431274,21255041,3243.48,0.00155080,1
1505431274,21255040,3244.00,0.26500000,1
1505431274,21255039,3245.00,1.00000000,1
1505431274,21255038,3245.00,0.01000573,1
1505431274,21255037,3245.00,0.10400000,1
1505431273,21255036,3246.62,10.00000000,1
1505431273,21255035,3247.00,0.33877425,1
1505431273,21255034,3247.27,0.00330000,1
1505431273,21255033,3247.34,0.00154896,1
1505431273,21255032,3248.77,0.02185582,1
1505431273,21255031,3248.81,0.00501250,1
1505431273,21255030,3249.00,0.22000000,1
1505431273,21255029,3249.00,0.15200000,1
1505431273,21255026,3249.46,100.20000000,1
1505431272,21255025,3250.00,0.05931692,1
1505431272,21255024,3250.00,1.00000000,1
1505431272,21255023,3250.00,2.33402769,1
1505431272,21255022,3250.00,1.00000000,1
1505431272,21255021,3250.00,0.02309538,1
1505431272,21255020,3250.00,2.00000000,1
1505431272,21255019,3250.00,0.50000000,1
1505431272,21255018,3250.00,0.20000000,1
1505431272,21255016,3250.00,0.25000000,1
1505431271,21255014,3250.00,0.00783653,1
1505431271,21255013,3250.00,50.00000000,1
1505431271,21255010,3250.00,0.02000000,1
1505431271,21255009,3250.00,0.35000000,1
1505431271,21255008,3250.00,0.02000000,1
1505431271,21255007,3250.00,0.92086700,1
1505431271,21255006,3250.00,0.50000000,1
1505431271,21255005,3250.00,0.32400000,1
1505431271,21255004,3250.00,0.00510000,1
1505431271,21255002,3250.00,1.07742027,1
1505431270,21255001,3250.00,0.10000000,1
1505431270,21255000,3250.00,0.01000000,1
1505431270,21254999,3250.01,0.04000000,1
1505431270,21254998,3250.01,0.61445000,1
1505431270,21254997,3250.01,3.00000000,1
1505431270,21254996,3250.25,0.75000000,1
1505431270,21254995,3250.26,9.50572500,1
1505431270,21254994,3250.40,0.20000000,1
1505431270,21254993,3250.49,0.05000000,1
1505431269,21254992,3250.55,0.50000000,1
1505431269,21254991,3251.00,0.05000000,1
1505431269,21254990,3251.00,0.00330000,1
1505431269,21254989,3251.00,0.25000000,1
1505431269,21254988,3251.00,0.10000000,1
1505431269,21254987,3251.06,0.20000000,1
1505431269,21254986,3251.10,0.63230000,1
1505431269,21254984,3251.11,0.02000000,1
1505431269,21254983,3251.19,0.00154713,1
1505431268,21254982,3251.62,0.00306000,1
1505431268,21254981,3252.00,0.10000000,1
1505431268,21254980,3252.00,0.25000000,1
1505431268,21254979,3252.00,0.05000000,1
1505431268,21254978,3252.01,0.22144922,1
1505431268,21254977,3252.84,0.18399306,1
1505431268,21254976,3254.02,1.75100000,1
1505431268,21254975,3254.15,10.55597234,1
1505431267,21254974,3254.52,0.00305728,1
1505431267,21254973,3255.00,0.25000000,1
1505431267,21254972,3255.00,0.05000000,1
1505431267,21254971,3255.00,0.24807870,1
1505431267,21254970,3255.00,0.50000000,1
1505431267,21254969,3255.00,1.00000000,1
1505431267,21254968,3255.49,0.00305637,1
1505431267,21254966,3255.50,0.00200000,1
1505431267,21254964,3256.34,3.24103748,1
1505431266,21254963,3256.35,8.72036003,1
1505431266,21254962,3256.88,0.06140800,1
1505431266,21254961,3257.98,1.23010461,1
1505431266,21254960,3260.00,23.58659260,1
1505431266,21254959,3269.26,1.04606714,0
1505431265,21254957,3260.00,0.87760000,1
1505431265,21254955,3269.26,0.14035286,0
1505431264,21254952,3261.12,0.42923480,0
1505431264,21254951,3260.00,0.00305222,1
1505431261,21254941,3269.29,0.00913743,0
1505431260,21254936,3260.33,3.05580000,0
1505431258,21254934,3259.92,8.29605836,0
1505431258,21254933,3259.92,0.47994164,0
1505431257,21254932,3259.92,0.76812491,0
1505431257,21254931,3259.06,3.03989449,0
1505431257,21254930,3259.06,0.24348489,0
1505431257,21254929,3259.06,0.10869165,0
1505431255,21254925,3259.92,0.00371878,0
1505431254,21254922,3259.92,0.01533700,0
1505431252,21254921,3257.98,0.06599999,1
1505431252,21254918,3258.00,0.03200000,1
1505431252,21254917,3258.00,0.20000000,1
1505431251,21254915,3258.01,0.00200000,1
1505431250,21254914,3259.92,0.09041931,0
1505431250,21254913,3259.03,0.00158069,0
1505431245,21254901,3259.03,0.00487043,0
1505431245,21254899,3259.90,0.00200000,1
1505431245,21254898,3259.92,0.05717101,1
1505431243,21254892,3259.92,0.54500300,1
1505431240,21254882,3259.92,0.50969920,1
1505431240,21254881,3259.92,0.03423139,1
1505431240,21254880,3259.92,0.02972508,1
1505431239,21254879,3261.61,0.33667860,0
1505431238,21254848,3259.92,0.20415051,1
1505431235,21254813,3259.92,0.80000000,1
1505431235,21254811,3259.92,0.04574535,1
1505431233,21254810,3261.61,1.61219822,0
1505431233,21254809,3260.00,0.00003378,0
1505431231,21254807,3260.00,0.01000000,1
1505431231,21254806,3260.00,0.10000000,1
1505431231,21254805,3260.00,4.18615031,1
1505431230,21254804,3260.34,0.01581591,1
1505431230,21254801,3261.61,0.10000000,0
1505431226,21254786,3263.00,0.22244365,1
1505431226,21254785,3263.00,0.02582200,1
1505431226,21254784,3263.08,1.74700000,1
1505431225,21254782,3265.11,0.01189259,1
1505431224,21254779,3265.11,0.02500000,1
1505431222,21254773,3265.48,5.00000000,0
1505431221,21254771,3265.00,0.10110741,0
1505431220,21254769,3265.00,0.10000000,1
1505431220,21254768,3265.10,0.35689259,1
1505431219,21254766,3265.50,0.00200000,1
1505431219,21254764,3265.65,0.01000000,1
1505431219,21254759,3269.31,0.65609988,0
1505431207,21254735,3270.01,0.07500000,1
1505431205,21254719,3270.14,0.02806302,0
1505431202,21254715,3270.01,0.15650177,0
1505431202,21254714,3270.00,0.01599823,0
1505431202,21254712,3270.00,0.00900177,1
1505431198,21254703,3278.72,1.07263449,0
1505431198,21254701,3278.02,0.01000000,0
1505431196,21254696,3275.00,0.51448325,0
1505431195,21254694,3275.00,0.30055382,0
1505431193,21254690,3270.00,0.02299823,1
1505431193,21254689,3270.00,0.02000000,1
1505431193,21254687,3270.00,0.03200000,1
1505431193,21254685,3270.00,0.05000000,1
1505431193,21254684,3270.14,0.00000177,1
1505431192,21254683,3270.14,0.38929823,0
1505431190,21254679,3270.14,0.00500000,1
1505431184,21254669,3275.01,0.05717642,0
1505431184,21254668,3275.00,0.08316749,0
1505431184,21254667,3275.00,0.09359264,0
1505431184,21254665,3275.00,0.70083987,0
1505431182,21254657,3273.36,0.04560388,1
1505431179,21254652,3276.68,0.00911000,0
1505431176,21254644,3276.69,0.04632587,0
1505431176,21254639,3276.69,5.00000000,0
1505431175,21254637,3276.69,0.63920439,0
1505431175,21254635,3273.36,0.02217335,0
1505431175,21254634,3273.36,0.15654122,0
1505431174,21254632,3273.36,0.12000000,1
1505431174,21254630,3275.00,0.02500000,1
1505431174,21254629,3275.00,0.20000000,1
1505431174,21254628,3275.00,0.05000000,1
1505431173,21254627,3275.00,0.20000000,1
1505431173,21254626,3275.00,9.22628543,1
1505431170,21254622,3275.00,7.00000000,1
1505431168,21254618,3278.00,0.26000000,1
1505431168,21254617,3280.00,1.16251630,1
1505431168,21254616,3280.85,0.00300000,1
1505431168,21254614,3281.00,1.00000000,1
1505431166,21254608,3281.90,1.55075255,0
1505431166,21254607,3281.87,0.92336802,0
1505431164,21254600,3281.96,17.18257778,1
1505431163,21254599,3281.96,0.68861740,1
1505431163,21254597,3281.96,5.00000000,1
1505431162,21254596,3281.96,7.00000000,1
1505431161,21254595,3281.96,4.49952148,1
1505431161,21254594,3281.96,0.71369915,1
1505431161,21254593,3281.96,0.56600000,1
1505431160,21254592,3281.96,5.00000000,1
1505431160,21254591,3281.96,7.00000000,1
1505431160,21254590,3281.96,20.40000000,1
1505431159,21254589,3281.96,5.00000000,1
1505431159,21254588,3281.96,7.00000000,1
1505431156,21254586,3281.96,14.37494285,1
1505431156,21254585,3282.00,4.62505715,1
1505431152,21254583,3287.33,0.07011805,0
1505431149,21254579,3282.00,0.04417124,1
1505431148,21254578,3282.00,1.08653073,1
1505431148,21254577,3287.33,0.02791627,1
1505431148,21254576,3287.33,0.00435872,0
1505431146,21254570,3282.00,2.39916000,1
1505431143,21254566,3289.38,0.10007400,0
1505431143,21254565,3289.36,0.02000000,0
1505431143,21254561,3289.36,0.02000000,0
1505431142,21254559,3282.00,0.02700000,1
1505431139,21254557,3289.38,4.78660983,1
1505431138,21254556,3289.37,0.09021000,0
1505431138,21254555,3288.88,0.10000000,0
1505431138,21254554,3288.88,0.02318017,0
1505431136,21254550,3282.00,2.13575900,1
1505431135,21254548,3288.88,0.00181983,1
1505431134,21254541,3288.88,0.05091544,1
1505431133,21254537,3282.00,1.67714734,1
1505431126,21254518,3282.00,2.22184400,1
1505431123,21254509,3282.00,1.21894577,1
1505431123,21254507,3285.01,0.00058723,1
1505431122,21254499,3285.01,0.00809418,1
1505431121,21254498,3288.84,0.00153737,0
1505431111,21254470,3289.40,4.87742900,1
1505431109,21254468,3288.88,0.10900000,0
1505431109,21254467,3285.01,0.01357100,0
1505431103,21254466,3282.00,4.56438477,1
1505431101,21254465,3281.96,3.00000000,1
1505431100,21254464,3281.96,0.00701247,1
1505431100,21254463,3281.96,1.00000000,1
1505431099,21254460,3281.96,0.00785131,1
1505431098,21254458,3281.96,0.18000000,1
1505431097,21254457,3282.00,1.00000000,0
1505431096,21254456,3281.96,0.14659316,1
1505431095,21254455,3281.96,0.21921621,1
1505431094,21254454,3281.96,0.09675005,1
1505431094,21254450,3281.96,0.23947928,1
1505431093,21254449,3282.00,0.17827839,1
1505431093,21254448,3282.00,0.54207000,1
1505431092,21254447,3282.00,0.33283700,1
1505431091,21254446,3282.00,0.12509300,1
1505431088,21254443,3285.00,0.45146558,0
1505431088,21254442,3285.00,0.04853442,0
1505431087,21254440,3285.00,0.10523070,0
1505431082,21254436,3285.00,0.50996043,0
1505431081,21254432,3285.00,0.95889500,1
1505431080,21254430,3285.83,0.00365707,0
1505431078,21254429,3285.00,1.00000000,1
1505431077,21254427,3285.00,0.27070500,1
1505431076,21254426,3285.00,19.76528800,1
1505431076,21254425,3285.00,1.00000000,1
1505431073,21254424,3285.00,1.00000000,1
1505431072,21254422,3289.47,0.02152930,0
1505431071,21254421,3285.00,1.00000000,1
1505431070,21254420,3289.47,0.02630388,0
1505431070,21254419,3289.47,0.07848083,0
1505431070,21254418,3289.47,0.11131696,0
1505431070,21254417,3289.46,0.06490842,0
1505431069,21254416,3289.46,0.07763058,0
1505431069,21254415,3285.00,0.01000000,1
1505431068,21254414,3285.00,1.00000000,1
1505431067,21254413,3289.47,0.04586664,0
1505431066,21254412,3285.00,1.00000000,1
1505431066,21254411,3289.47,0.15696166,0
1505431065,21254410,3285.00,0.44476700,1
1505431064,21254407,3285.00,1.00000000,1
1505431063,21254406,3289.47,0.03587494,0
1505431063,21254402,3285.00,0.01934500,1
1505431062,21254401,3285.00,0.01000000,1
1505431062,21254400,3289.47,0.05400648,0
1505431061,21254397,3285.00,1.00000000,1
1505431060,21254396,3289.47,0.13434305,0
1505431060,21254392,3289.47,0.02300000,0
1505431054,21254387,3293.14,1.00555099,0
1505431053,21254382,3285.00,7.52100000,1
1505431051,21254379,3293.14,0.29421385,0
1505431051,21254378,3293.14,0.33488310,0
1505431050,21254377,3293.14,0.06077201,0
1505431050,21254376,3293.12,0.02500000,0
1505431050,21254375,3293.12,0.00159000,0
1505431050,21254374,3293.11,0.15715000,0
1505431043,21254371,3285.01,0.14411179,1
1505431043,21254370,3293.15,0.00159421,1
1505431041,21254367,3293.15,0.76730000,0
1505431041,21254366,3293.15,0.10400413,0
1505431041,21254365,3293.12,0.00303318,0
1505431041,21254364,3293.12,0.00230000,0
1505431040,21254363,3293.15,0.00230000,0
1505431040,21254362,3293.15,0.00322304,0
1505431036,21254359,3293.20,0.07832856,0
1505431035,21254356,3286.55,0.05616229,1
1505431034,21254355,3286.55,0.78009738,1
1505431034,21254354,3293.20,0.16374033,1
1505431033,21254352,3296.44,0.79380000,0
1505431032,21254351,3286.55,0.11990262,1
1505431032,21254350,3286.55,0.88009738,1
1505431031,21254344,3296.44,0.26962540,0
1505431031,21254342,3296.44,0.07779112,0
1505431029,21254336,3296.44,0.84821468,0
1505431029,21254335,3296.44,0.85001262,0
1505431029,21254334,3296.44,0.07779112,0
1505431028,21254333,3293.20,0.07763538,0
1505431026,21254331,3296.41,0.06959629,0
1505431024,21254329,3293.20,0.03086142,0
1505431023,21254328,3293.20,0.28840000,1
1505431023,21254326,3293.20,0.01000000,1
1505431022,21254320,3295.70,0.12166676,0
1505431014,21254312,3293.20,0.00160000,1
1505431008,21254306,3295.33,0.11000000,1
1505431006,21254303,3295.32,0.52080200,1
1505431006,21254302,3295.68,0.02153200,1
1505431006,21254301,3298.20,0.00166400,1
1505431005,21254300,3312.74,0.00170251,0
1505430998,21254295,3300.08,0.00470000,0
1505430994,21254293,3303.39,0.67000000,0
1505430994,21254292,3303.39,1.17527000,0
1505430992,21254289,3302.38,1.57500000,1
1505430991,21254288,3302.39,0.00518900,1
1505430991,21254287,3302.44,0.87049476,1
1505430989,21254285,3303.53,0.00519200,1
1505430975,21254275,3303.47,0.00160000,1
1505430965,21254271,3319.98,0.06910283,0
1505430963,21254251,3319.29,0.06954400,0
1505430952,21254243,3303.28,0.19744924,1
1505430951,21254239,3319.68,0.02101522,0
1505430951,21254238,3319.68,0.01751473,0
1505430948,21254234,3303.22,0.38733122,0
1505430947,21254233,3303.27,0.01053100,1
1505430947,21254232,3313.78,0.00805778,1
1505430942,21254227,3319.98,0.23773034,1
1505430942,21254224,3319.49,0.10222700,0
1505430941,21254223,3319.47,0.04055200,1
1505430941,21254222,3319.47,0.64125734,0
1505430933,21254221,3317.50,0.01503240,0
1505430921,21254218,3317.50,1.17107219,0
1505430921,21254217,3317.47,0.22921244,0
1505430918,21254208,3306.10,7.67752957,1
1505430918,21254207,3309.40,1.00000000,1
1505430918,21254206,3310.00,1.19247043,1
1505430918,21254205,3317.47,1.00000000,1
1505430916,21254200,3317.47,0.22903158,1
1505430914,21254197,3317.49,0.35020148,0
1505430912,21254195,3317.47,1.00000000,1
1505430911,21254191,3317.47,0.19244999,1
1505430906,21254188,3319.49,0.03477300,0
1505430906,21254186,3317.47,0.44966797,1
1505430905,21254185,3317.47,0.13100000,1
1505430903,21254184,3317.50,1.51000000,0
1505430902,21254183,3317.50,1.00000000,0
1505430898,21254182,3310.00,2.03154312,0
1505430896,21254179,3310.07,1.00000000,1
1505430893,21254178,3319.99,0.23312605,0
1505430893,21254177,3317.71,0.22200000,0
1505430888,21254175,3317.51,0.75975957,0
1505430888,21254174,3313.78,0.17897465,0
1505430887,21254173,3310.51,0.06502000,1
1505430887,21254170,3310.51,0.00450000,0
1505430884,21254168,3310.00,0.48557726,1
1505430879,21254165,3310.01,0.72539200,1
1505430878,21254163,3310.01,0.01000000,1
1505430877,21254159,3310.01,0.01000000,1
1505430875,21254156,3310.01,0.01000000,1
1505430873,21254154,3310.01,0.01000000,1
1505430870,21254149,3310.02,0.01000000,1
1505430869,21254146,3310.00,0.01000000,1
1505430867,21254143,3310.00,0.01000000,1
1505430865,21254140,3310.02,0.01000000,1
1505430864,21254138,3310.02,0.01000000,1
1505430863,21254137,3310.02,0.45632970,1
1505430862,21254136,3310.02,0.79776685,1
1505430862,21254135,3310.51,0.05587351,1
1505430862,21254134,3310.51,0.01000000,1
1505430861,21254133,3313.78,0.07202535,0
1505430860,21254132,3313.78,0.02000000,0
1505430860,21254131,3310.51,0.01000000,1
1505430858,21254130,3310.51,0.01000000,1
1505430857,21254123,3310.51,0.01000000,1
1505430855,21254117,3310.51,0.01000000,1
1505430853,21254115,3310.51,0.01000000,1
1505430852,21254113,3310.00,0.01000000,1
1505430850,21254110,3310.01,0.01000000,1
1505430848,21254109,3310.01,0.01000000,1
1505430847,21254108,3310.01,0.06874667,1
1505430847,21254107,3310.01,0.06187991,1
1505430846,21254106,3310.01,0.16806786,1
1505430846,21254105,3310.01,0.01000000,1
1505430844,21254103,3310.01,0.01000000,1
1505430842,21254102,3310.01,0.01000000,1
1505430840,21254100,3310.01,0.01000000,1
1505430839,21254097,3310.01,0.07353424,1
1505430839,21254095,3310.01,0.01000000,1
1505430836,21254084,3310.01,0.01000000,1
1505430834,21254080,3310.01,0.01000000,1
1505430833,21254077,3310.01,0.07353424,1
1505430832,21254076,3310.01,0.01000000,1
1505430830,21254074,3310.01,0.01000000,1
1505430829,21254072,3310.01,0.01000000,1
1505430827,21254071,3310.00,0.01000000,1
1505430826,21254070,3310.00,0.15472787,1
1505430825,21254069,3310.00,0.01000000,1
1505430823,21254064,3310.00,0.01000000,1
1505430821,21254060,3310.00,0.01000000,1
1505430821,21254059,3310.00,0.08176988,1
1505430820,21254057,3310.00,0.01000000,1
1505430818,21254054,3310.00,0.01000000,1
1505430815,21254053,3310.00,0.01000000,1
1505430813,21254052,3310.00,0.01000000,1
1505430811,21254048,3310.00,0.01000000,1
1505430809,21254047,3310.00,0.01000000,1
1505430809,21254045,3310.00,0.01571300,1
1505430808,21254043,3310.00,0.01000000,1
1505430806,21254041,3310.00,0.01000000,1
1505430804,21254039,3310.00,0.01000000,1
1505430803,21254036,3310.00,0.01000000,1
1505430800,21254034,3310.00,0.23430000,1
1505430800,21254033,3310.00,0.01000000,1
1505430798,21254032,3310.00,0.01000000,1
1505430796,21254029,3310.00,0.01000000,1
1505430794,21254026,3310.00,0.01000000,1
1505430793,21254023,3310.00,0.01000000,1
1505430792,21254019,3310.00,0.57389500,1
1505430791,21254016,3310.00,0.01000000,1
1505430789,21254013,3310.00,0.01000000,1
1505430786,21254010,3310.00,0.01000000,1
1505430784,21254007,3310.00,0.01000000,1
