date,tid,price,amount,type
1505433625,21260923,0.06878772,0.13000000,0
1505433599,21260879,0.06895100,0.25854000,0
1505433599,21260878,0.06894000,0.16700000,0
1505433599,21260877,0.06894000,0.23400000,0
1505433597,21260873,0.06878770,0.19000000,1
1505433592,21260866,0.06895000,0.15000000,0
1505433547,21260827,0.06878749,0.46813745,0
1505433456,21260718,0.06878725,8.70700300,1
1505433456,21260717,0.06899450,0.00299700,1
1505433378,21260651,0.06892002,4.28369300,0
1505433376,21260642,0.06892001,72.91593700,1
1505433376,21260641,0.06892001,33.15800800,1
1505433375,21260640,0.06892002,0.19124000,1
1505433372,21260628,0.06886805,4.31105500,0
1505433371,21260627,0.06892000,2.86000000,1
1505433368,21260621,0.06886801,5.26540690,1
1505433368,21260620,0.06892000,1.11000000,1
1505433368,21260619,0.06892000,1.74459310,1
1505433356,21260579,0.06892000,1.11540690,1
1505433355,21260577,0.06886801,2.63153683,1
1505433355,21260576,0.06890000,1.60710000,1
1505433355,21260575,0.06892000,0.31700000,1
1505433354,21260574,0.06900000,0.10000000,1
1505433354,21260573,0.06900003,0.96436317,1
1505433338,21260535,0.06902000,1.98765000,1
1505433337,21260530,0.06916000,0.23400000,1
1505433328,21260489,0.06915303,6.10647397,1
1505433325,21260474,0.07031099,17.58889006,0
1505433325,21260472,0.06982900,4.71622471,0
1505433325,21260466,0.06982900,0.28377529,0
1505433325,21260465,0.06943000,3.00000000,0
1505433324,21260464,0.06941180,1.00000000,0
1505433324,21260463,0.06941180,1.86000000,0
1505433324,21260462,0.06941000,0.50000000,0
1505433315,21260430,0.07031098,9.05848875,0
1505433315,21260429,0.06978509,1.69103596,0
1505433315,21260428,0.06941180,1.00000000,0
1505433315,21260427,0.06910800,1.98765000,0
1505433314,21260424,0.06978509,0.30896404,0
1505433314,21260422,0.06941179,1.85999978,0
1505433313,21260417,0.06941179,1.00000022,0
1505433311,21260406,0.06944108,0.23655532,0
1505433311,21260403,0.06944000,0.07183265,0
1505433311,21260402,0.06944000,0.02816735,0
1505433311,21260401,0.06941181,0.11000000,0
1505433310,21260400,0.06941180,1.81612495,0
1505433308,21260390,0.06913095,2.19634909,0
1505433308,21260387,0.06911200,1.98765000,0
1505433308,21260385,0.06911197,7.07083714,0
1505433291,21260325,0.06895400,1.75858585,1
1505433291,21260324,0.06895403,1.15455615,1
1505433291,21260323,0.06909982,0.15000000,1
1505433286,21260307,0.06909982,0.20000000,1
1505433270,21260262,0.06908000,0.31600000,0
1505433263,21260244,0.06908997,0.66844724,0
1505433253,21260215,0.06909992,0.10000000,0
1505433204,21260093,0.06908997,0.10000000,0
1505433159,21260035,0.06890009,5.06483784,1
1505433151,21260029,0.06913997,0.26979127,0
1505433107,21259956,0.06893007,6.31730520,1
1505433107,21259954,0.06897700,1.98765000,1
1505433106,21259952,0.06897701,1.45504480,1
1505433097,21259937,0.06924997,0.11631764,0
1505433091,21259919,0.06907900,1.98765000,1
1505433088,21259914,0.06925999,0.89578413,0
1505433088,21259912,0.06905400,1.67455893,1
1505433088,21259910,0.06906000,0.31600000,1
1505433088,21259909,0.06906003,4.10944107,1
1505433082,21259879,0.06926000,0.97092077,0
1505433075,21259870,0.06923100,0.71616225,0
1505433075,21259869,0.06923100,0.25576612,0
1505433069,21259839,0.06923100,0.96397238,0
1505433067,21259834,0.06944107,0.18923954,0
1505433067,21259833,0.06922500,1.98765000,0
1505433065,21259827,0.06919439,3.52595000,0
1505433064,21259820,0.06919452,3.68637691,0
1505433057,21259793,0.06919487,7.93265695,1
1505433056,21259792,0.06944107,0.96397279,0
1505433056,21259791,0.06919487,0.00001000,1
1505433056,21259790,0.06922000,0.31499000,1
1505433055,21259787,0.06919500,0.00000500,0
1505433055,21259784,0.06919500,1.98764500,0
1505433055,21259781,0.06919474,1.54747205,0
1505433054,21259778,0.06919474,19.57282718,0
1505433053,21259772,0.06919474,3.87970077,0
1505433052,21259763,0.06919487,14.45186615,0
1505433051,21259755,0.06919487,1.06798957,0
1505433050,21259750,0.06897306,0.80780249,1
1505433050,21259748,0.06899500,1.98765000,1
1505433050,21259746,0.06900000,1.00000000,1
1505433050,21259744,0.06900162,0.23655532,1
1505433049,21259742,0.06901364,0.60490874,1
1505433049,21259741,0.06901365,4.63308345,1
1505433043,21259719,0.06922684,0.10806916,0
1505433042,21259714,0.06922687,5.16153852,0
1505433040,21259710,0.06922700,1.10803528,0
1505433023,21259659,0.06901379,9.27000000,1
1505432978,21259560,0.06904396,10.00000000,1
1505432963,21259534,0.06904340,10.00000000,1
1505432956,21259520,0.06904312,10.00000000,1
1505432949,21259511,0.06904284,10.00000000,1
1505432896,21259425,0.06903041,10.00000000,1
1505432874,21259405,0.06932997,0.31499500,0
1505432852,21259374,0.06901364,0.35235000,1
1505432852,21259371,0.06903000,3.00000000,1
1505432852,21259369,0.06911700,1.98765000,1
1505432849,21259359,0.06903001,1.11893143,1
1505432845,21259348,0.06917000,1.00000000,1
1505432843,21259346,0.06924200,1.98765000,1
1505432843,21259345,0.06925000,0.10000000,1
1505432838,21259325,0.06925200,0.87288489,1
1505432838,21259323,0.06925207,2.08256500,1
1505432838,21259321,0.06925210,3.07763511,1
1505432768,21259153,0.06950996,3.31153000,0
1505432751,21259092,0.06933000,0.23300000,0
1505432743,21259059,0.06933500,0.83892600,1
1505432738,21259043,0.06933500,1.98765000,1
1505432737,21259039,0.06933503,0.10816500,1
1505432687,21258885,0.06960992,24.51059385,0
1505432581,21258703,0.06962848,2.00000000,0
1505432538,21258590,0.06921039,2.25000000,1
1505432537,21258589,0.06936002,1.62000000,1
1505432537,21258588,0.06936002,1.24000000,1
1505432533,21258578,0.06936002,1.62000000,1
1505432530,21258575,0.06921036,3.84000000,1
1505432530,21258574,0.06936002,2.86000000,1
1505432526,21258562,0.06936005,1.24000000,1
1505432523,21258556,0.06921033,7.14000000,1
1505432523,21258555,0.06936003,2.86000000,1
1505432521,21258549,0.06963992,0.41622500,0
1505432516,21258540,0.06938700,1.24000000,1
1505432506,21258533,0.06936003,1.24435000,1
1505432501,21258530,0.06964900,1.98765000,1
1505432496,21258517,0.06919004,0.00435000,1
1505432496,21258516,0.06936000,2.86000000,1
1505432495,21258515,0.06937000,0.31500000,1
1505432495,21258514,0.06951800,1.98765000,1
1505432495,21258513,0.06953000,0.23300000,1
1505432479,21258481,0.07031085,6.05707667,0
1505432479,21258478,0.07008500,1.98765000,1
1505432477,21258476,0.06934603,1.99358010,1
1505432471,21258459,0.07031097,12.52755320,1
1505432470,21258456,0.06977100,1.98765000,0
1505432469,21258450,0.06977087,8.36328949,0
1505432469,21258447,0.06977087,1.00000051,0
1505432465,21258431,0.06981368,1.79912151,0
1505432460,21258425,0.07026167,1.17019817,0
1505432459,21258420,0.06981400,1.98765000,0
1505432456,21258390,0.06926033,5.03000000,1
1505432455,21258387,0.07031099,2.55155766,0
1505432455,21258386,0.07031099,0.38000000,0
1505432454,21258384,0.07031099,0.28000000,0
1505432454,21258383,0.07031099,0.06846733,0
1505432454,21258382,0.07031099,0.98852952,0
1505432454,21258381,0.07031099,2.20000000,0
1505432453,21258377,0.07030000,0.23100000,0
1505432453,21258375,0.06987800,0.62308273,0
1505432452,21258372,0.06948000,0.31500000,0
1505432449,21258352,0.06987800,1.14845521,0
1505432449,21258351,0.06925044,6.75500000,1
1505432449,21258350,0.06926000,0.31500000,1
1505432448,21258348,0.06987800,0.21611206,0
1505432448,21258346,0.06987797,5.03480687,0
1505432447,21258343,0.06925044,2.60828786,1
1505432446,21258342,0.06925100,1.98765000,1
1505432442,21258323,0.07031099,0.27000000,0
1505432442,21258319,0.07031000,0.31000000,0
1505432442,21258317,0.06987300,1.98765000,0
1505432440,21258297,0.06925004,0.10000000,0
1505432437,21258275,0.06924030,2.38816286,1
1505432436,21258273,0.06925000,0.23100000,1
1505432436,21258271,0.06925000,0.31000000,1
1505432436,21258270,0.06925003,7.07083714,1
1505432435,21258264,0.07031099,3.74581010,0
1505432435,21258262,0.07031099,5.99329458,0
1505432435,21258261,0.07031099,2.86206368,0
1505432433,21258249,0.07031099,2.32411491,0
1505432433,21258247,0.07031099,0.33000000,0
1505432433,21258246,0.07031099,0.05436095,0
1505432433,21258245,0.07031098,1.06461127,0
1505432431,21258236,0.07031099,2.20112235,0
1505432429,21258225,0.07031099,0.26644235,0
1505432429,21258224,0.07031099,0.33807435,0
1505432429,21258221,0.07031098,2.00000000,0
1505432426,21258206,0.07031099,1.68950362,1
1505432425,21258202,0.07031099,0.93065315,1
1505432425,21258201,0.07031099,1.05699685,1
1505432424,21258193,0.07031099,5.30929060,0
1505432423,21258185,0.07031099,1.16525811,0
1505432423,21258184,0.07031099,1.97504213,0
1505432423,21258182,0.07031099,2.28108852,0
1505432423,21258181,0.07031099,2.84938210,0
1505432422,21258180,0.07031099,5.06061742,0
1505432422,21258179,0.07007000,9.38800411,0
1505432422,21258177,0.06971999,2.86000000,0
1505432422,21258176,0.07007000,15.36588319,0
1505432421,21258174,0.07007000,10.06847937,0
1505432421,21258173,0.07007000,2.84938230,0
1505432421,21258172,0.07007000,1.99883773,0
1505432421,21258171,0.07007000,0.46107057,0
1505432420,21258170,0.07006999,5.31635018,0
1505432420,21258169,0.07006999,0.94310073,0
1505432420,21258167,0.07006999,1.96239442,0
1505432420,21258166,0.07006999,0.11915732,0
1505432420,21258165,0.06984000,0.61665988,0
1505432420,21258164,0.06972987,0.41874216,0
1505432419,21258162,0.06972987,0.74451801,0
1505432419,21258161,0.06972000,3.00000000,0
1505432418,21258159,0.06972987,2.97691725,0
1505432418,21258156,0.06972987,1.00392038,0
1505432418,21258155,0.06972987,4.85590220,0
1505432417,21258153,0.06984000,0.54193278,0
1505432417,21258152,0.06984000,0.82905734,0
1505432416,21258149,0.06980000,0.30800000,0
1505432416,21258147,0.06973000,0.22900187,0
1505432414,21258139,0.06973965,7.07083714,0
1505432358,21258016,0.06921098,9.79559000,1
1505432358,21258015,0.06944004,0.20441000,1
1505432351,21258001,0.06921070,10.00000000,1
1505432344,21257978,0.06921041,10.00000000,1
1505432328,21257958,0.06919002,2.81588246,1
1505432328,21257957,0.06944004,7.18411754,1
1505432317,21257943,0.06917005,3.91100000,1
1505432317,21257942,0.06919000,3.00000000,1
1505432316,21257940,0.06943004,2.86000000,1
1505432316,21257939,0.06944000,0.22900000,1
1505432309,21257931,0.06944000,0.00000187,1
1505432309,21257930,0.06946200,1.98765000,1
1505432309,21257929,0.06947000,0.30800000,1
1505432309,21257928,0.06947003,6.91882813,1
1505432290,21257898,0.06989500,0.37660179,0
1505432279,21257878,0.06983000,0.30600000,0
1505432279,21257877,0.06982700,1.98765000,0
1505432279,21257876,0.06982699,1.75957550,0
1505432279,21257875,0.06972000,0.22800000,0
1505432271,21257863,0.06938000,0.73102800,1
1505432268,21257854,0.06954000,0.22800000,1
1505432267,21257852,0.06954000,1.75965000,1
1505432267,21257851,0.06955000,0.30600000,1
1505432265,21257850,0.06955000,0.22800000,1
1505432264,21257847,0.06954003,0.15200901,1
1505432255,21257832,0.07006999,0.92450752,0
1505432245,21257812,0.07001430,0.37355978,0
1505432245,21257810,0.06979300,1.98765000,0
1505432244,21257808,0.06976999,2.86000000,0
1505432234,21257782,0.06966366,2.86000000,0
1505432234,21257781,0.06966363,7.07083714,0
1505432223,21257762,0.06935206,0.37355978,1
1505432223,21257761,0.06935206,0.88020884,1
1505432208,21257720,0.07006999,0.44401893,0
1505432208,21257718,0.06943413,0.41441846,0
1505432197,21257689,0.07006999,10.97676901,0
1505432197,21257687,0.06960100,1.74201453,0
1505432193,21257673,0.06960100,0.24563547,0
1505432186,21257646,0.06977000,0.30500000,0
1505432186,21257643,0.06966000,0.22800000,0
1505432185,21257642,0.06964550,1.11619989,0
1505432185,21257641,0.06958200,1.98765000,0
1505432184,21257634,0.06956990,1.80000000,0
1505432183,21257631,0.06956984,0.88020842,0
1505432178,21257611,0.06949000,0.30500000,1
1505432175,21257603,0.06923002,4.36332099,1
1505432175,21257601,0.06923003,2.13505901,1
1505432174,21257598,0.06924900,0.61162000,1
1505432174,21257592,0.06924900,1.37603000,1
1505432173,21257590,0.06948000,4.89747000,1
1505432173,21257589,0.06949000,0.22800000,1
1505432173,21257586,0.06948000,0.22800000,1
1505432172,21257583,0.06948000,1.98765000,1
1505432170,21257576,0.07000999,18.63183367,0
1505432170,21257573,0.07000999,29.48384318,0
1505432170,21257572,0.07000999,26.26319607,0
1505432170,21257571,0.06995000,0.21696400,0
1505432169,21257568,0.07000999,1.10335688,0
1505432169,21257567,0.07000999,0.70894395,0
1505432169,21257566,0.07000999,1.39827233,0
1505432169,21257565,0.07000999,4.04135457,0
1505432168,21257563,0.06995999,0.32697920,0
1505432168,21257562,0.06995999,1.07065232,0
1505432168,21257560,0.06956993,0.00671816,0
1505432168,21257558,0.06956993,2.64426266,0
1505432167,21257557,0.06957498,1.80940140,0
1505432167,21257555,0.06957400,1.98765000,0
1505432167,21257553,0.06956993,1.11017549,0
1505432161,21257533,0.06932001,8.84171000,1
1505432161,21257532,0.06932001,1.15829000,1
1505432153,21257502,0.06933010,2.66980800,1
1505432101,21257419,0.06954000,0.08603600,0
1505432101,21257418,0.06954000,0.22800000,0
1505432094,21257403,0.06954700,0.87740126,1
1505432092,21257393,0.06954700,1.11024874,1
1505432086,21257387,0.06953800,1.98765000,1
1505432073,21257380,0.06974993,0.46414000,0
1505432070,21257369,0.06956600,0.22305500,1
1505432059,21257359,0.06976987,0.89775578,0
1505432059,21257357,0.06970900,1.98765000,0
1505432058,21257352,0.06976987,0.21092187,0
1505432058,21257348,0.06976991,6.10352788,0
1505432057,21257347,0.06976990,7.25683047,0
1505432050,21257327,0.06957000,1.98765000,1
1505432050,21257325,0.06966840,5.00000000,1
1505432042,21257314,0.06951070,3.91967634,1
1505432042,21257312,0.06966400,2.00526466,1
1505432040,21257299,0.06967000,0.21085781,0
1505432036,21257287,0.06978986,2.20566842,1
1505432034,21257284,0.06966400,1.08032400,1
1505432029,21257273,0.06966400,0.00006134,0
1505432027,21257258,0.06966400,1.98758866,0
1505432018,21257248,0.06947800,0.49926257,1
1505432018,21257247,0.06949675,0.53790529,1
1505432018,21257246,0.06949775,5.97283214,1
1505431907,21257080,0.06954000,3.32397244,1
1505431896,21257067,0.06951600,0.07602756,0
1505431896,21257066,0.06952706,1.92000000,1
1505431896,21257065,0.06952707,0.93597244,1
1505431887,21257037,0.06952714,1.09800500,1
1505431885,21257023,0.06952707,1.92402756,1
1505431885,21257022,0.06952711,1.40198244,1
1505431884,21257019,0.06972695,3.64865077,0
1505431883,21257017,0.06972665,0.89652000,1
1505431882,21257016,0.06972665,8.28998600,1
1505431882,21257014,0.06972665,3.93247840,0
1505431815,21256856,0.06957124,0.89652300,1
1505431803,21256824,0.06957083,1.00000000,1
1505431803,21256821,0.06973300,1.48193825,0
1505431798,21256795,0.06972217,1.08521611,0
1505431718,21256594,0.06961300,1.98765000,1
1505431718,21256592,0.06962000,0.22800000,1
1505431708,21256587,0.06966700,1.98765000,1
1505431707,21256586,0.06966703,1.98765000,1
1505431699,21256569,0.06967000,1.98765000,1
1505431690,21256555,0.06965900,1.98764983,1
1505431690,21256554,0.06967000,0.13894217,1
1505431687,21256534,0.06967003,0.46000000,1
1505431624,21256386,0.06967018,1.01718800,1
1505431620,21256381,0.06967004,0.37300000,1
1505431620,21256380,0.06967004,1.76025200,1
1505431617,21256369,0.06967008,0.50000000,1
1505431616,21256367,0.06967005,0.22700000,1
1505431612,21256359,0.06967004,1.09974800,1
1505431612,21256357,0.06968000,0.30300000,1
1505431602,21256330,0.06967003,0.36710000,1
1505431561,21256207,0.06975500,0.22537201,0
1505431552,21256166,0.06995984,0.50899923,0
1505431552,21256164,0.06995000,0.22700000,0
1505431549,21256148,0.06971700,1.98765000,0
1505431542,21256126,0.06970800,1.34762150,0
1505431450,21255752,0.06962597,2.37822224,1
1505431410,21255684,0.06944328,0.80830600,1
1505431323,21255346,0.06953797,1.62171028,0
1505431301,21255199,0.06939600,0.14739300,1
1505431298,21255173,0.06939603,0.23000000,1
1505431284,21255086,0.06934305,1.38883400,1
1505431276,21255051,0.06945000,0.22700000,1
1505431276,21255050,0.06945800,1.98765000,1
1505431272,21255017,0.06963500,1.09776777,0
1505431271,21255012,0.06944003,2.27000000,1
1505431262,21254949,0.06963597,0.11538011,0
1505431203,21254716,0.06957000,0.02400000,1
1505431202,21254713,0.06957000,0.22600000,0
1505431198,21254700,0.06954920,4.52258000,1
1505431197,21254699,0.06954893,1.06927000,0
1505431183,21254662,0.06954948,0.23000000,0
1505431168,21254619,0.06938017,0.13103833,0
1505431168,21254613,0.06939000,0.22600000,1
1505431167,21254611,0.06939003,1.03091667,1
1505431143,21254560,0.06936703,1.98765000,1
1505431094,21254452,0.06949799,1.68364500,0
1505431094,21254451,0.06945000,0.30400000,0
1505431082,21254435,0.06943000,2.97023675,1
1505431081,21254434,0.06943000,0.22585885,0
1505431081,21254433,0.06942996,0.30392440,0
1505431061,21254399,0.06930277,0.87742300,1
1505430942,21254226,0.06924001,3.00000000,1
1505430942,21254225,0.06930136,2.86000000,1
1505430887,21254172,0.06930084,0.93822993,1
1505430879,21254166,0.06930043,9.85938718,1
1505430878,21254164,0.06931000,0.30400000,1
1505430835,21254081,0.06940600,1.07629740,1
1505430824,21254067,0.06953003,1.90312400,1
1505430812,21254049,0.06994020,0.30996605,0
1505430808,21254044,0.06957000,0.22585885,1
1505430800,21254035,0.06994682,1.28620619,0
1505430785,21254009,0.06994687,0.66524773,0
1505430762,21253967,0.06951500,1.98765000,1
1505430762,21253965,0.06951503,1.22323570,1
1505430742,21253906,0.07005969,1.38015679,0
1505430742,21253905,0.06994900,0.02903046,0
1505430741,21253903,0.06994900,1.95861954,0
1505430741,21253901,0.06973000,3.00000000,0
1505430732,21253881,0.07006999,2.88062352,0
1505430731,21253878,0.07006999,6.18961682,0
1505430731,21253877,0.06982052,5.18321277,0
1505430730,21253876,0.06978700,1.49067109,0
1505430730,21253874,0.06978700,0.49697891,0
1505430730,21253873,0.06974996,0.59545853,0
1505430730,21253872,0.06974000,0.30300000,0
1505430728,21253864,0.06974000,0.86392672,1
1505430726,21253858,0.06945000,0.22700000,0
1505430724,21253851,0.06944700,1.98765000,1
1505430714,21253832,0.06947000,0.30300000,1
1505430714,21253829,0.06953000,0.22700000,1
1505430714,21253825,0.06953003,1.40863694,1
1505430704,21253795,0.06995999,2.76109602,0
1505430704,21253793,0.06995999,6.98226775,1
1505430703,21253788,0.06979000,0.59232000,0
1505430702,21253785,0.06978997,1.76794592,0
1505430697,21253774,0.06950903,6.49748880,1
1505430692,21253758,0.06991380,5.00000000,0
1505430692,21253757,0.06989300,1.20304432,0
1505430691,21253756,0.06989272,18.68648000,0
1505430691,21253753,0.06989286,1.09461643,1
1505430691,21253750,0.06989286,0.71849830,1
1505430690,21253749,0.06989286,3.00000000,1
1505430690,21253747,0.06989286,3.08192912,1
1505430690,21253745,0.06989286,25.00000000,1
1505430689,21253744,0.06989286,1.19419397,1
1505430688,21253737,0.06989300,0.78460568,0
1505430688,21253736,0.06989285,0.60181140,0
1505430688,21253735,0.06989272,21.34188339,0
1505430688,21253733,0.06989272,3.65811661,0
1505430681,21253719,0.06997445,1.32996903,0
1505430681,21253718,0.06981400,0.05926512,0
1505430681,21253717,0.06981400,1.92838488,0
1505430680,21253715,0.06981399,2.86000000,0
1505430680,21253714,0.06967000,0.51742550,0
1505430680,21253712,0.06967000,1.38923454,0
1505430679,21253710,0.06967000,1.09333996,0
1505430675,21253698,0.06969825,0.20000000,0
1505430675,21253697,0.06968000,3.00000000,0
1505430675,21253696,0.06967999,2.86000000,0
1505430664,21253660,0.06997446,0.37889283,1
1505430664,21253658,0.06997446,2.74886942,1
1505430664,21253656,0.06997446,3.05663947,1
1505430664,21253654,0.06997446,2.66578147,1
1505430664,21253653,0.06997446,0.31816442,1
1505430663,21253651,0.06997446,1.92144219,1
1505430663,21253650,0.06997446,0.76039339,1
1505430662,21253648,0.06997446,1.21204677,1
1505430662,21253647,0.06997446,0.77560323,1
1505430661,21253644,0.06997446,0.22261652,1
1505430661,21253641,0.06970828,0.20000000,0
1505430661,21253640,0.06962000,0.22600000,0
1505430661,21253639,0.06961999,0.54822000,0
1505430660,21253636,0.06944400,1.98765000,0
1505430660,21253634,0.06944399,1.98765000,0
1505430660,21253633,0.06940697,3.08163143,0
1505430659,21253632,0.06940695,2.86000000,0
1505430634,21253561,0.06939400,1.98765000,0
1505430633,21253557,0.06939399,0.30300000,0
1505430624,21253545,0.06939994,2.62639900,1
1505430623,21253543,0.06940697,3.38478300,1
1505430622,21253539,0.06940696,0.27034867,0
1505430621,21253536,0.06940000,0.30300000,0
1505430621,21253531,0.06919000,3.00000000,0
1505430619,21253526,0.06918400,0.61137300,1
1505430619,21253522,0.06918400,1.18649926,1
1505430619,21253521,0.06919000,1.67350074,1
1505430618,21253519,0.06919000,1.32649926,1
1505430618,21253517,0.06920000,0.30300000,1
1505430613,21253493,0.06919001,0.71612254,1
1505430607,21253478,0.06944110,0.00000258,1
1505430607,21253475,0.06944110,0.00012000,1
1505430607,21253474,0.06945000,0.22600000,1
1505430606,21253468,0.06944110,2.64493305,1
1505430605,21253465,0.06944110,0.78073437,1
1505430604,21253463,0.06935400,1.98765000,0
1505430595,21253447,0.06936500,1.17411000,0
1505430593,21253443,0.06936496,0.46126588,0
1505430593,21253442,0.06936493,1.31008489,0
1505430592,21253441,0.06936493,0.68982923,0
1505430592,21253440,0.06927993,2.94038000,0
1505430585,21253431,0.06917002,1.11131243,1
1505430585,21253427,0.06926000,3.00000000,1
1505430575,21253360,0.06928000,1.68984294,1
1505430575,21253359,0.06928000,1.31015706,1
1505430568,21253348,0.06928006,3.57000269,1
1505430566,21253344,0.06944984,0.47985711,0
1505430562,21253328,0.06944985,0.11282682,0
1505430538,21253284,0.06940900,1.00000000,0
1505430531,21253267,0.06940793,2.94960675,0
1505430511,21253161,0.06926200,0.02710000,0
1505430511,21253159,0.06930000,18.00000000,1
1505430507,21253147,0.06946193,0.49214760,0
1505430485,21253084,0.06930001,0.64658000,1
1505430485,21253083,0.06931100,1.98765000,1
1505430485,21253082,0.06932000,3.00000000,1
1505430485,21253081,0.06935770,0.07300000,1
1505430447,21252977,0.06941201,12.67135000,1
1505430447,21252976,0.06941201,1.98765000,1
1505430266,21252827,0.06958489,0.50172832,0
1505430234,21252795,0.06945523,3.29967955,1
1505430234,21252793,0.06950000,1.32415045,1
1505430173,21252682,0.06950000,0.17646800,1
1505430043,21252600,0.06950000,0.22600000,1
1505429982,21252571,0.06951800,1.25928300,1
1505429979,21252569,0.06950004,0.72836700,0
1505429977,21252563,0.06952100,1.98765000,1
1505429972,21252556,0.06952107,3.72156567,1
1505429945,21252493,0.06970785,3.72156567,0
1505429922,21252429,0.06956300,1.09000000,1
1505429909,21252417,0.06956500,0.82586713,1
1505429909,21252416,0.06956503,1.27660187,1
1505429745,21252226,0.06973197,0.92307360,0
1505429599,21252065,0.06951562,5.98495801,0
1505429592,21252059,0.06965800,1.98765000,1
1505429585,21252052,0.06965803,0.20522194,1
1505429521,21251979,0.06989100,1.27514500,0
1505429519,21251973,0.06989100,0.71250484,0
1505429491,21251943,0.06979700,1.03988700,0
1505429490,21251936,0.06979700,0.94705098,0
1505429489,21251931,0.06979699,0.41606200,0
1505429484,21251922,0.06987950,6.54370822,0
1505429479,21251911,0.06969700,1.98765000,0
1505429479,21251909,0.06969699,0.39645786,0
1505429463,21251878,0.06954501,3.76618700,0
1505429462,21251876,0.06954501,0.30000000,0
1505429382,21251759,0.06957901,0.39645786,1
1505429382,21251757,0.06957903,3.38851152,1
1505429319,21251653,0.06976402,1.00113152,0
1505429231,21251479,0.06971985,2.19900000,0
1505429224,21251467,0.06970000,0.30100000,0
1505429173,21251436,0.06952000,0.56522479,1
1505429173,21251434,0.06954401,3.81996702,1
1505429160,21251428,0.06957000,0.30100000,1
1505429160,21251427,0.06957001,0.22599500,1
1505429146,21251399,0.06971000,0.09861618,0
1505429141,21251381,0.06971000,0.20131200,0
1505429139,21251375,0.06972197,0.18838000,0
1505429133,21251356,0.06961000,0.29992818,1
1505429124,21251348,0.06953002,1.28520043,0
1505429123,21251345,0.06962900,0.72016157,1
1505429120,21251336,0.06962900,1.26748843,1
1505429108,21251330,0.06966303,7.07083714,1
1505429101,21251321,0.06986898,0.57255600,0
1505429085,21251261,0.06983800,1.75076900,0
1505429082,21251258,0.06981400,0.23688100,0
1505429057,21251231,0.06978000,1.98764986,0
1505429056,21251230,0.06977997,7.07083714,0
1505429040,21251221,0.06961100,0.76850853,1
1505429025,21251211,0.06961100,1.98765000,1
1505429009,21251193,0.06965007,2.86000000,1
1505429009,21251192,0.06970000,0.21422693,1
1505428965,21251151,0.06970000,3.18577307,1
1505428945,21251136,0.06983600,1.07196180,0
1505428905,21251099,0.06971500,1.76165000,0
1505428902,21251096,0.06971500,0.22600000,0
1505428901,21251092,0.06971000,0.30000000,0
1505428860,21251071,0.06960300,1.28678800,1
1505428860,21251070,0.06960303,2.00664361,1
1505428851,21251064,0.06958015,1.41198290,1
1505428849,21251059,0.06959000,0.30000000,1
1505428849,21251058,0.06960400,1.98765000,1
1505428840,21251048,0.06967000,1.76163027,1
1505428840,21251047,0.06967000,0.22601973,1
1505428798,21250963,0.06974800,0.23900200,1
1505428793,21250957,0.06967040,0.00139000,0
1505428791,21250954,0.06976400,1.98765000,1
1505428758,21250888,0.06980000,0.87400000,1
1505428757,21250887,0.06981000,0.21500000,1
1505428720,21250825,0.06983500,1.98765000,0
1505428709,21250793,0.06980600,1.98765000,0
1505428703,21250768,0.06978500,1.98765000,0
1505428694,21250742,0.06974700,1.98765000,0
1505428683,21250716,0.06974700,0.00765000,0
1505428683,21250715,0.06968996,1.98000000,0
1505428683,21250714,0.06968996,0.87235000,0
1505428681,21250712,0.06968996,1.98765000,0
1505428651,21250673,0.06970000,0.21598027,1
1505428646,21250664,0.06970013,3.20020000,1
1505428525,21250470,0.06970000,0.24463688,1
1505428498,21250409,0.06970000,2.33938285,1
1505428489,21250392,0.06974000,1.98765000,1
1505428481,21250369,0.06993184,2.78229000,0
1505428474,21250351,0.06977006,4.20289300,1
1505428472,21250345,0.06995138,0.40719635,0
1505428464,21250322,0.06977600,1.98765000,1
1505428459,21250309,0.06977603,1.94443800,1
1505428423,21250282,0.06995266,1.42597322,0
1505428360,21250149,0.06996595,2.69353106,1
1505428358,21250147,0.06991000,0.15800000,0
1505428334,21250112,0.06993997,0.09981600,0
1505428273,21250054,0.06997000,0.14000000,0
1505428227,21249970,0.06995993,1.29567143,0
1505428201,21249926,0.06998997,1.00000000,1
1505428158,21249905,0.06992700,1.98765000,1
1505428144,21249867,0.07010700,0.51284800,0
1505428106,21249830,0.06998000,0.22700000,1
1505428104,21249824,0.06995000,1.98765000,1
1505428034,21249764,0.06999014,4.21088682,1
1505428013,21249745,0.07014287,0.42663182,0
1505427945,21249719,0.07011000,1.31618400,0
1505427945,21249718,0.07010000,0.10000000,0
1505427937,21249716,0.07009992,0.48324679,1
1505427935,21249715,0.07009992,1.85199600,0
1505427922,21249693,0.06995007,1.41098800,1
1505427913,21249672,0.07009995,1.31728800,0
1505427913,21249668,0.06997600,1.98765000,1
1505427910,21249655,0.07009996,3.34324700,0
1505427884,21249598,0.07006000,2.56195089,0
1505427883,21249594,0.07007000,0.29800000,1
1505427854,21249553,0.07011989,0.10000000,1
1505427836,21249520,0.07011000,0.29800000,0
1505427793,21249429,0.06998103,1.98765000,0
1505427690,21249332,0.07002300,1.98765000,1
1505427690,21249331,0.07003368,23.93875000,1
1505427612,21249203,0.07009227,8.61975000,1
1505427608,21249172,0.07009227,4.52718600,1
1505427596,21249154,0.07009213,0.95235400,1
1505427594,21249147,0.07009213,0.25090006,1
1505427550,21249063,0.07016406,0.45102100,1
1505427549,21249061,0.07016405,2.84055000,1
1505427549,21249060,0.07023000,0.25029437,1
1505427541,21249056,0.07026998,0.40091200,0
1505427528,21249034,0.07023299,2.84055000,0
1505427501,21248970,0.07023330,2.67284175,1
1505427498,21248965,0.07023329,10.74906870,0
1505427445,21248843,0.07019187,3.89528000,0
1505427444,21248842,0.07019687,11.24435000,1
1505427444,21248839,0.07019200,1.98765000,0
1505427433,21248820,0.07018997,1.90763000,0
1505427396,21248687,0.07000959,9.47204000,1
1505427391,21248645,0.07000929,2.35930203,1
1505427391,21248644,0.07002000,0.29800000,1
1505427391,21248639,0.07024297,1.98765000,0
1505427390,21248632,0.07000929,1.29256000,1
1505427389,21248627,0.07003900,1.98765000,1
1505427387,21248606,0.07000915,2.64924630,1
1505427387,21248604,0.07000916,0.90761265,1
1505427386,21248596,0.07000915,8.20510400,1
1505427386,21248593,0.07000917,2.57250000,1
1505427384,21248576,0.07020900,1.98765000,0
1505427384,21248575,0.07020899,0.58485000,0
1505427372,21248495,0.07020893,2.57250000,0
1505427332,21248320,0.07009097,0.46197000,1
1505427326,21248299,0.06999003,0.00000286,0
1505427304,21248248,0.07010000,3.40000000,1
1505427304,21248245,0.07010003,7.07083714,1
1505427258,21248179,0.06994300,1.68648736,1
1505427252,21248156,0.07012000,1.13569200,0
1505427235,21248119,0.07008300,0.24504931,0
1505427234,21248117,0.07008297,7.07083714,0
1505427234,21248115,0.07000000,13.69157855,0
1505427231,21248098,0.07000000,1.74260100,0
1505427225,21248087,0.07000000,22.75006600,0
1505427222,21248076,0.07000000,2.86000000,0
1505427221,21248075,0.07000000,2.86000000,0
1505427196,21247988,0.07006700,1.24726513,0
1505427180,21247934,0.07000026,0.40192266,1
1505427177,21247917,0.07002300,1.98765000,0
1505427176,21247916,0.07002299,0.43333587,0
1505427176,21247914,0.07002299,0.00014837,1
1505427176,21247913,0.07000000,1.08931029,1
1505427174,21247912,0.07000000,0.00007743,0
1505427174,21247911,0.06988091,5.84902392,1
1505427174,21247910,0.06988094,2.53797608,1
1505427150,21247854,0.06987016,0.39788033,1
1505427141,21247819,0.06986064,7.39992053,1
1505427129,21247748,0.06985029,0.68200727,1
1505427123,21247708,0.06994699,1.98765000,0
1505427121,21247703,0.06985029,5.15989268,1
1505427118,21247694,0.06985029,0.68200883,1
1505427112,21247658,0.06986012,1.19673100,0
1505427112,21247656,0.06986009,2.12212900,0
1505427112,21247653,0.06985000,0.29900500,0
1505427065,21247519,0.06990453,6.38129585,1
1505427037,21247494,0.06999996,3.61786524,0
1505427030,21247478,0.07000000,8.55130848,0
1505427013,21247462,0.06995400,1.98765000,1
1505427013,21247461,0.06995401,0.73783941,1
1505427000,21247427,0.06999400,1.68000000,0
1505426997,21247423,0.06999797,0.30758000,1
1505426995,21247418,0.06999797,2.00000000,1
1505426991,21247410,0.06998700,1.98765000,0
1505426923,21247284,0.06982128,9.84145605,1
1505426883,21247234,0.06985803,1.49916593,1
1505426879,21247231,0.06985816,1.18635251,1
1505426879,21247230,0.06986100,1.98765000,1
1505426872,21247219,0.06985803,0.98428928,1
1505426872,21247218,0.06991012,0.57389070,1
1505426864,21247212,0.06991012,0.79524800,1
1505426862,21247209,0.06991026,0.81913557,1
1505426833,21247166,0.06992503,0.72114731,1
1505426822,21247141,0.07006949,0.14622000,0
1505426771,21247036,0.07008997,0.96950307,0
1505426508,21246814,0.07017977,0.42455981,0
1505426478,21246769,0.07000000,0.29900000,1
1505426478,21246768,0.07000010,0.76858500,1
1505426443,21246719,0.07019970,0.10521000,0
1505426398,21246563,0.07021000,0.29799500,0
1505426398,21246561,0.07020997,0.66337500,0
1505426342,21246511,0.07001600,0.56244669,1
1505426342,21246510,0.07004446,1.28704431,1
1505426339,21246507,0.07004446,1.57295569,1
1505426339,21246506,0.07004456,1.28704431,1
1505426294,21246476,0.07006500,1.26149423,1
1505426294,21246474,0.07006500,0.72615577,1
1505426287,21246463,0.07007700,0.71979653,1
1505426286,21246457,0.07007700,1.26785347,1
1505426282,21246446,0.07007703,2.00000000,1
1505426262,21246393,0.07011000,1.36094500,1
1505426253,21246368,0.07012499,1.55115000,1
1505426250,21246363,0.07012502,2.26240700,1
1505426248,21246361,0.07008900,1.98765000,0
1505426248,21246360,0.07008000,1.24469000,0
1505426225,21246299,0.06992037,0.69282600,1
1505426209,21246273,0.07004401,0.29800042,1
1505426209,21246272,0.07007001,0.14851700,1
1505426208,21246270,0.07004101,6.55902300,0
1505426207,21246267,0.07004400,1.98765000,1
1505426207,21246266,0.07007000,0.29800000,1
1505426203,21246259,0.07006011,0.49596100,1
1505426162,21246190,0.07014000,0.12547782,0
1505426162,21246186,0.07011999,0.14852218,0
1505426160,21246181,0.07011000,0.22600000,0
1505426129,21246131,0.07004553,0.10000000,1
1505426091,21246055,0.07004499,0.22586400,0
1505426090,21246047,0.07004499,3.45180312,0
1505426041,21245993,0.06987003,0.33259883,1
1505426031,21245968,0.06995845,0.34500000,0
1505425825,21245750,0.06991959,7.19907059,0
1505425808,21245711,0.06993871,11.20778000,0
1505425808,21245709,0.06993100,1.98765000,0
1505425792,21245689,0.06988821,0.30082000,0
1505425786,21245681,0.06988834,0.30000000,0
1505425756,21245637,0.06988864,0.74942993,0
1505425756,21245636,0.06988861,3.66747007,0
1505425655,21245542,0.06989000,1.21564435,0
1505425650,21245538,0.06988993,1.43124432,0
1505425608,21245438,0.06978000,1.58702500,1
1505425604,21245437,0.06986997,1.58702517,1
1505425603,21245436,0.06986000,0.16005783,0
1505425603,21245434,0.06986000,0.13894217,1
1505425517,21245288,0.06986009,2.05375000,1
1505425501,21245238,0.06999973,0.35000000,0
1505425499,21245230,0.06986000,4.02088272,1
1505425499,21245228,0.06986001,1.93891745,1
1505425492,21245220,0.07000952,1.66053600,0
1505425489,21245202,0.06986000,0.22600000,1
1505425480,21245152,0.06988003,1.09142741,1
1505425466,21245108,0.06988901,1.11139200,1
1505425465,21245106,0.06989600,0.61522300,1
1505425461,21245088,0.06989600,1.37242700,1
1505425457,21245075,0.06988907,0.16572500,1
1505425415,21245014,0.06999968,2.62583500,0
1505425370,21244908,0.06984006,1.22919598,0
1505425327,21244822,0.06983003,4.84498700,1
1505425313,21244789,0.06990600,1.68968335,1
1505425311,21244785,0.06991003,0.29900000,0
1505425292,21244761,0.06999500,1.98765000,0
1505425292,21244760,0.06998000,0.29900000,0
1505425292,21244758,0.06998000,0.29900000,0
1505425291,21244757,0.06991000,3.00000000,0
1505425291,21244756,0.06990000,0.29900000,0
1505425278,21244708,0.06981400,1.00818991,1
1505425278,21244707,0.06981400,0.82710447,1
1505425271,21244691,0.06990197,2.83798868,0
1505425264,21244676,0.06990197,0.10000000,1
1505425263,21244670,0.06990200,1.98765000,0
1505425261,21244666,0.06990197,0.91463857,0
1505425216,21244591,0.06978971,1.00000000,0
1505425211,21244576,0.06979955,6.36397200,0
1505425189,21244551,0.06967003,0.22700000,1
1505425118,21244438,0.06978987,5.19107100,0
1505425090,21244412,0.06975397,1.21481257,0
1505425087,21244410,0.06975400,1.00012902,0
1505425071,21244392,0.06965405,0.22700000,1
1505425065,21244376,0.06978968,4.21823600,0
1505424942,21244258,0.06977800,0.25322062,1
1505424941,21244256,0.06987000,0.00012938,1
1505424941,21244255,0.06993997,1.17715000,0
1505424933,21244246,0.06995000,2.05228950,0
1505424928,21244236,0.06995000,0.94770550,0
1505424887,21244165,0.06997000,1.08408304,0
1505424854,21244073,0.06997000,0.22700000,1
1505424854,21244072,0.06998000,0.07200000,1
1505424854,21244070,0.06998000,0.22700000,1
1505424832,21244031,0.07006000,3.00000000,0
1505424830,21244027,0.06994013,1.99966810,1
1505424808,21243987,0.06997080,2.00000000,0
1505424808,21243986,0.06997079,3.78803571,0
1505424799,21243959,0.07010004,6.71261744,1
1505424799,21243958,0.06997155,0.35817700,0
1505424799,21243954,0.07010001,0.66267300,1
1505424798,21243952,0.07009999,2.89000000,0
1505424793,21243925,0.07036846,4.12372981,0
1505424793,21243924,0.07020000,0.50000000,0
1505424793,21243923,0.07017800,1.98765000,0
1505424793,21243922,0.07010000,0.66267300,0
1505424793,21243921,0.07009998,2.89000000,0
1505424791,21243916,0.07009999,1.47044243,0
1505424774,21243880,0.07010000,2.33732700,0
1505424745,21243829,0.07008000,3.00000000,1
1505424745,21243825,0.07008000,0.00003561,0
1505424744,21243820,0.07008000,1.98761439,0
1505424743,21243819,0.07007994,2.29010428,0
1505424734,21243794,0.07001000,0.47151292,0
1505424730,21243789,0.07007600,1.98765000,0
1505424730,21243788,0.07003000,0.22700000,0
1505424730,21243787,0.06999000,0.87300000,0
1505424729,21243782,0.06999000,1.02700000,0
1505424722,21243752,0.06999000,1.10000000,0
1505424711,21243728,0.06999999,2.29014135,0
1505424711,21243725,0.07002400,1.98765000,0
1505424711,21243724,0.07000000,0.29900000,0
1505424708,21243717,0.06997000,1.77200000,0
1505424699,21243684,0.06995931,1.98765000,0
1505424688,21243645,0.06987000,3.39987062,1
1505424636,21243502,0.06994997,6.55263300,0
1505424610,21243430,0.06980000,0.29900000,1
1505424610,21243429,0.06980000,0.21919851,1
1505424609,21243427,0.06980000,2.67080149,1
1505424585,21243412,0.06971400,0.52270635,1
1505424579,21243405,0.06978003,2.56223861,1
1505424569,21243377,0.06978002,0.00006338,1
1505424568,21243375,0.06978002,0.86751510,1
1505424532,21243340,0.06979700,1.31771171,1
1505424532,21243339,0.06979702,0.18961129,1
1505424531,21243338,0.06986000,0.22700000,1
1505424521,21243321,0.06985400,0.27796500,1
1505424513,21243308,0.06990003,1.82763653,1
1505424503,21243288,0.07007984,1.82751930,0
1505424489,21243259,0.06995359,6.67988991,1
1505424489,21243257,0.06995356,8.99172000,1
1505424454,21243203,0.06995179,0.20000000,1
1505424372,21243064,0.06979003,0.19083000,1
1505424362,21243050,0.06994998,14.03573382,1
1505424361,21243043,0.06994000,0.22600000,0
1505424332,21243011,0.06967004,5.69701300,1
1505424331,21243008,0.06966308,3.20428000,1
1505424330,21243007,0.06966308,4.18692100,1
1505424330,21243006,0.06966308,0.99063000,1
1505424330,21243005,0.06967000,0.22600000,1
1505424330,21243004,0.06977100,1.98765000,1
1505424322,21242978,0.07010898,6.15281865,0
1505424321,21242977,0.06999000,0.22500000,0
1505424321,21242974,0.06988000,1.98765000,0
1505424321,21242973,0.06988000,3.00000000,0
1505424319,21242970,0.06987999,2.89000000,0
1505424252,21242886,0.06974054,0.73444500,1
1505424251,21242885,0.06982000,0.22500000,1
1505424243,21242871,0.07000599,17.20765545,1
1505424242,21242870,0.06993919,2.89000000,1
1505424242,21242869,0.06993919,0.23464455,0
1505424242,21242868,0.06992800,0.10000000,0
1505424185,21242791,0.06990000,1.85476000,0
1505424185,21242789,0.06989994,2.04036000,0
1505424153,21242725,0.06973000,0.29900000,0
1505424134,21242634,0.06968800,1.98765000,0
1505424126,21242605,0.06963900,1.98765000,0
1505424123,21242596,0.06951085,3.92540400,1
1505424123,21242595,0.06951085,42.84351434,1
1505424122,21242588,0.06951085,6.91278297,1
1505424122,21242587,0.06951085,6.12926600,1
1505424121,21242582,0.06951085,0.98290000,1
1505424121,21242580,0.06951085,1.16295769,1
1505424118,21242569,0.06951084,2.21947442,1
1505424117,21242567,0.06951084,3.52901500,1
1505424117,21242566,0.06952000,0.29900000,1
1505424115,21242554,0.06950528,13.12964000,1
1505424114,21242550,0.06963300,1.98765000,0
1505424114,21242549,0.06958500,1.17572552,0
1505424113,21242547,0.06950499,1.17000000,1
1505424113,21242545,0.06950499,1.72083661,1
1505424113,21242544,0.06950501,1.09802433,1
1505424113,21242543,0.06950528,7.88160030,1
1505424113,21242542,0.06950528,3.39493000,1
1505424113,21242541,0.06950528,13.72346970,1
1505424112,21242539,0.06950513,8.79251036,1
1505424111,21242538,0.06950515,2.04036000,1
1505424110,21242531,0.06950512,1.17135127,1
1505424109,21242526,0.06950500,1.14834400,0
1505424107,21242504,0.06950500,0.50000000,0
1505424106,21242502,0.06950499,1.16916339,0
1505424104,21242496,0.06945854,1.10879783,0
1505424103,21242494,0.06950500,0.33930600,0
1505424102,21242492,0.06931403,1.30168300,0
1505424102,21242490,0.06931403,0.34666100,0
1505424088,21242450,0.06944769,4.69942307,1
1505424086,21242441,0.06958500,1.98765000,0
1505424086,21242440,0.06958496,2.76500230,0
1505424086,21242439,0.06944785,3.25220600,0
1505424086,21242438,0.06944768,0.28636300,1
1505424083,21242422,0.06944768,4.88342000,1
1505424081,21242410,0.06944768,2.30117600,0
1505424079,21242399,0.06944767,1.45319800,1
1505424076,21242378,0.06957403,1.17582700,1
1505424076,21242374,0.06957400,1.87653900,0
1505424074,21242367,0.06957400,0.11111100,0
1505424074,21242366,0.06954591,1.79939200,0
1505424071,21242359,0.06954592,1.05362884,0
1505424067,21242350,0.06954595,0.07171561,0
1505424057,21242319,0.06954595,0.22223269,0
1505424051,21242299,0.06954595,2.34560400,0
1505424047,21242290,0.06954593,4.42803300,0
1505424026,21242248,0.06944605,0.43216331,1
1505424026,21242247,0.06944605,1.94484309,1
1505424026,21242246,0.06944605,0.62299360,1
1505424026,21242245,0.06944609,1.64086331,1
1505424025,21242244,0.06944612,1.94484309,1
1505424000,21242172,0.06973976,0.29566075,1
1505423998,21242170,0.06954799,0.00095995,0
1505423882,21241980,0.06953700,0.02398900,1
1505423880,21241979,0.06953000,0.22600000,0
1505423873,21241966,0.06953600,1.29005450,0
1505423838,21241902,0.06954793,0.22286100,0
1505423813,21241871,0.06954799,1.98661492,0
1505423808,21241856,0.06953993,1.42631679,0
1505423782,21241811,0.06952996,0.43400000,0
1505423749,21241740,0.06945600,0.00000455,1
1505423749,21241739,0.06945600,1.98764545,1
1505423749,21241738,0.06946603,6.14700000,1
1505423749,21241737,0.06949657,0.23464455,1
1505423748,21241736,0.06950000,2.00000000,1
1505423748,21241735,0.06950000,4.01000000,1
1505423699,21241630,0.06961900,1.98765000,1
1505423696,21241621,0.06962900,1.98764990,1
1505423695,21241620,0.06967990,0.60686010,1
1505423639,21241502,0.06977800,0.00855410,1
1505423562,21241331,0.06977800,0.17334977,1
1505423543,21241290,0.06983900,1.98765000,1
1505423534,21241261,0.06982200,1.98764986,1
1505423534,21241260,0.06982206,7.07083714,1
1505423527,21241236,0.07003799,0.34425741,0
1505423527,21241234,0.07002200,0.00003047,0
1505423527,21241233,0.07002200,1.98761953,0
1505423518,21241222,0.07003800,1.98765000,0
1505423510,21241205,0.06993798,6.63598854,1
1505423510,21241204,0.07013120,5.88464935,0
1505423510,21241203,0.07013117,7.07083714,0
1505423510,21241202,0.06993801,0.00005351,0
1505423504,21241187,0.06993801,4.27967595,0
1505423502,21241184,0.06993801,0.43478500,0
1505423502,21241180,0.06993801,0.13551454,1
1505423502,21241178,0.06993801,1.98562402,1
1505423501,21241177,0.06993803,4.20437598,1
1505423432,21241025,0.07013699,1.00000000,0
1505423419,21241006,0.07004000,0.07502256,1
1505423418,21241005,0.07004009,2.89000000,1
1505423410,21240987,0.07004012,2.46100000,1
1505423394,21240964,0.07017500,1.08245215,1
1505423393,21240963,0.07015993,1.76065000,1
1505423336,21240888,0.07004722,1.48791331,1
1505423314,21240863,0.07004700,1.98765000,0
1505423309,21240860,0.07003000,0.19189617,0
1505423293,21240851,0.07005000,0.10496800,0
1505423290,21240849,0.07005803,0.43633100,0
1505423290,21240848,0.07005800,4.69710000,0
1505423280,21240832,0.06996807,4.69710000,1
1505423272,21240820,0.07000600,1.98765000,1
1505423264,21240814,0.07007000,0.22600000,1
1505423251,21240804,0.07001000,0.29686417,1
1505423243,21240795,0.07000400,1.98765000,0
1505423243,21240794,0.06999984,2.89000000,0
1505423242,21240793,0.06999009,4.90236614,1
1505423242,21240792,0.06999000,0.22700000,0
1505423184,21240739,0.06997997,1.98765000,0
1505423183,21240738,0.06998000,1.98765000,1
1505423183,21240737,0.06999999,0.50000000,1
1505423183,21240736,0.07000000,2.07089793,1
1505423125,21240652,0.07016595,1.92424431,0
1505423124,21240650,0.07014997,0.18082100,1
1505423123,21240644,0.07000000,1.62401213,1
1505423123,21240643,0.07000039,2.07089800,1
1505423123,21240641,0.07000042,5.91474187,1
1505423113,21240614,0.07000025,2.33617433,1
1505423113,21240612,0.07015000,0.74494100,0
1505423095,21240540,0.07013894,1.23147144,0
1505423095,21240539,0.07013894,0.83943156,0
1505423094,21240536,0.07013894,0.81909700,0
1505423092,21240530,0.07013895,5.91474187,0
1505423086,21240519,0.07013896,2.88991500,1
1505423065,21240461,0.07000002,6.25387854,1
1505423065,21240460,0.07000003,1.81966292,1
1505423065,21240458,0.07000006,4.92495354,1
1505423062,21240455,0.07013896,4.44815548,0
1505423060,21240449,0.07000002,2.03914800,1
1505423056,21240443,0.07000002,1.87025000,1
1505423055,21240441,0.07000002,4.81796419,1
1505423055,21240439,0.07000311,1.21549281,1
1505423055,21240438,0.07012997,0.61085000,1
1505423053,21240433,0.07013899,1.98764500,0
1505423045,21240414,0.07013000,0.13370076,0
1505423044,21240413,0.07012997,0.47679806,0
1505423040,21240396,0.07013000,0.16229924,0
1505422952,21240275,0.07000000,2.44296420,1
1505422951,21240273,0.07000000,6.40338288,1
1505422946,21240268,0.07002692,2.44196161,1
1505422941,21240263,0.07002692,6.22654044,1
1505422912,21240215,0.07002692,3.77345956,1
1505422912,21240213,0.07004300,3.97430644,1
1505422903,21240198,0.07004303,2.95520896,1
1505422897,21240186,0.07004303,1.01906275,1
1505422888,21240166,0.07027697,1.01906275,0
1505422882,21240156,0.07004300,1.98765000,1
1505422873,21240147,0.07002695,4.46121000,1
1505422867,21240143,0.07031999,1.01235000,0
1505422866,21240140,0.07023300,1.98765000,0
1505422861,21240133,0.07021989,3.96121000,0
1505422835,21240117,0.07009800,1.98765000,1
1505422834,21240116,0.07015100,1.76065000,0
1505422834,21240115,0.07016000,0.22700000,1
1505422817,21240081,0.07003967,4.84146751,1
1505422813,21240078,0.07016500,1.98765000,1
1505422784,21240046,0.07021800,1.98765000,1
1505422771,21240022,0.07026300,1.98765000,1
1505422766,21240018,0.07026401,8.22799896,1
1505422766,21240017,0.07027000,0.29600000,1
1505422562,21239894,0.07040625,0.50000000,0
1505422430,21239767,0.07023400,0.08000000,1
1505422430,21239766,0.07023403,1.00000000,1
1505422418,21239762,0.07040769,1.00000000,0
1505422395,21239752,0.07022089,1.86517000,1
1505422383,21239734,0.07022075,5.62577301,1
1505422352,21239713,0.07022017,2.31778290,1
1505422345,21239710,0.07023700,1.98765000,1
1505422345,21239709,0.07023703,5.14318714,1
1505422332,21239702,0.07028403,1.92765000,1
1505422332,21239700,0.07036390,0.06000000,1
1505422332,21239698,0.07036780,0.63381941,1
1505422322,21239677,0.07036780,2.56856627,1
1505422321,21239676,0.07036780,6.51700432,1
1505422318,21239669,0.07036780,1.28061000,1
1505422302,21239653,0.07042648,0.36303220,0
1505422275,21239636,0.07036390,9.94000000,1
1505422217,21239580,0.07022022,1.54815000,1
1505422212,21239576,0.07022014,0.33654500,0
1505422201,21239554,0.07036392,0.40351660,0
1505422186,21239547,0.07022803,1.42393287,1
1505422130,21239502,0.07048816,11.37168540,0
1505422130,21239501,0.07048815,0.58429800,0
1505422130,21239500,0.07036400,1.98765000,0
1505422129,21239496,0.07036397,12.05175463,1
1505422128,21239494,0.07036397,2.33061100,0
1505422086,21239471,0.07028500,0.33804200,0
1505422083,21239468,0.07027800,0.77400000,1
1505422082,21239465,0.07027000,0.22600000,0
1505421984,21239344,0.07018900,0.22600000,0
1505421973,21239335,0.07018500,1.98765000,0
1505421973,21239334,0.07018000,0.29700000,0
1505421970,21239331,0.07017997,3.19100000,1
1505421878,21239174,0.07000001,0.57446000,0
1505421878,21239172,0.07001000,0.22600000,1
1505421866,21239147,0.07001020,0.80049000,1
1505421859,21239139,0.07018988,1.00000000,0
1505421845,21239118,0.07003003,0.75306900,1
1505421795,21239028,0.07008000,0.19230243,1
1505421793,21239022,0.07011503,0.29778300,1
1505421770,21238986,0.07022203,5.24475900,0
1505421770,21238985,0.07023000,0.29700000,1
1505421758,21238945,0.07026300,1.90832698,1
1505421748,21238919,0.07040296,9.74089725,0
1505421746,21238911,0.07040296,8.12470700,0
1505421723,21238838,0.07040975,1.02003544,0
1505421722,21238836,0.07023300,0.00007763,0
1505421720,21238831,0.07023300,1.98757237,0
1505421713,21238799,0.07022300,1.02012675,0
1505421712,21238792,0.07022300,0.96752325,0
1505421712,21238791,0.07020739,0.22617809,0
1505421711,21238790,0.07020739,12.82157118,0
1505421711,21238785,0.07020739,9.80449073,0
1505421710,21238784,0.07020000,0.22613427,0
1505421709,21238776,0.07020755,3.84283078,0
1505421709,21238774,0.07020752,7.07070522,0
1505421683,21238703,0.07018300,0.89422681,0
1505421672,21238675,0.07002224,10.00000000,1
1505421671,21238669,0.07002224,2.28557500,1
1505421649,21238645,0.07006920,6.77045678,0
1505421527,21238475,0.07010769,1.00031823,0
1505421501,21238450,0.07011466,1.87041797,1
1505421500,21238446,0.07011469,1.13597080,1
1505421483,21238409,0.07029929,1.00000000,0
1505421473,21238400,0.07016314,0.58429800,1
1505421472,21238398,0.07016300,0.45666900,1
1505421455,21238354,0.07016301,0.90220710,1
1505421455,21238353,0.07016301,1.98765083,1
1505421453,21238344,0.07016301,0.90234917,1
1505421453,21238343,0.07016301,0.53581083,1
1505421453,21238342,0.07016900,1.98765000,1
1505421420,21238258,0.07038094,1.35651101,0
1505421419,21238257,0.07032248,0.70178000,1
1505421418,21238256,0.07032264,1.28587000,1
1505421416,21238250,0.07032215,2.89000000,0
1505421410,21238237,0.07018100,0.05420272,1
1505421409,21238236,0.07018100,1.93344728,1
1505421409,21238235,0.07018101,1.22155272,1
1505421400,21238220,0.07018436,2.40330099,1
1505421400,21238218,0.07018444,2.89000000,1
1505421400,21238217,0.07022400,0.02124001,1
1505421398,21238210,0.07032264,1.15871828,0
1505421393,21238197,0.07032264,0.09079691,0
1505421393,21238195,0.07032263,8.91771016,0
1505421390,21238180,0.07032264,11.29718679,0
1505421387,21238171,0.07032262,0.08190000,0
1505421363,21238127,0.07032367,1.00000000,0
1505421349,21238099,0.07022422,1.98765000,1
1505421326,21237986,0.07035988,0.09073394,0
1505421292,21237912,0.07023400,1.40517500,1
1505421288,21237909,0.07024400,1.98765000,1
1505421287,21237906,0.07030000,0.58247556,1
1505421266,21237878,0.07030000,1.15436863,1
1505421266,21237877,0.07030001,0.11106837,1
1505421258,21237861,0.07030000,8.26815581,1
1505421258,21237860,0.07030003,1.73684419,1
1505421182,21237803,0.07038975,0.90637387,0
1505421180,21237802,0.07036000,0.09362613,0
1505421171,21237796,0.07036000,0.07088587,0
1505421122,21237756,0.07036000,0.33548800,0
1505421109,21237744,0.07026138,1.21334500,1
1505421094,21237733,0.07026124,0.96506082,1
1505421085,21237729,0.07038000,0.07086573,0
1505420994,21237548,0.07025589,1.64948800,1
1505420992,21237545,0.07025589,1.93949900,1
1505420989,21237537,0.07025589,3.00887614,1
1505420988,21237528,0.07025576,4.06196100,1
1505420983,21237522,0.07025557,0.61109500,1
1505420945,21237501,0.07036913,1.12384400,1
1505420898,21237472,0.07036913,0.48461591,1
1505420829,21237430,0.07027800,0.69755800,1
1505420822,21237427,0.07029000,0.29700000,1
1505420787,21237383,0.07042996,2.01343000,0
1505420787,21237382,0.07038000,0.29600000,0
1505420771,21237359,0.07039198,1.08064285,0
1505420764,21237339,0.07036728,2.77283367,0
1505420764,21237338,0.07036726,2.63285490,0
1505420763,21237337,0.07036724,1.71562429,0
1505420763,21237336,0.07036721,7.07083714,0
1505420754,21237314,0.07022400,0.39798360,1
1505420745,21237296,0.07019500,1.08267151,0
1505420732,21237264,0.07022400,0.91027285,1
1505420731,21237261,0.07036792,2.95736900,0
1505420703,21237174,0.07036932,2.45324700,0
1505420703,21237173,0.07036932,2.56974663,0
1505420576,21237003,0.07027400,1.41577500,0
1505420571,21237002,0.07026900,1.98765000,0
1505420492,21236926,0.07006950,0.41973251,1
1505420489,21236915,0.07015300,1.98765000,1
1505420484,21236906,0.07015813,3.83278000,1
1505420454,21236857,0.07017512,0.15514150,1
1505420454,21236856,0.07017515,5.07083714,1
1505420377,21236734,0.07022403,2.00000000,1
1505420281,21236648,0.07026000,1.98765000,1
1505420177,21236527,0.07029064,5.35010100,1
1505420177,21236524,0.07030000,0.29600000,1
1505420123,21236447,0.07049999,0.87559671,0
1505420121,21236445,0.07043104,0.17199478,0
1505420103,21236435,0.07043090,0.82603694,1
1505420101,21236433,0.07043090,4.17396306,0
1505420064,21236395,0.07038000,1.00995190,0
1505420064,21236394,0.07036980,0.60686010,0
1505420049,21236375,0.07027300,0.16805800,0
1505420043,21236370,0.07021622,0.12838590,0
1505420043,21236368,0.07021622,0.13446256,0
1505420043,21236366,0.07021622,0.14202204,0
1505420043,21236365,0.07021622,0.15185488,0
1505420043,21236364,0.07021622,0.16554283,0
1505420043,21236363,0.07021622,0.18695529,0
1505420032,21236351,0.07021619,2.89687400,0
1505420020,21236340,0.07021622,0.23016896,0
1505420019,21236337,0.07018400,0.39700000,0
1505420019,21236336,0.07018400,1.59065000,0
1505420011,21236321,0.07017000,0.29700000,0
1505419990,21236247,0.07000100,0.48716844,1
1505419969,21236134,0.07000043,0.79713000,1
1505419968,21236130,0.07000043,0.19686333,1
1505419950,21236058,0.07012942,4.27249800,0
1505419946,21236038,0.07000016,0.82060000,1
1505419933,21235986,0.07012950,0.57378300,0
1505419926,21235952,0.07000001,1.32843682,1
1505419918,21235896,0.07000000,13.04775429,1
1505419917,21235894,0.07000001,6.13415741,1
1505419915,21235887,0.07000000,23.88401000,1
1505419910,21235878,0.07000000,3.13791700,1
1505419910,21235877,0.07001000,0.29700000,1
1505419892,21235789,0.06995300,0.36474400,1
1505419891,21235784,0.06998019,23.55131000,0
1505419890,21235781,0.06997000,0.03070600,0
1505419888,21235726,0.06998000,0.26629400,1
1505419881,21235708,0.07000000,0.29700000,1
1505419878,21235706,0.06999006,7.07078700,1
1505419875,21235700,0.07004280,0.43108300,0
1505419863,21235668,0.07017100,0.13636403,1
1505419863,21235667,0.07017100,1.98765000,0
1505419846,21235643,0.07006987,0.84789374,0
1505419846,21235642,0.07005000,0.26629400,0
1505419785,21235516,0.06992021,0.29597000,1
1505419784,21235511,0.07008000,0.15963597,0
1505419783,21235510,0.07006991,1.02634646,0
1505419782,21235496,0.07006988,1.99994994,0
1505419769,21235454,0.06992013,1.98765000,1
1505419767,21235445,0.06992013,2.89000000,0
1505419767,21235444,0.06992013,1.00000000,0
1505419766,21235439,0.06993000,0.29600000,1
1505419759,21235408,0.07000000,1.00000000,1
1505419759,21235406,0.07000599,1.00000000,1
1505419759,21235404,0.07008172,1.00000000,1
1505419758,21235403,0.07000602,2.00000000,1
1505419744,21235359,0.07008158,2.36124000,0
1505419744,21235358,0.07008145,5.73571000,0
1505419720,21235316,0.07000600,0.78084286,0
1505419720,21235315,0.07000597,6.21915714,0
1505419711,21235314,0.07013666,7.00000000,0
1505419706,21235308,0.06982013,13.79374390,0
1505419706,21235307,0.06982042,0.14358354,1
1505419705,21235306,0.06982042,1.98765000,0
1505419705,21235305,0.06991000,0.07502256,1
1505419705,21235304,0.06998000,2.00000000,1
1505419694,21235290,0.06997411,0.14832000,1
1505419666,21235239,0.07013729,1.00000000,0
1505419629,21235195,0.06996001,0.30000000,1
1505419622,21235191,0.06996001,2.57970000,1
1505419616,21235184,0.06996012,4.73806614,1
1505419596,21235154,0.06995503,0.48594900,1
1505419575,21235121,0.07005300,1.98762293,0
1505419573,21235108,0.07002989,5.22401514,0
1505419572,21235104,0.07002992,2.88999000,0
1505419572,21235103,0.07002000,0.00000500,0
1505419572,21235100,0.07002000,0.22599500,0
1505419527,21235059,0.06990013,0.47780400,1
1505419524,21235053,0.06990013,2.06407814,1
1505419524,21235052,0.06990013,0.39830300,1
1505419462,21234983,0.06996200,1.98764982,0
1505419462,21234981,0.06987999,0.22299400,0
1505419461,21234980,0.06987999,0.07993818,0
1505419458,21234974,0.06987999,0.08288082,0
1505419458,21234973,0.06987999,0.34036800,0
1505419437,21234923,0.06993077,0.35737641,0
1505419437,21234922,0.06988000,0.29700000,0
1505419421,21234878,0.06982000,0.26629400,1
1505419283,21234778,0.06999953,0.84076067,0
1505419272,21234758,0.06980000,4.59369300,1
1505419266,21234742,0.06980000,12.62265900,1
1505419266,21234740,0.06989800,1.98765000,1
1505419259,21234722,0.06980000,6.13146800,1
1505419259,21234720,0.06981000,0.29700000,1
1505419255,21234715,0.06986800,1.98765000,1
1505419255,21234714,0.06986803,3.50000000,1
1505419255,21234713,0.06996000,1.69165401,1
1505419254,21234712,0.06996026,0.55917400,1
1505419248,21234701,0.06996026,0.11833043,1
1505419248,21234697,0.06996800,1.17293500,0
1505419245,21234692,0.06996026,0.70160600,1
1505419245,21234691,0.06996026,0.52137900,1
1505419241,21234682,0.06995000,0.29600000,0
1505419241,21234681,0.06995000,1.73277599,0
1505419239,21234678,0.06980074,0.50372100,1
1505419239,21234676,0.06980074,0.66921400,1
1505419238,21234672,0.06994997,3.50000000,0
1505419190,21234621,0.06980000,4.67858900,1
1505419162,21234597,0.06980056,0.28127200,1
1505419133,21234535,0.06992900,1.66488515,0
1505419133,21234534,0.06991801,0.32276485,0
1505419126,21234525,0.06990499,0.34184000,0
1505419116,21234517,0.06985002,0.06057900,0
1505419116,21234516,0.06985002,0.58577700,0
1505419116,21234515,0.06985002,0.79400000,0
1505419108,21234513,0.06980000,0.79400000,1
1505419106,21234510,0.06981000,0.29600000,1
1505419090,21234494,0.06980000,56.49938609,1
1505419089,21234493,0.06981000,1.00000000,1
1505419089,21234492,0.06981056,2.89000000,1
1505419089,21234491,0.06985000,4.00000000,1
1505419088,21234490,0.06985003,2.40444614,1
1505419073,21234477,0.06985003,2.04613600,1
1505419014,21234388,0.06987160,0.36367213,0
1505419012,21234387,0.06987160,0.25697293,0
1505418965,21234328,0.06980008,2.48047000,1
1505418942,21234289,0.06982403,0.13978500,1
1505418918,21234242,0.06998788,1.40060659,0
1505418917,21234241,0.06998785,7.07083714,0
1505418881,21234183,0.06983000,0.22600000,1
1505418799,21234045,0.06985400,0.50000000,1
1505418779,21233997,0.06990000,0.00000015,0
1505418778,21233994,0.06990000,8.24581785,1
1505418768,21233963,0.06990001,0.59237200,0
1505418766,21233955,0.06990000,0.39456300,1
1505418765,21233948,0.06990000,0.47657700,1
1505418761,21233918,0.06990001,1.07960400,1
1505418731,21233783,0.06990000,1.86116300,1
1505418728,21233769,0.06990000,0.98082885,1
1505418728,21233767,0.06990904,0.46845115,1
1505418727,21233754,0.06990904,0.15964400,1
1505418727,21233751,0.06991000,1.98765000,1
1505418724,21233733,0.06990903,7.07083714,1
1505418694,21233621,0.07006701,0.62143286,0
1505418694,21233619,0.07006673,5.25087000,0
1505418694,21233618,0.07006670,7.07083714,0
1505418669,21233517,0.06990000,15.36648246,1
1505418666,21233504,0.06990000,8.00685900,1
1505418654,21233424,0.06990000,0.89414987,1
1505418654,21233423,0.06990001,0.10585013,1
1505418652,21233415,0.06990000,4.01680187,1
1505418645,21233339,0.06990000,22.78170000,1
1505418644,21233330,0.07006959,3.34486851,0
1505418640,21233312,0.06990000,26.46900000,1
1505418636,21233305,0.06990000,3.04158800,1
1505418635,21233298,0.06990000,2.55803400,1
1505418633,21233286,0.06990000,2.66968977,1
1505418633,21233285,0.06990005,1.21863939,1
1505418630,21233262,0.06990000,2.23674533,1
1505418629,21233261,0.06990004,2.07114767,1
1505418605,21233171,0.06990001,57.99222109,1
1505418605,21233170,0.06990002,2.42877891,1
1505418598,21233156,0.06990001,12.39981200,1
1505418583,21233133,0.06991103,4.99968947,1
1505418566,21233102,0.07007393,0.19583993,1
1505418565,21233101,0.07007393,7.07083714,0
1505418560,21233094,0.06992010,1.16840334,0
1505418557,21233088,0.06992800,1.98765000,1
1505418556,21233087,0.06992803,2.74394666,1
1505418550,21233070,0.07007416,2.97906693,0
1505418547,21233066,0.07007416,36.29496151,0
1505418546,21233065,0.07006000,0.29500000,0
1505418543,21233052,0.07007416,1.13418641,0
1505418541,21233045,0.07007417,2.00000000,0
1505418530,21232999,0.07007455,2.74394652,0
1505418500,21232968,0.06994500,1.98765000,1
1505418469,21232928,0.07007660,1.13787841,0
1505418439,21232827,0.07007836,1.32444000,0
1505418429,21232814,0.06993619,5.48952700,1
1505418369,21232748,0.06998000,1.98764600,1
1505418368,21232747,0.06998000,0.00000400,1
1505418368,21232746,0.06998000,1.98765000,0
1505418367,21232745,0.06997999,0.94903600,0
1505418244,21232577,0.06988403,1.58130500,1
1505418215,21232562,0.07002399,1.96147973,0
1505418209,21232551,0.07003200,1.98764500,1
1505418209,21232549,0.07011998,1.16953300,0
1505418208,21232548,0.07011998,0.29499500,0
1505418208,21232547,0.07011998,5.55976000,0
1505418208,21232545,0.07003185,1.67920500,0
1505418147,21232495,0.06985703,1.67921000,1
1505418139,21232489,0.06987200,1.98765000,1
1505418138,21232488,0.06987201,0.08599649,1
1505418132,21232481,0.06990000,11.20462686,1
1505418132,21232480,0.06990000,7.07083714,1
1505418131,21232478,0.06990000,52.47741900,1
1505418122,21232469,0.06990000,29.24711700,1
1505418094,21232440,0.06990001,1.76456800,1
1505418089,21232436,0.06990001,8.67986600,1
1505418085,21232427,0.06991029,11.48885800,1
1505418081,21232416,0.06991029,51.87595586,1
1505418081,21232415,0.06991543,2.37755714,1
1505418026,21232350,0.07008682,0.97786000,0
1505418002,21232308,0.07009800,0.34726600,0
1505417976,21232278,0.06991033,6.06170000,1
1505417976,21232277,0.07001600,1.98765000,1
1505417973,21232273,0.07001603,1.68258200,1
1505417965,21232241,0.06991026,3.90208457,1
1505417965,21232240,0.07004600,0.09815943,1
1505417959,21232223,0.07001003,0.19346057,0
1505417958,21232221,0.06992000,1.69603000,0
1505417957,21232220,0.07001000,0.29500000,1
1505417953,21232215,0.07001003,0.27116100,1
1505417953,21232214,0.07001003,3.71739700,1
1505417943,21232171,0.07021583,7.00403740,0
1505417943,21232170,0.07021580,7.07083714,0
1505417942,21232168,0.07010301,1.98765000,1
1505417942,21232165,0.07010301,1.98765000,0
1505417894,21232107,0.07016099,0.51254091,0
1505417894,21232106,0.07016099,0.18400000,0
1505417888,21232097,0.07016099,2.70600000,0
1505417887,21232095,0.07015000,0.29400000,0
1505417883,21232089,0.07006121,13.05806150,0
1505417883,21232087,0.07006121,3.34199628,1
1505417883,21232086,0.07016099,1.59994222,1
1505417881,21232083,0.07006118,0.00005778,0
1505417853,21232043,0.07006105,3.72884086,1
1505417853,21232042,0.07020997,16.42117661,1
1505417853,21232041,0.07020997,1.62411368,0
1505417820,21231974,0.07005993,4.59002898,1
1505417820,21231973,0.06990021,1.62411368,0
1505417819,21231972,0.07005200,1.98765000,1
1505417819,21231971,0.07005990,2.42323632,1
1505417818,21231970,0.07005993,11.96500000,0
1505417733,21231815,0.07009000,1.98765000,1
1505417723,21231804,0.07008407,3.00000000,1
1505417700,21231768,0.07021611,0.39745000,0
1505417673,21231730,0.07006607,1.98747898,1
1505417645,21231660,0.07011726,1.12405302,0
1505417639,21231639,0.07017198,0.41361958,0
1505417637,21231637,0.07017200,0.16000000,0
1505417628,21231608,0.07021621,54.42228260,0
1505417627,21231607,0.07021621,7.87700000,0
1505417627,21231606,0.07021615,3.57260447,1
1505417627,21231605,0.07018600,1.98765000,0
1505417625,21231599,0.07010000,0.00000048,0
1505417617,21231550,0.07000004,0.41361958,1
1505417611,21231523,0.07009997,0.91334207,0
1505417609,21231517,0.07000000,4.98792858,1
1505417608,21231515,0.07001000,0.29400000,1
1505417602,21231478,0.07000007,4.05588052,1
1505417542,21231244,0.07001003,0.43006602,1
1505417514,21231097,0.07009000,6.50000000,0
1505417500,21231062,0.07010000,7.93156600,0
1505417499,21231057,0.07010000,1.98765000,0
1505417499,21231055,0.07010000,18.66531074,0
1505417499,21231054,0.07009000,0.20897126,0
1505417498,21231053,0.06999600,1.98765000,0
1505417489,21231038,0.07009000,0.10309800,0
1505417489,21231037,0.07008600,1.98765000,0
1505417489,21231036,0.07008585,5.84081800,0
1505417485,21231027,0.06989609,1.23001900,0
1505417447,21230915,0.06989609,2.86157800,0
1505417433,21230867,0.06989604,0.13452275,1
1505417431,21230859,0.06989618,2.97924000,1
1505417405,21230683,0.06994003,1.57277599,1
1505417379,21230477,0.06996300,0.74912500,0
1505417379,21230475,0.06996297,1.23852500,0
1505417370,21230430,0.06997000,0.29500000,0
1505417369,21230429,0.06995800,1.98765000,0
1505417369,21230427,0.06995797,1.99700408,0
1505417361,21230414,0.06977845,1.23852500,1
1505417323,21230336,0.06977800,1.08991990,1
1505417323,21230334,0.06977800,0.34899110,1
1505417320,21230324,0.06977806,0.86720819,1
1505417312,21230302,0.06981500,1.98765000,1
1505417295,21230224,0.06994997,0.07709800,0
1505417285,21230189,0.06994999,3.90053083,1
1505417278,21230152,0.06977803,1.09617646,1
1505417263,21230031,0.06977800,0.07410396,1
1505417263,21230029,0.06977801,0.86344111,1
1505417263,21230027,0.06977801,0.66291471,1
1505417255,21229994,0.06979000,1.71808600,1
1505417255,21229993,0.06979000,0.29500000,1
1505417250,21229962,0.07008997,1.34753000,0
1505417250,21229960,0.06994200,1.98765000,0
1505417241,21229893,0.06978202,0.11071743,1
1505417240,21229882,0.06977800,0.78407313,0
1505417239,21229880,0.06977800,1.20357687,0
1505417233,21229840,0.06978199,0.26606815,0
1505417230,21229822,0.06978200,1.98765000,0
1505417228,21229799,0.06972999,0.80592942,0
1505417228,21229796,0.06972000,0.29500000,0
1505417199,21229604,0.06975899,1.09388400,0
1505417199,21229603,0.06975899,1.18876600,0
1505417198,21229602,0.06975899,1.37463000,0
1505417144,21229364,0.06964000,1.98765000,1
1505417123,21229230,0.06967000,1.98765000,1
1505417101,21229090,0.06970000,0.18989038,1
1505417100,21229084,0.06970000,6.63419493,1
1505417099,21229073,0.06970000,18.87410000,1
1505417099,21229065,0.06970000,0.95632300,1
1505417084,21228948,0.06970000,0.60000000,1
1505417084,21228944,0.06970000,14.06806400,1
1505417082,21228934,0.06970000,3.20000000,1
1505417080,21228930,0.06970000,1.98765000,1
1505417079,21228925,0.06970000,27.25450800,1
1505417055,21228825,0.06970000,55.03000000,1
1505417050,21228814,0.06970000,61.32100000,1
1505417050,21228813,0.06970002,2.89000000,1
1505417037,21228783,0.06970000,1.04686869,1
1505417031,21228765,0.06970000,5.38707400,1
1505417030,21228761,0.06970000,2.89000000,1
1505417026,21228748,0.06970000,0.56032700,1
1505417010,21228712,0.06970007,2.48836500,1
1505416982,21228585,0.06988773,0.24280000,0
1505416961,21228524,0.06988799,2.89000000,0
1505416959,21228512,0.06987291,2.59500000,1
1505416959,21228510,0.06988000,0.29500000,1
1505416956,21228492,0.06987294,2.89000000,1
1505416924,21228316,0.06980997,2.57162907,0
1505416908,21228272,0.06980098,12.03202535,0
1505416899,21228256,0.06971793,0.11815900,0
1505416874,21228228,0.06965300,1.98765000,0
1505416865,21228220,0.06963600,1.98765000,0
1505416857,21228212,0.06949020,1.78888500,1
1505416839,21228187,0.06958880,0.96059942,0
1505416829,21228168,0.06958895,14.18772314,0
1505416829,21228167,0.06958500,1.98765000,0
1505416827,21228163,0.06958899,10.36981568,0
1505416826,21228161,0.06956000,0.29600000,0
1505416651,21227805,0.06946194,1.78888500,1
1505416634,21227724,0.06960600,1.98765000,1
1505416628,21227699,0.06961303,3.36013242,1
1505416628,21227698,0.06968997,0.09986758,1
1505416601,21227624,0.06979994,1.73105000,0
1505416593,21227608,0.06970400,1.98765000,1
1505416592,21227605,0.07008962,0.16062021,1
1505416591,21227604,0.06996600,1.98765000,0
1505416591,21227602,0.06996597,1.12380000,1
1505416587,21227596,0.06968999,1.20402037,1
1505416582,21227575,0.06980000,12.03202550,1
1505416581,21227571,0.06980000,1.28769800,1
1505416580,21227564,0.06980000,15.26480372,1
1505416580,21227562,0.06980001,12.03202535,1
1505416580,21227561,0.06990000,0.12100193,1
1505416578,21227544,0.07008970,13.93223803,0
1505416578,21227542,0.07008969,11.98229715,0
1505416578,21227539,0.06995500,1.57993605,0
1505416577,21227535,0.06995500,0.40771395,0
1505416570,21227487,0.06980002,11.32607639,1
1505416569,21227486,0.06980003,7.57385361,1
1505416569,21227485,0.06991400,1.98765000,1
1505416569,21227484,0.06992000,0.29600000,1
1505416565,21227474,0.06992003,1.12380000,1
1505416556,21227449,0.07008980,0.22686877,0
1505416540,21227426,0.07008989,0.00631900,0
1505416539,21227425,0.07008986,2.68553100,0
1505416533,21227419,0.07009000,2.67852760,1
1505416530,21227414,0.06991239,2.68553100,1
1505416530,21227411,0.07009000,2.39053132,0
1505416530,21227410,0.07009000,0.29500000,0
1505416510,21227357,0.06991224,0.10000000,1
1505416491,21227315,0.06990712,1.61235000,1
1505416491,21227312,0.06991200,1.98765000,1
1505416490,21227306,0.07011983,1.95298533,0
1505416488,21227295,0.07011983,4.38453465,0
1505416488,21227294,0.07011980,6.01306614,0
1505416466,21227231,0.07012349,1.62322000,0
1505416464,21227224,0.07012350,1.05777100,0
1505416445,21227140,0.06990111,0.00340058,1
1505416445,21227138,0.06990114,6.61659942,1
1505416443,21227134,0.07012377,0.30000000,0
1505416440,21227124,0.07012377,0.90000000,0
1505416430,21227069,0.07000000,0.34199052,1
1505416424,21227049,0.06990089,0.76486829,1
1505416398,21226958,0.06990068,0.93592925,1
1505416398,21226956,0.06990068,0.29492132,1
1505416393,21226935,0.06990067,0.32423772,1
1505416382,21226904,0.07012389,5.00000000,0
1505416353,21226817,0.07008077,0.62552420,1
1505416352,21226814,0.07008077,0.72400000,1
1505416350,21226801,0.07004979,1.17228713,0
1505416349,21226798,0.07000000,0.07446467,0
1505416341,21226765,0.06996017,2.25000000,0
1505416341,21226762,0.06990008,3.49386920,1
1505416337,21226738,0.06990003,2.81982600,0
1505416337,21226736,0.06990003,0.29500000,0
1505416336,21226734,0.06990003,2.89000000,0
1505416307,21226616,0.07000000,28.32186000,0
1505416302,21226605,0.06998600,0.07446441,0
1505416294,21226574,0.06971864,0.13000000,0
1505416291,21226530,0.07000000,0.19651885,0
1505416291,21226529,0.07000000,0.18500000,0
1505416289,21226522,0.06998600,1.98765000,0
1505416286,21226520,0.06984500,0.40700000,1
1505416263,21226458,0.06980700,2.89000000,1
1505416262,21226455,0.06980700,1.98765000,0
1505416262,21226454,0.06980694,2.33590965,0
1505416237,21226407,0.06968997,0.29600000,1
1505416207,21226364,0.06968997,2.75860800,0
1505416195,21226349,0.06947031,0.11773321,1
1505416188,21226341,0.06947038,1.99861133,1
1505416188,21226340,0.06972692,1.98765000,0
1505416163,21226291,0.06967761,3.97493082,0
1505416147,21226271,0.06947008,7.62760200,1
1505416145,21226262,0.06947008,5.62261003,1
1505416145,21226260,0.06947011,2.05499997,1
1505416120,21226233,0.06949100,1.98765000,1
1505416110,21226225,0.06949803,0.63752886,1
1505416081,21226191,0.06960000,0.16930908,1
1505416068,21226180,0.06960253,0.39680000,1
1505416062,21226174,0.06960253,0.39617382,1
1505416058,21226161,0.06960255,0.30747117,1
1505416022,21226085,0.06979957,3.00000000,0
1505415985,21226022,0.06960213,0.10379600,1
1505415931,21225930,0.06960210,4.23880725,0
1505415930,21225927,0.06961000,0.29600000,1
1505415930,21225926,0.06961900,1.98765000,0
1505415930,21225925,0.06970000,7.15566714,1
1505415929,21225924,0.06970003,6.73187561,1
1505415909,21225885,0.06990655,0.52207000,0
1505415909,21225884,0.06966900,1.98765000,0
1505415907,21225879,0.06966000,0.00001000,0
1505415906,21225869,0.06966000,1.98764000,0
1505415906,21225865,0.06958000,0.00000500,0
1505415905,21225862,0.06958000,0.33817700,0
1505415893,21225841,0.06958000,0.17900000,0
1505415885,21225835,0.06958000,0.36775840,0
1505415852,21225783,0.06947011,0.33895153,1
1505415852,21225782,0.06966600,1.14332673,0
1505415852,21225781,0.06960000,0.51756179,0
1505415809,21225742,0.06959999,0.98985500,0
1505415802,21225731,0.06959999,0.99779584,0
1505415793,21225717,0.06960000,6.14498929,0
1505415793,21225716,0.06959997,0.78101071,0
1505415782,21225697,0.06960000,0.99897900,0
1505415773,21225682,0.06938004,3.46374670,1
1505415767,21225675,0.06960000,24.54308463,0
1505415766,21225674,0.06957899,4.28826475,0
1505415766,21225673,0.06957899,0.93193762,0
1505415755,21225662,0.06953480,1.75969100,0
1505415729,21225621,0.06953499,0.45270927,0
1505415728,21225614,0.06953499,0.19955711,0
1505415713,21225587,0.06943000,0.09744291,1
1505415706,21225580,0.06942000,0.19955709,0
1505415698,21225568,0.06942993,0.64921569,0
1505415672,21225483,0.06924011,0.55931000,1
1505415670,21225479,0.06924008,0.55923500,1
1505415658,21225448,0.06922532,4.11119834,1
1505415657,21225446,0.06922533,7.14503231,1
1505415657,21225445,0.06924004,2.89000000,1
1505415657,21225444,0.06929200,1.98765000,1
1505415656,21225440,0.06922535,2.63060732,0
1505415655,21225437,0.06924000,0.00013027,1
1505415654,21225434,0.06924000,0.29686973,1
1505415650,21225423,0.06945500,1.98765000,0
1505415650,21225421,0.06945499,5.68271459,0
1505415649,21225417,0.06945499,0.14249999,0
1505415641,21225393,0.06942000,2.89000000,0
1505415641,21225391,0.06942000,0.29600000,0
1505415640,21225381,0.06941997,2.31563800,0
1505415617,21225314,0.06943993,1.00118289,0
1505415602,21225296,0.06945994,7.44701154,0
1505415601,21225295,0.06945993,1.38798845,0
1505415589,21225263,0.06945993,0.31595141,0
1505415564,21225145,0.06948593,0.31696052,0
1505415548,21225101,0.06923311,1.62421091,1
1505415547,21225100,0.06923310,0.31828000,1
1505415547,21225098,0.06933000,0.07672000,1
1505415512,21225020,0.06940800,1.98765000,1
1505415504,21224999,0.06948714,0.19647462,0
1505415499,21224979,0.06941400,0.39761754,1
1505415499,21224977,0.06948716,1.59003246,1
1505415494,21224965,0.06948715,2.88999977,1
1505415494,21224961,0.06948714,0.00000023,0
1505415493,21224957,0.06948714,0.25854277,1
1505415493,21224953,0.06948714,5.45706100,1
1505415493,21224951,0.06948714,4.67155500,1
1505415471,21224869,0.06948711,1.63972000,1
1505415460,21224826,0.06954600,1.98765000,1
1505415444,21224711,0.06958400,1.98765000,1
1505415442,21224705,0.06977994,0.12000033,1
1505415440,21224697,0.06961800,2.88999967,0
1505415436,21224684,0.06961800,0.00000033,1
1505415436,21224682,0.06961800,1.98764967,1
1505415436,21224681,0.06961801,0.14236533,1
1505415423,21224637,0.06965010,6.64145300,1
1505415406,21224600,0.06973000,1.16668509,1
1505415399,21224587,0.06973883,0.28345873,0
1505415398,21224576,0.06973854,11.31886000,0
1505415396,21224572,0.06973870,1.35802286,1
1505415396,21224571,0.06973867,7.07083714,0
1505415393,21224564,0.06973883,2.89000000,0
1505415384,21224539,0.06955013,1.98765000,0
1505415384,21224536,0.06956000,0.29600000,1
1505415383,21224535,0.06956003,7.07083714,1
1505415373,21224506,0.06973924,0.92417000,0
1505415367,21224467,0.06973925,2.89000000,0
1505415366,21224460,0.06973937,2.89000000,0
1505415365,21224451,0.06973938,2.04391500,0
1505415365,21224448,0.06973938,5.66036555,0
1505415364,21224447,0.06973935,2.04392011,0
1505415356,21224411,0.06973971,1.29051075,0
1505415345,21224342,0.06976294,4.92945000,0
1505415344,21224338,0.06934003,0.40372540,1
1505415343,21224337,0.06960100,1.98765000,1
1505415339,21224312,0.06960400,0.85765040,1
1505415338,21224309,0.06960401,0.14226340,1
1505415332,21224264,0.06976346,0.31719027,0
1505415326,21224222,0.06976369,1.25280182,0
1505415300,21224139,0.06976429,4.00000000,0
1505415286,21224088,0.06967984,5.95738498,0
1505415286,21224084,0.06969419,5.70366284,1
1505415286,21224080,0.06968000,0.22999500,0
1505415285,21224079,0.06967997,1.11345216,0
1505415281,21224067,0.06969418,1.77396227,0
1505415270,21224025,0.06969433,1.06731324,0
1505415267,21224013,0.06969427,0.22314000,0
1505415264,21224005,0.06969433,0.66296747,0
1505415242,21223951,0.06950548,1.00000000,1
1505415226,21223909,0.06969458,1.77340479,0
1505415223,21223905,0.06969472,10.85697000,0
1505415218,21223882,0.06969500,1.68764500,0
1505415218,21223881,0.06960000,0.30000000,0
1505415213,21223864,0.06959986,1.76457000,1
1505415195,21223800,0.06959999,3.18329634,0
1505415195,21223796,0.06958000,0.81286366,0
1505415191,21223786,0.06958500,1.17478634,1
1505415191,21223781,0.06950000,0.67290197,0
1505415190,21223779,0.06950000,0.13995669,0
1505415164,21223715,0.06948965,0.81838400,1
1505415131,21223637,0.06949984,0.81285300,0
1505415131,21223636,0.06949984,3.63183443,0
1505415124,21223609,0.06950000,0.18714134,0
1505415124,21223607,0.06949999,2.00000000,0
1505415123,21223602,0.06932294,0.27625700,1
1505415123,21223599,0.06932294,0.49739700,1
1505415116,21223555,0.06932267,0.10971900,1
1505415098,21223499,0.06932167,0.13630600,1
1505415071,21223416,0.06932032,0.27324005,1
1505415067,21223406,0.06932013,0.27622900,1
1505415067,21223403,0.06932000,0.22999500,1
1505415064,21223393,0.06948981,1.09551861,0
1505415051,21223356,0.06948978,0.58188177,0
1505415042,21223341,0.06929003,4.98020231,1
1505415037,21223305,0.06947100,2.89000000,0
1505415026,21223269,0.06943100,1.98765000,0
1505415016,21223229,0.06947100,0.68650050,0
1505415011,21223215,0.06947100,1.30114950,0
1505415004,21223178,0.06913033,3.39132914,1
1505415003,21223174,0.06948986,16.70271352,1
1505415003,21223170,0.06940000,0.70538500,1
1505415002,21223167,0.06940000,1.28755365,1
1505415001,21223163,0.06940000,1.30434783,0
1505415000,21223160,0.06933900,1.98765000,0
1505415000,21223158,0.06933894,4.17476523,0
1505414980,21223084,0.06931000,0.29600000,0
1505414933,21223048,0.06915828,0.47926100,1
1505414933,21223047,0.06915828,1.44648700,1
1505414933,21223045,0.06915831,1.30425254,1
1505414926,21223030,0.06915812,0.37613501,1
1505414925,21223027,0.06939986,2.21018299,1
1505414922,21223014,0.06915812,9.75593496,1
1505414920,21223001,0.06914952,2.85732200,0
1505414920,21222999,0.06913145,0.60226978,0
1505414920,21222998,0.06915800,1.98765000,1
1505414920,21222997,0.06915811,2.54756809,1
1505414893,21222929,0.06931997,4.00000000,0
1505414891,21222926,0.06913161,2.74780752,1
1505414890,21222924,0.06913161,0.74853000,1
1505414890,21222921,0.06913600,1.98765000,1
1505414889,21222913,0.06913161,1.84646000,1
1505414862,21222868,0.06934897,0.20032445,0
1505414862,21222867,0.06934900,1.13349140,0
1505414830,21222762,0.06930597,1.30790764,0
1505414795,21222713,0.06909336,0.57866549,1
1505414794,21222711,0.06909336,1.96555611,1
1505414794,21222709,0.06909600,1.98765000,1
1505414789,21222685,0.06909316,0.98991000,1
1505414773,21222649,0.06929100,0.68731700,0
1505414773,21222648,0.06923999,0.29500000,0
1505414773,21222647,0.06923999,1.37668300,0
1505414762,21222630,0.06909036,0.12300000,1
1505414762,21222629,0.06910000,0.29600000,1
1505414731,21222540,0.06905703,2.71361804,1
1505414731,21222538,0.06940000,5.26119000,1
1505414730,21222531,0.06933400,1.98765000,0
1505414725,21222507,0.06949992,7.12895761,0
1505414725,21222506,0.06946131,0.10729203,0
1505414725,21222505,0.06940000,0.29500000,0
1505414725,21222504,0.06931000,1.98765000,0
1505414723,21222495,0.06930997,0.29380954,0
1505414694,21222433,0.06927396,1.67168300,0
1505414679,21222416,0.06927397,1.98765000,0
1505414648,21222374,0.06911302,1.12000000,1
1505414644,21222357,0.06911302,1.11772200,1
1505414634,21222347,0.06911301,0.04111809,1
1505414634,21222346,0.06911600,1.98765000,1
1505414634,21222345,0.06926273,0.13275191,1
1505414604,21222302,0.06899652,7.89586672,1
1505414601,21222296,0.06899651,3.06672487,1
1505414600,21222287,0.06899650,4.80937019,1
1505414598,21222274,0.06899647,8.83252680,1
1505414596,21222266,0.06899646,2.16324186,1
1505414591,21222242,0.06899644,7.82505084,1
1505414589,21222227,0.06899644,1.57122049,1
1505414586,21222214,0.06899643,4.08106520,1
1505414585,21222212,0.06899632,0.29579500,1
1505414572,21222188,0.06914600,1.98757702,1
1505414568,21222185,0.06917000,0.29500000,1
1505414566,21222179,0.06917003,1.96553600,1
1505414506,21222111,0.06926272,0.90235000,0
1505414506,21222110,0.06926271,0.69050300,0
1505414506,21222109,0.06919000,1.98765000,0
1505414499,21222080,0.06912995,0.00000370,0
1505414499,21222076,0.06912995,1.33991400,0
1505414499,21222074,0.06912995,0.65756600,0
1505414496,21222065,0.06926273,22.09742165,1
1505414496,21222063,0.06926268,4.33899232,1
1505414495,21222059,0.06919500,1.98765000,0
1505414495,21222057,0.06913000,0.29500000,0
1505414468,21221999,0.06915292,2.16290799,0
1505414424,21221935,0.06890011,0.03175703,1
1505414424,21221934,0.06904200,0.82610688,1
1505414423,21221931,0.06904200,1.16154312,1
1505414422,21221927,0.06905033,0.14518486,1
1505414405,21221906,0.06907300,1.15301204,1
1505414401,21221892,0.06927284,3.00000000,0
1505414394,21221880,0.06908500,1.88515619,1
1505414372,21221847,0.06910113,0.69301694,1
1505414372,21221844,0.06910113,1.03116073,1
1505414359,21221817,0.06910800,1.10149480,1
1505414325,21221778,0.06912003,0.69567880,1
1505414242,21221631,0.06916000,0.97100000,1
1505414242,21221630,0.06917000,0.29500000,1
1505414215,21221586,0.06922800,1.98765000,0
1505414208,21221578,0.06921000,0.29500000,0
1505414207,21221577,0.06920000,1.60000000,0
1505414204,21221572,0.06906192,1.26461563,1
1505414204,21221570,0.06906192,1.91397800,1
1505414186,21221537,0.06906091,2.88392539,1
1505414181,21221527,0.06906071,0.19392500,1
1505414170,21221509,0.06906043,0.40399500,1
1505414164,21221482,0.06906000,0.29500000,0
1505414163,21221481,0.06905048,0.12935600,0
1505414163,21221478,0.06906000,0.29500000,1
1505414162,21221472,0.06906016,0.40413600,1
1505414091,21221246,0.06919972,0.74714467,0
1505414091,21221244,0.06919969,1.60000000,0
1505414060,21221208,0.06909200,1.76305013,0
1505414060,21221207,0.06909187,0.37980487,0
1505414051,21221192,0.06909191,5.82788513,1
1505414051,21221191,0.06909191,0.29491894,1
1505414051,21221190,0.06909191,1.01983100,1
1505414049,21221188,0.06900000,1.52181796,0
1505414038,21221174,0.06900000,6.71800100,0
1505414025,21221149,0.06899971,5.50761975,0
1505414022,21221142,0.06899994,0.00000314,1
1505414011,21221121,0.06899994,0.14370000,1
1505414009,21221116,0.06899994,0.56512800,0
1505414005,21221107,0.06900000,0.13877200,0
1505414004,21221105,0.06899997,0.39051361,1
1505414004,21221104,0.06900000,0.33395500,0
1505414003,21221100,0.06900000,0.56230400,0
1505414002,21221097,0.06900000,1.00545000,0
1505413999,21221091,0.06900000,0.36094304,0
1505413993,21221076,0.06900000,0.37110700,0
1505413993,21221075,0.06899000,0.29500000,0
1505413988,21221065,0.06898997,0.08011327,0
1505413983,21221049,0.06906500,1.98765000,1
1505413979,21221043,0.06907500,1.69256425,0
1505413979,21221041,0.06908000,0.29500000,1
1505413978,21221036,0.06908033,0.74722779,1
1505413922,21220945,0.06925889,4.00000000,0
1505413904,21220883,0.06916650,1.00000000,0
1505413897,21220863,0.06917200,1.17000000,0
1505413891,21220845,0.06916670,7.07083714,0
1505413891,21220844,0.06916699,1.01983023,1
1505413889,21220841,0.06916683,0.02262692,0
1505413889,21220838,0.06916677,3.35834885,0
1505413887,21220836,0.06904000,0.29500000,0
1505413887,21220832,0.06916683,1.01891499,0
1505413887,21220831,0.06905002,0.29591601,0
1505413886,21220830,0.06905002,0.29767800,0
1505413886,21220829,0.06904833,1.50000000,0
1505413873,21220790,0.06906000,0.29500000,1
1505413871,21220784,0.06916697,3.62449700,0
1505413869,21220772,0.06905002,0.18108400,1
1505413867,21220763,0.06905002,0.62129400,1
1505413860,21220741,0.06896301,8.89810500,1
1505413860,21220740,0.06905000,0.29499500,1
1505413860,21220739,0.06905002,2.89000000,1
1505413850,21220692,0.06917200,1.69265000,0
1505413850,21220691,0.06907000,0.29500000,0
1505413842,21220654,0.06907974,0.44062700,0
1505413812,21220540,0.06906212,1.43572300,0
1505413807,21220518,0.06906213,1.98765000,1
1505413797,21220488,0.06906600,1.58756621,1
1505413797,21220484,0.06908000,0.86638679,1
1505413768,21220420,0.06909507,6.32070800,1
1505413678,21220237,0.06927872,2.00000000,0
1505413665,21220205,0.06927187,18.81464100,0
1505413658,21220182,0.06927197,2.26062442,0
1505413644,21220130,0.06909700,1.98765000,1
1505413634,21220100,0.06910000,1.85763100,1
1505413634,21220097,0.06912000,0.29500000,1
1505413633,21220095,0.06912003,0.44297100,1
1505413620,21220058,0.06930649,4.07020898,0
1505413595,21219971,0.06906048,6.55000000,1
1505413580,21219943,0.06927999,0.97354256,0
1505413579,21219942,0.06927000,0.18476000,0
1505413577,21219936,0.06917991,1.68930100,1
1505413577,21219934,0.06917991,2.89000000,0
1505413560,21219867,0.06917989,3.00000000,0
1505413557,21219845,0.06905003,0.45594687,0
1505413557,21219844,0.06905000,0.29500000,0
1505413557,21219843,0.06903700,0.56513313,0
1505413555,21219838,0.06903700,1.98765000,0
1505413545,21219803,0.06900200,0.99999500,1
1505413545,21219802,0.06900200,0.42252187,1
1505413537,21219794,0.06902103,2.24760000,1
1505413526,21219771,0.06905000,0.18476000,1
1505413523,21219762,0.06906600,1.98765000,1
1505413505,21219677,0.06922483,0.24670650,1
1505413505,21219673,0.06922483,2.06336172,0
1505413491,21219645,0.06915998,2.44170125,1
1505413490,21219642,0.06894562,2.00703300,1
1505413489,21219639,0.06916000,1.98765000,0
1505413489,21219638,0.06916000,0.29500000,0
1505413486,21219636,0.06915989,2.00703273,0
1505413460,21219588,0.06890573,0.99898659,1
1505413457,21219575,0.06911600,1.87940989,0
1505413457,21219574,0.06911000,0.10818984,0
1505413453,21219561,0.06912100,1.98764500,0
1505413449,21219554,0.06910997,3.62516800,0
1505413424,21219474,0.06890364,8.46720288,1
1505413424,21219469,0.06890367,3.64162844,1
1505413424,21219464,0.06890367,0.99158000,1
1505413423,21219449,0.06890364,0.54530500,1
1505413422,21219446,0.06892000,1.98765000,1
1505413421,21219443,0.06909445,2.43762300,1
1505413421,21219442,0.06909448,0.44250955,0
1505413421,21219441,0.06909448,6.44299500,0
1505413420,21219438,0.06909444,2.89000000,0
1505413321,21219229,0.06911595,0.50000000,0
1505413319,21219227,0.06877419,0.16065170,1
1505413263,21219137,0.06898494,1.03716747,1
1505413202,21218970,0.06874091,4.89374233,1
1505413202,21218967,0.06874094,2.27697700,1
1505413199,21218954,0.06874075,1.48636000,1
1505413194,21218941,0.06888500,0.73087240,0
1505413194,21218940,0.06881500,0.08999560,0
1505413189,21218932,0.06874013,0.69064800,1
1505413188,21218931,0.06881500,0.60065800,0
1505413188,21218930,0.06881499,0.08999000,0
1505413184,21218921,0.06881500,1.31440600,0
1505413172,21218879,0.06857102,7.05697719,1
1505413172,21218878,0.06866000,0.01390081,1
1505413168,21218869,0.06881319,4.88070474,0
1505413167,21218867,0.06881316,6.48808726,0
1505413084,21218560,0.06866040,2.89000000,1
1505413083,21218552,0.06866030,2.89000000,1
1505413074,21218505,0.06872881,3.35641722,0
1505413074,21218501,0.06866000,0.28109919,1
1505413071,21218479,0.06872894,3.18500000,0
1505413065,21218431,0.06849301,18.67719065,1
1505413065,21218429,0.06850000,0.29500000,1
1505413065,21218427,0.06850800,1.98765000,1
1505413065,21218426,0.06854166,0.15972579,1
1505413064,21218425,0.06872897,5.80623356,1
1505413064,21218422,0.06877800,0.42365027,1
1505413064,21218420,0.06877800,1.98765000,0
1505413061,21218411,0.06872896,0.50000000,0
1505413057,21218377,0.06849307,0.47684800,1
1505413044,21218306,0.06866500,1.98764665,0
1505413035,21218262,0.06868300,1.98765000,0
1505413033,21218249,0.06868297,0.39376200,0
1505413030,21218237,0.06844199,0.14725706,0
1505413030,21218234,0.06840062,0.61271204,0
1505413029,21218225,0.06839000,0.29500000,0
1505413027,21218210,0.06840062,3.58039700,0
1505413024,21218194,0.06833513,7.25535636,0
1505413023,21218186,0.06844199,0.73082260,1
1505413023,21218181,0.06844199,0.88977740,1
1505413023,21218180,0.06844199,1.08489700,1
1505413023,21218178,0.06844199,3.14108383,1
1505413020,21218160,0.06840062,0.42346317,0
1505413020,21218159,0.06839000,1.98765000,0
1505413018,21218145,0.06835900,0.42174433,0
1505413017,21218131,0.06826001,0.95354917,1
1505413016,21218129,0.06826001,0.17309300,1
1505413016,21218126,0.06826001,1.98765000,1
1505413016,21218121,0.06826001,0.29026991,1
1505413015,21218111,0.06835900,0.12464167,0
1505413015,21218109,0.06833500,0.20876809,0
1505413013,21218094,0.06833500,1.41951608,0
1505413012,21218083,0.06825988,7.22740988,1
1505413011,21218080,0.06840062,0.00482883,1
1505413010,21218074,0.06840081,1.44126400,1
1505413008,21218057,0.06852992,1.81199017,0
1505413007,21218051,0.06840062,0.14242823,1
1505412999,21218017,0.06840075,1.03000000,1
1505412996,21218004,0.06835117,0.32164577,0
1505412995,21217994,0.06833500,0.30198100,1
1505412995,21217989,0.06835117,2.04617823,1
1505412993,21217976,0.06835117,0.52217600,1
1505412993,21217969,0.06835117,0.32164577,1
1505412992,21217961,0.06840063,0.80172037,1
1505412992,21217956,0.06840062,0.29141200,0
1505412983,21217919,0.06835129,0.16726503,1
1505412983,21217913,0.06840059,2.89000000,0
1505412980,21217897,0.06835116,1.98752001,1
1505412980,21217896,0.06835116,4.24937565,1
1505412979,21217890,0.06835106,4.92382193,1
1505412971,21217855,0.06840059,0.14662100,1
1505412964,21217816,0.06840027,4.15646900,1
1505412961,21217803,0.06840028,1.60000000,1
1505412961,21217802,0.06840028,1.55036800,1
1505412956,21217781,0.06840000,1.60000000,1
1505412952,21217750,0.06840126,0.31205268,1
1505412927,21217689,0.06840078,0.10084000,1
1505412925,21217683,0.06844529,0.33892763,0
1505412912,21217658,0.06840048,0.15547377,1
1505412905,21217607,0.06856696,1.99995595,0
1505412886,21217547,0.06848005,2.89000000,1
1505412883,21217539,0.06848008,3.36064000,1
1505412869,21217521,0.06844900,1.98765000,1
1505412855,21217449,0.06846167,0.21785500,1
1505412842,21217416,0.06865196,7.38977529,0
1505412842,21217413,0.06865193,3.08899474,1
1505412841,21217412,0.06865193,3.45039283,1
1505412840,21217411,0.06865193,7.07083714,0
1505412836,21217403,0.06846077,3.34627891,1
1505412836,21217400,0.06846080,3.45047784,1
1505412819,21217354,0.06848237,12.92916000,1
1505412802,21217317,0.06848125,3.45047784,1
1505412802,21217316,0.06848125,0.47114500,1
1505412801,21217312,0.06866588,0.31972835,0
1505412762,21217229,0.06847513,1.00500000,1
1505412758,21217215,0.06849498,0.09011300,1
1505412713,21217075,0.06849423,0.29500000,0
1505412710,21217067,0.06849423,1.15888930,1
1505412707,21217058,0.06849417,4.74500000,1
1505412705,21217056,0.06849416,0.41655300,1
1505412695,21217046,0.06849403,1.11755726,0
1505412692,21217034,0.06849389,1.53944000,1
1505412690,21217027,0.06849395,1.58130000,1
1505412636,21216914,0.06856302,3.36570476,0
1505412634,21216905,0.06856300,1.31744452,1
1505412634,21216904,0.06856304,0.67020548,1
1505412632,21216899,0.06870014,0.88017000,1
1505412630,21216893,0.06869998,0.57116000,1
1505412618,21216867,0.06869998,1.01884000,1
1505412612,21216847,0.06881489,2.89000000,0
1505412589,21216757,0.06874000,0.88494040,1
1505412582,21216737,0.06881494,0.72911493,0
1505412578,21216730,0.06881494,0.70474521,1
1505412574,21216717,0.06881495,0.13351000,0
1505412574,21216716,0.06881494,2.89000000,0
1505412569,21216707,0.06881500,0.88494040,0
1505412569,21216706,0.06881496,2.80503814,0
1505412568,21216705,0.06870000,0.57132000,0
1505412566,21216689,0.06870000,1.01868000,0
1505412542,21216600,0.06864200,1.00000000,0
1505412541,21216595,0.06852000,0.91816250,0
1505412539,21216592,0.06852000,0.52072742,0
1505412539,21216591,0.06851997,1.76235958,0
1505412537,21216583,0.06852000,0.67111000,0
1505412530,21216556,0.06852000,2.46020400,0
1505412526,21216540,0.06859210,5.00000000,0
1505412524,21216533,0.06859207,5.00000000,0
1505412510,21216510,0.06855300,1.98765000,0
1505412488,21216424,0.06848589,7.69819948,0
1505412479,21216376,0.06841000,0.25510092,0
1505412456,21216259,0.06833100,1.94587571,0
1505412451,21216240,0.06865495,6.92273463,0
1505412448,21216230,0.06797689,7.65683000,0
1505412448,21216223,0.06841106,0.30833677,1
1505412447,21216209,0.06821403,4.75775321,0
1505412444,21216200,0.06821400,1.98765000,1
1505412436,21216177,0.06825301,1.98765000,1
1505412428,21216149,0.06829000,0.32132696,1
1505412417,21216101,0.06832203,0.68830200,1
1505412390,21216040,0.06838700,0.39765000,1
1505412390,21216038,0.06840000,1.59000000,1
1505412388,21216032,0.06840003,1.59000000,1
1505412379,21216009,0.06844417,0.39023900,1
1505412379,21216008,0.06849500,1.98765000,1
1505412366,21215945,0.06880992,1.47833289,0
1505412305,21215688,0.06875900,0.65806200,0
1505412304,21215673,0.06873900,4.14619600,1
1505412303,21215667,0.06871799,1.58620000,0
1505412303,21215666,0.06871795,0.33862200,0
1505412299,21215636,0.06871798,1.68366900,0
1505412287,21215570,0.06852000,0.21500000,1
1505412286,21215565,0.06871795,0.41703619,0
1505412286,21215564,0.06852003,2.47296381,0
1505412283,21215551,0.06852003,4.37181800,1
1505412270,21215513,0.06871799,1.14695000,0
1505412261,21215463,0.06871798,0.22064200,0
1505412261,21215459,0.06870000,1.58620000,0
1505412250,21215404,0.06871799,0.15685000,0
1505412250,21215400,0.06850007,0.10489000,1
1505412245,21215382,0.06865292,1.15342900,0
1505412244,21215377,0.06865295,2.69838000,0
1505412238,21215341,0.06847627,7.07084000,1
1505412229,21215298,0.06847616,0.61915182,1
1505412227,21215287,0.06847600,1.98765000,0
1505412221,21215249,0.06840800,1.98765000,0
1505412210,21215196,0.06843000,0.25589908,0
1505412210,21215195,0.06842999,2.02775092,0
1505412197,21215160,0.06818607,0.65544251,1
1505412176,21215092,0.06840100,1.98764986,0
1505412176,21215090,0.06840093,7.07083714,0
1505412161,21215027,0.06835700,1.98765000,0
1505412151,21214968,0.06823900,1.98765000,1
1505412151,21214967,0.06836904,2.89000000,1
1505412142,21214938,0.06833999,0.00275345,0
1505412141,21214936,0.06833999,2.89000000,0
1505412141,21214934,0.06834000,4.49020392,1
1505412141,21214933,0.06835000,1.58620000,1
1505412141,21214932,0.06836313,0.75732300,1
1505412141,21214931,0.06836313,0.09446155,1
1505412130,21214899,0.06836900,1.43945270,1
1505412130,21214898,0.06836903,2.26411030,1
1505412098,21214820,0.06852600,1.98764500,0
1505412067,21214747,0.06836727,1.37200123,1
1505412067,21214744,0.06851200,1.19546693,0
1505412046,21214670,0.06836700,0.08628947,1
1505412046,21214668,0.06836900,0.08000000,1
1505412034,21214637,0.06836906,0.54341036,1
1505412021,21214612,0.06849603,1.66019117,1
1505412015,21214596,0.06849600,0.19893700,1
1505412013,21214531,0.06851000,0.29600000,1
1505411995,21214492,0.06849618,3.82033500,1
1505411984,21214461,0.06859555,2.60592000,0
1505411973,21214408,0.06849613,1.98612000,1
1505411947,21214338,0.06849605,0.90246525,1
1505411947,21214336,0.06850700,1.98753475,1
1505411946,21214331,0.06850000,0.00007200,0
1505411945,21214328,0.06849602,2.89000000,1
1505411945,21214326,0.06850000,1.27686941,0
1505411942,21214314,0.06850000,0.30544192,0
1505411935,21214281,0.06849603,0.28577581,0
1505411910,21214163,0.06837031,0.20963647,1
1505411902,21214137,0.06849779,1.16847383,0
1505411878,21213992,0.06849907,0.10957830,0
1505411868,21213901,0.06849971,0.79982481,0
1505411769,21213595,0.06836785,0.50000000,1
1505411760,21213565,0.06836783,0.50000000,1
1505411758,21213560,0.06836775,0.50000000,1
1505411673,21213414,0.06844710,1.98765000,1
1505411657,21213392,0.06846400,1.98765000,1
1505411656,21213391,0.06850000,3.50000000,1
1505411645,21213377,0.06850607,0.09540929,1
1505411640,21213370,0.06854021,0.12100000,1
1505411529,21213200,0.06858200,1.98765000,0
1505411528,21213199,0.06856800,4.49020392,0
1505411508,21213165,0.06856799,0.86738300,0
1505411410,21212976,0.06854608,2.78494386,0
1505411410,21212975,0.06854605,7.07083714,0
1505411373,21212913,0.06836417,0.27934700,0
1505411373,21212909,0.06836333,1.12404800,1
1505411371,21212900,0.06836333,0.10000000,1
1505411357,21212867,0.06836333,5.18248000,1
1505411357,21212866,0.06836340,4.81752000,1
1505411321,21212806,0.06847795,1.49591972,0
1505411306,21212784,0.06836313,0.27893845,1
1505411302,21212730,0.06836312,0.46823575,1
1505411300,21212726,0.06836311,1.98765000,1
1505411297,21212711,0.06811646,3.76860856,0
1505411297,21212708,0.06811646,3.03656144,1
1505411297,21212706,0.06836300,1.98765000,1
1505411280,21212688,0.06852281,3.91517000,0
1505411239,21212568,0.06836417,1.51716840,0
1505411238,21212564,0.06836414,2.89000000,0
1505411238,21212562,0.06839100,1.98765000,1
1505411237,21212561,0.06839407,2.50332060,1
1505411237,21212560,0.06839407,0.38667940,1
1505411168,21212374,0.06854796,0.10000000,1
1505411129,21212276,0.06839392,0.93367600,1
1505411122,21212250,0.06839377,5.16188000,1
1505411117,21212241,0.06839363,47.79163000,0
1505411117,21212240,0.06839363,2.20837000,1
1505411087,21212169,0.06839308,0.20852000,1
1505411044,21212077,0.06855688,2.20837000,1
1505411041,21212057,0.06836417,0.48151000,1
1505411040,21212051,0.06836417,1.02308000,1
1505411039,21212050,0.06836417,3.08896500,1
1505411038,21212048,0.06836417,0.48822400,1
1505411038,21212047,0.06836417,3.21821391,1
1505411037,21212044,0.06836417,1.01549300,1
1505411037,21212041,0.06836417,0.98442900,1
1505411000,21211946,0.06845346,0.65784200,1
1505411000,21211944,0.06845346,0.22999500,1
1505410999,21211937,0.06835607,11.26699796,1
1505410999,21211936,0.06835608,2.35186204,1
1505410999,21211934,0.06844750,1.61199728,0
1505410983,21211887,0.06835590,1.70420986,0
1505410983,21211884,0.06835593,2.61536914,1
1505410914,21211750,0.06855485,2.61453200,0
1505410914,21211748,0.06844002,0.13101800,0
1505410907,21211740,0.06844004,1.61199728,1
1505410874,21211673,0.06848100,0.10000000,0
1505410842,21211591,0.06852003,7.07000000,1
1505410824,21211563,0.06861900,1.33178974,0
1505410817,21211547,0.06859968,1.90187034,1
1505410814,21211530,0.06859968,0.44067188,1
1505410814,21211528,0.06859983,6.10138614,1
1505410814,21211525,0.06863198,1.98761291,0
1505410813,21211524,0.06859951,2.89000000,0
1505410813,21211523,0.06859933,2.32056225,0
1505410813,21211522,0.06859933,0.29496775,0
1505410807,21211496,0.06859952,5.16984134,0
1505410807,21211493,0.06859000,0.29500000,0
1505410807,21211488,0.06842420,1.07714576,0
1505410806,21211485,0.06842423,1.90187034,1
1505410796,21211437,0.06861387,0.88681291,0
1505410760,21211342,0.06844500,1.98758608,1
1505410760,21211341,0.06847000,4.49020392,1
1505410685,21211115,0.06850514,0.55916100,1
1505410673,21211086,0.06853500,1.42848900,1
1505410672,21211076,0.06853500,0.55916100,1
1505410663,21211043,0.06858537,0.48342282,1
1505410648,21211010,0.06858529,4.47800000,1
1505410645,21211005,0.06858513,3.79418500,1
1505410622,21210972,0.06881260,1.01220000,0
1505410607,21210951,0.06857500,1.98765000,1
1505410594,21210857,0.06860200,1.98765000,1
1505410591,21210847,0.06860203,6.67083000,1
1505410560,21210767,0.06872200,1.98765000,0
1505410560,21210766,0.06867174,0.20000000,0
1505410560,21210765,0.06867173,0.20000000,0
1505410546,21210746,0.06851181,0.20000000,1
1505410531,21210722,0.06851127,0.20000000,1
1505410521,21210697,0.06850303,0.20000000,1
1505410510,21210678,0.06875900,0.55732763,0
1505410510,21210677,0.06867174,0.20000000,0
1505410502,21210660,0.06872900,1.78628363,0
1505410494,21210652,0.06867174,0.20000000,0
1505410493,21210650,0.06847145,0.20000000,1
1505410483,21210637,0.06867174,0.20000000,0
1505410468,21210608,0.06867171,0.91514600,0
1505410443,21210529,0.06864196,1.32403794,0
1505410435,21210509,0.06847000,2.89000000,1
1505410425,21210496,0.06851603,0.26000000,1
1505410425,21210493,0.06851600,0.00000382,1
1505410410,21210451,0.06851600,7.38020392,0
1505410409,21210450,0.06851599,0.41673226,0
1505410409,21210449,0.06851599,2.47326774,0
1505410409,21210448,0.06844500,0.41673226,0
1505410408,21210446,0.06844500,1.57091774,0
1505410407,21210436,0.06824367,0.10000000,1
1505410350,21210326,0.06838993,5.19164800,0
1505410294,21210250,0.06827813,2.88999975,1
1505410272,21210209,0.06825300,0.00000025,0
1505410271,21210203,0.06825300,1.98765000,1
1505410270,21210201,0.06827804,2.89000000,1
1505410270,21210200,0.06827812,0.94722331,1
1505410270,21210199,0.06827815,2.52523644,1
1505410242,21210157,0.06831700,0.09342111,1
1505410242,21210156,0.06841000,0.00000035,1
1505410242,21210154,0.06841000,0.00657854,1
1505410241,21210152,0.06841000,1.66458402,1
1505410240,21210151,0.06841000,0.10000000,1
1505410238,21210147,0.06841000,0.10000000,1
1505410236,21210145,0.06841000,0.10000000,1
1505410234,21210144,0.06841000,0.10000000,1
1505410233,21210140,0.06841000,0.10000000,1
1505410231,21210138,0.06841003,0.10000000,1
1505410229,21210136,0.06841000,0.10000000,1
1505410228,21210135,0.06841000,1.48223944,1
1505410227,21210128,0.06841000,0.10000000,1
1505410225,21210118,0.06841000,0.00500000,1
1505410225,21210117,0.06842000,0.09500000,1
1505410223,21210106,0.06842000,0.10000000,1
1505410221,21210097,0.06842000,0.10000000,1
1505410219,21210091,0.06841000,0.10000000,1
1505410217,21210080,0.06841000,0.10000000,1
1505410217,21210077,0.06841000,2.89000000,1
1505410216,21210074,0.06841000,0.10000000,1
1505410215,21210069,0.06841003,0.48794600,1
1505410214,21210067,0.06849200,1.98765000,0
1505410212,21210063,0.06851598,2.89000000,0
1505410212,21210062,0.06842000,0.00000035,0
1505410211,21210059,0.06841000,0.29500000,0
1505410211,21210058,0.06842000,7.34340200,0
1505410201,21210024,0.06828800,0.00000038,1
1505410200,21210022,0.06828800,1.01569100,1
1505410194,21210006,0.06828800,1.98765000,1
1505410190,21209997,0.06840999,2.42374396,0
1505410190,21209996,0.06840971,0.42732000,0
1505410183,21209971,0.06842395,2.89000000,0
1505410174,21209943,0.06842400,1.00869488,1
1505410174,21209941,0.06842400,1.98765000,0
1505410174,21209940,0.06842396,1.10659512,0
1505410162,21209911,0.06832500,1.93007700,0
1505410150,21209897,0.06828500,1.04042669,0
1505410147,21209887,0.06828400,0.11385785,0
1505410145,21209881,0.06828399,1.20088022,0
1505410136,21209866,0.06812027,0.42731452,1
1505410135,21209863,0.06830996,2.01502500,0
1505410128,21209855,0.06811020,0.51388700,1
1505410122,21209846,0.06829499,4.53381400,0
1505410120,21209842,0.06829499,1.98765000,0
1505410116,21209832,0.06827999,1.06036800,0
1505410108,21209809,0.06827997,0.64000000,0
1505410100,21209780,0.06828893,0.00308600,0
1505410099,21209777,0.06828893,3.13915600,0
1505410092,21209742,0.06821399,1.18341000,0
1505410090,21209726,0.06818407,8.47326000,1
1505410088,21209720,0.06805023,3.07301400,1
1505410087,21209718,0.06820499,5.25135412,0
1505410087,21209716,0.06818395,6.17787188,0
1505410086,21209712,0.06818395,1.98765000,0
1505410085,21209709,0.06819000,0.29500000,1
1505410084,21209704,0.06820499,1.77390700,0
1505410082,21209695,0.06818394,3.53339922,1
1505410080,21209679,0.06820500,1.98765000,0
1505410061,21209637,0.06818399,4.78112800,0
1505410059,21209624,0.06818399,3.76155700,0
1505410059,21209620,0.06818399,1.98765000,0
1505410057,21209614,0.06818399,0.47711428,0
1505410049,21209589,0.06837999,0.12438259,1
1505410049,21209588,0.06837999,0.76493041,1
1505410044,21209572,0.06815216,0.10000000,0
1505410044,21209570,0.06818000,1.98765000,1
1505410044,21209568,0.06828001,4.19175491,1
