date,tid,price,amount,type
1505433669,21261023,187.97,0.68765000,0
1505433669,21261018,187.98,2.76303300,0
1505433655,21260960,187.97,9.24914721,1
1505433655,21260958,187.97,15.21645900,0
1505433641,21260942,187.86,1.26131137,0
1505433641,21260941,187.83,0.04732000,0
1505433344,21260546,187.05,0.04732000,0
1505433329,21260492,189.17,4.38016000,1
1505433327,21260486,188.40,0.65000000,0
1505433324,21260459,188.37,0.66914196,0
1505433312,21260414,187.50,0.98540050,0
1505433312,21260412,187.50,0.26297950,0
1505433312,21260410,187.50,0.31000000,0
1505433296,21260337,187.52,3.98736026,0
1505433260,21260232,187.00,0.48653000,1
1505433097,21259938,187.52,1.18600000,1
1505433087,21259908,189.81,4.87261375,0
1505433087,21259906,188.44,0.02185036,0
1505433087,21259905,187.99,1.18305000,0
1505433086,21259903,187.00,4.54079494,1
1505433086,21259902,187.00,0.10668449,1
1505433086,21259899,187.40,0.03577002,1
1505433086,21259897,187.44,0.50000000,1
1505433085,21259893,187.48,0.12769362,1
1505433085,21259891,187.48,1.17743635,0
1505433085,21259887,187.50,10.00000000,1
1505433083,21259883,187.51,0.31000000,1
1505433074,21259865,187.51,0.31000000,1
1505433073,21259854,187.51,30.80061613,1
1505433071,21259848,187.52,0.31000000,1
1505433071,21259847,187.52,0.06238000,1
1505433063,21259818,188.44,0.62814964,0
1505433063,21259817,188.00,0.63140513,0
1505433060,21259808,188.00,1.90520093,0
1505433057,21259798,187.52,1.18305000,1
1505433055,21259780,188.00,1.16489802,0
1505433043,21259720,187.51,1.68000000,1
1505433042,21259718,188.00,0.76565938,0
1505433042,21259717,187.98,1.24239000,0
1505433042,21259716,187.98,0.62839944,0
1505433042,21259712,187.98,4.47160056,0
1505432982,21259569,188.00,13.71903787,1
1505432982,21259567,188.00,1.25000000,1
1505432979,21259563,188.00,5.24945200,1
1505432971,21259547,188.00,1.10300600,1
1505432968,21259540,188.00,5.97849000,1
1505432964,21259535,188.00,24.51066665,1
1505432961,21259530,188.00,6.92000000,1
1505432955,21259519,188.00,7.32000000,1
1505432945,21259504,188.00,4.45000000,1
1505432937,21259492,188.00,3.44559500,1
1505432923,21259473,188.00,5.29721900,1
1505432856,21259386,188.00,8.71088500,1
1505432855,21259378,188.00,8.46963100,1
1505432853,21259377,188.00,1.11888298,1
1505432852,21259376,188.00,16.63792309,1
1505432852,21259375,188.00,17.81851500,1
1505432852,21259373,188.00,1.17889600,1
1505432852,21259370,188.01,1.24000000,1
1505432845,21259350,188.00,0.82110400,1
1505432845,21259349,188.00,1.09344900,1
1505432844,21259347,188.00,0.90655100,1
1505432809,21259261,188.39,0.02707000,0
1505432789,21259205,188.01,5.10000000,1
1505432747,21259078,188.07,2.13066272,0
1505432746,21259076,188.07,2.96933728,1
1505432745,21259072,188.45,3.81000000,1
1505432744,21259071,188.45,1.29000000,1
1505432744,21259068,188.45,0.05000000,1
1505432744,21259067,188.07,3.81000000,0
1505432744,21259066,188.07,1.29000000,0
1505432741,21259053,188.44,3.81000000,1
1505432741,21259052,188.07,1.29153905,0
1505432740,21259049,188.41,1.24239000,1
1505432740,21259048,188.43,2.56607095,1
1505432739,21259045,188.42,5.10000000,1
1505432727,21259015,188.02,0.05000000,1
1505432659,21258834,189.00,1.56031007,0
1505432654,21258827,189.45,2.56607095,0
1505432654,21258826,188.69,1.24000000,0
1505432647,21258816,188.70,1.24000000,0
1505432645,21258810,188.70,38.58103600,0
1505432644,21258808,188.70,7.09573084,0
1505432554,21258647,190.81,0.02673000,0
1505432533,21258579,190.86,0.03074425,0
1505432496,21258518,190.98,1.39706000,1
1505432495,21258508,190.49,0.60000000,0
1505432480,21258482,190.71,0.28522186,0
1505432479,21258480,190.53,0.66000000,0
1505432479,21258479,190.52,1.23000000,0
1505432441,21258311,189.71,1.23000000,1
1505432335,21257971,191.00,3.93852300,0
1505432335,21257970,190.99,6.06147700,0
1505432332,21257968,190.99,8.77311000,0
1505432332,21257967,190.80,1.22689000,0
1505432275,21257871,190.44,1.22689000,1
1505432255,21257834,190.81,0.16778037,0
1505432199,21257699,190.42,4.33423648,0
1505432184,21257635,190.95,5.49028542,0
1505432182,21257629,190.95,2.63633484,0
1505432182,21257628,190.40,0.61000000,0
1505432180,21257622,189.54,0.44516678,0
1505432175,21257602,189.54,0.13816678,0
1505432175,21257600,189.53,0.30700000,0
1505432171,21257578,189.54,0.90000000,0
1505432170,21257577,190.15,0.30700000,1
1505432170,21257574,190.21,2.23267709,1
1505432167,21257554,190.21,2.38000000,0
1505432166,21257552,190.20,0.76576352,0
1505432164,21257548,190.14,0.44522156,1
1505432164,21257546,190.14,3.28284423,1
1505432164,21257544,190.14,1.27017682,1
1505432160,21257529,190.13,5.00000000,1
1505432158,21257523,190.15,5.10000000,1
1505432157,21257520,190.14,1.15578815,1
1505432157,21257519,190.14,1.22882000,0
1505432154,21257510,190.13,3.10427326,0
1505432154,21257509,190.12,1.99572674,0
1505432135,21257463,190.18,5.10000000,0
1505432134,21257462,190.21,5.10000000,0
1505432133,21257460,190.19,5.10000000,0
1505432132,21257459,190.21,3.72723449,0
1505432132,21257457,190.20,1.37276551,0
1505432130,21257453,190.21,5.10000000,0
1505432059,21257356,190.26,0.00000410,1
1505432058,21257350,190.26,0.46341000,1
1505432052,21257332,190.26,1.70184627,1
1505432042,21257310,190.26,3.18142200,1
1505432040,21257301,190.26,0.48264500,1
1505432028,21257260,190.26,0.70451821,1
1505432027,21257257,190.27,1.22882000,1
1505432000,21257221,190.27,2.44839150,1
1505431997,21257218,190.26,12.93000000,1
1505431995,21257217,190.22,1.22915442,0
1505431995,21257216,190.21,0.30700000,0
1505431894,21257060,190.46,0.10126000,0
1505431892,21257053,190.47,0.15708511,0
1505431653,21256428,190.30,0.05589172,1
1505431652,21256426,190.30,0.21187598,1
1505431635,21256403,190.53,1.00126000,0
1505431619,21256375,188.96,2.62671820,1
1505431619,21256374,190.30,0.19642669,1
1505431551,21256160,191.06,0.71154330,0
1505431533,21256071,190.27,0.41079334,0
1505431528,21256040,190.29,0.71325125,0
1505431528,21256038,190.29,0.26004768,0
1505431527,21256034,190.29,0.49206157,0
1505431526,21256026,190.30,0.52261137,0
1505431519,21255993,190.36,0.40797367,0
1505431460,21255770,188.16,4.67727723,1
1505431432,21255726,188.07,0.40000000,1
1505431432,21255725,188.07,0.99041851,1
1505431431,21255723,188.07,4.20914217,0
1505431431,21255722,189.00,0.50000000,1
1505431431,21255719,189.01,0.46727552,0
1505431426,21255716,189.88,1.30000000,1
1505431419,21255703,190.00,5.20000000,1
1505431416,21255700,190.01,0.30700000,1
1505431416,21255699,190.14,1.40036100,1
1505431407,21255666,190.14,8.33847900,1
1505431400,21255617,190.53,0.13711000,0
1505431400,21255615,190.53,0.30600000,0
1505431395,21255594,190.14,0.26116000,1
1505431384,21255559,190.22,0.26116000,1
1505431383,21255551,190.23,0.14734000,1
1505431376,21255535,190.60,0.14691562,1
1505431368,21255504,190.60,0.47612000,0
1505431361,21255470,190.63,0.47615996,1
1505431356,21255452,190.64,0.67000000,1
1505431356,21255451,190.64,0.47609304,1
1505431356,21255450,190.64,3.53923305,1
1505431348,21255433,190.17,33.08564000,1
1505431347,21255431,190.65,0.66148742,0
1505431343,21255424,190.16,1.11872623,1
1505431325,21255352,190.67,0.67590378,1
1505431323,21255344,190.67,11.84247000,1
1505431312,21255293,190.67,0.92037985,1
1505431311,21255291,190.67,0.94201897,1
1505431309,21255278,190.67,0.92798815,1
1505431308,21255266,190.67,10.89997897,1
1505431308,21255265,190.67,4.40638311,1
1505431306,21255250,190.67,1.11754406,1
1505431306,21255240,190.67,7.74918500,1
1505431305,21255233,190.65,15.88087000,1
1505431305,21255231,190.66,10.90000000,1
1505431299,21255177,190.64,19.95012197,0
1505431291,21255126,190.62,0.85810794,1
1505431290,21255120,190.62,0.85424431,1
1505431288,21255108,190.61,1.13930824,1
1505431286,21255091,191.89,0.15190763,0
1505431279,21255061,191.94,5.36840000,0
1505431230,21254803,191.00,1.83221990,0
1505431230,21254800,191.00,0.50000000,1
1505431230,21254799,191.00,0.26178010,1
1505431229,21254798,191.00,2.00000000,1
1505431229,21254797,191.00,0.10000000,1
1505431229,21254796,191.01,0.30600000,1
1505431177,21254648,191.02,1.25043961,0
1505431177,21254647,191.19,0.50000000,1
1505431176,21254645,191.21,1.00000000,1
1505431176,21254642,191.67,1.22877000,1
1505431176,21254640,191.69,0.62298769,1
1505431175,21254633,191.70,6.85180270,1
1505431150,21254580,193.32,1.00126000,0
1505431137,21254553,193.32,2.07636869,0
1505430958,21254247,192.20,2.32029683,0
1505430957,21254246,192.20,3.46559812,0
1505430957,21254245,192.16,1.22563000,0
1505430957,21254244,192.15,1.17966188,0
1505430930,21254219,192.25,1.22563000,1
1505430898,21254181,192.16,0.49432588,1
1505430836,21254085,193.60,10.00000000,0
1505430822,21254062,193.62,4.98974963,0
1505430794,21254024,193.64,1.07745155,0
1505430745,21253922,193.64,0.46182103,0
1505430745,21253920,193.64,4.53943897,0
1505430719,21253842,193.64,1.16813703,0
1505430719,21253841,193.63,0.23243297,0
1505430696,21253772,192.67,2.40454147,1
1505430696,21253771,192.67,0.59545853,1
1505430687,21253730,193.63,0.63756703,0
1505430673,21253690,193.64,10.28062000,0
1505430673,21253688,193.64,0.50000000,0
1505430664,21253664,193.45,2.07711908,0
1505430664,21253661,193.45,1.00481000,0
1505430645,21253581,193.45,4.09519000,0
1505430643,21253578,193.45,5.10000000,0
1505430624,21253547,193.45,4.41424400,0
1505430617,21253512,192.16,0.27000000,1
1505430616,21253511,192.15,4.83000000,1
1505430615,21253510,192.15,0.27000000,1
1505430614,21253502,192.15,4.82965133,1
1505430614,21253501,192.15,0.27034867,1
1505430613,21253496,192.14,5.09958000,1
1505430613,21253495,193.39,0.00042000,1
1505430607,21253477,193.20,0.60000000,0
1505430551,21253302,193.59,5.00126000,0
1505430550,21253301,192.92,2.08999500,1
1505430549,21253294,192.92,5.10000000,1
1505430506,21253143,193.65,8.69442185,0
1505430506,21253142,193.59,1.00000000,0
1505430506,21253141,193.58,0.21925625,0
1505430506,21253140,193.43,1.84342190,0
1505430505,21253138,193.42,6.27000000,0
1505430501,21253122,193.42,0.53778600,0
1505430498,21253112,193.42,0.38077400,0
1505430479,21253068,193.43,5.70723000,0
1505430473,21253055,193.43,1.22706684,0
1505430473,21253054,193.30,0.10215316,0
1505430448,21252978,193.42,9.45665500,1
1505430409,21252938,193.38,1.00126000,0
1505430373,21252920,193.41,5.01461861,1
1505430311,21252869,193.37,0.79338879,0
1505430311,21252868,193.26,1.21915000,0
1505430295,21252847,193.21,0.25347252,0
1505430250,21252815,193.35,9.63235222,1
1505430239,21252800,193.00,22.57922278,1
1505430232,21252786,193.43,2.34209152,0
1505430231,21252778,191.59,55.87118469,0
1505430231,21252777,191.59,6.83000000,0
1505430231,21252775,191.99,0.37078476,1
1505430230,21252773,192.10,1.00000000,1
1505430230,21252771,192.48,3.38752078,1
1505430230,21252767,192.58,34.31721600,0
1505430229,21252765,192.58,1.72185736,0
1505430229,21252764,192.92,0.20000000,1
1505430229,21252763,192.92,19.11506524,0
1505430229,21252762,192.92,4.62383000,0
1505430228,21252761,193.00,1.21915000,0
1505430227,21252760,193.00,0.03339117,1
1505430227,21252759,193.00,4.00000000,1
1505430212,21252739,193.42,4.79540088,0
1505430211,21252736,193.42,1.13421569,0
1505430208,21252732,193.41,0.68714130,0
1505430196,21252696,193.37,0.50000000,1
1505430173,21252683,193.50,0.17646800,0
1505430172,21252681,193.51,1.95768199,0
1505430165,21252672,193.53,0.21717276,0
1505430145,21252656,193.54,5.18000000,1
1505430083,21252622,193.81,8.44782600,1
1505430082,21252620,193.81,4.08944104,1
1505430053,21252602,193.81,3.57473810,1
1505430038,21252597,193.99,0.03092943,0
1505430013,21252588,193.81,6.45690000,1
1505430013,21252587,193.81,0.10000000,1
1505430009,21252586,194.04,0.00003138,1
1505429978,21252568,194.20,0.31736700,0
1505429978,21252567,194.19,0.41100000,0
1505429977,21252564,194.20,0.75465734,0
1505429977,21252562,194.20,1.23299266,0
1505429972,21252554,194.19,3.72156567,0
1505429963,21252541,194.04,3.29020000,1
1505429960,21252539,194.19,1.45147000,0
1505429943,21252487,194.04,0.70976862,1
1505429930,21252447,194.20,0.27000000,1
1505429930,21252446,194.21,4.44130734,1
1505429929,21252444,194.21,0.41100000,1
1505429929,21252442,194.21,0.41100000,1
1505429929,21252439,194.22,0.41100000,1
1505429890,21252399,194.58,1.00126000,0
1505429805,21252343,194.58,0.50126000,0
1505429772,21252276,194.11,0.32381107,1
1505429621,21252081,194.58,0.48859081,0
1505429579,21252043,194.58,0.32126000,1
1505429576,21252041,194.35,2.95172600,1
1505429576,21252040,194.35,1.28187400,1
1505429553,21252016,194.59,0.74969801,0
1505429552,21252015,194.59,0.04287100,0
1505429534,21252010,194.59,0.34410812,0
1505429522,21251983,194.59,0.99714200,0
1505429522,21251981,194.59,1.00041112,0
1505429522,21251980,194.59,2.72590200,0
1505429495,21251951,194.59,0.07541758,0
1505429492,21251946,194.59,18.54642124,0
1505429492,21251945,194.59,6.06618176,0
1505429491,21251941,194.59,20.15254200,0
1505429490,21251938,194.59,1.66975300,0
1505429490,21251934,194.59,0.71662324,0
1505429482,21251917,194.58,0.08783870,0
1505429480,21251913,194.58,22.05407530,0
1505429480,21251912,194.58,7.72960870,0
1505429479,21251910,194.58,2.44572076,0
1505429461,21251874,194.58,3.72140300,0
1505429460,21251873,194.58,1.91849554,0
1505429460,21251872,194.57,1.28187946,0
1505429456,21251869,194.57,0.19807781,0
1505429455,21251867,194.57,2.99000000,0
1505429452,21251864,194.56,0.11799730,0
1505429444,21251846,194.56,1.09143927,0
1505429442,21251844,194.57,6.40200000,0
1505429441,21251843,194.57,1.12167332,0
1505429433,21251834,194.57,3.82170941,0
1505429431,21251832,194.25,1.24310579,0
1505429420,21251821,194.25,3.85689421,0
1505429420,21251820,194.25,1.92776473,0
1505429415,21251809,194.25,2.85553000,0
1505429414,21251805,194.25,0.31670527,0
1505429385,21251768,194.24,1.91628735,0
1505429385,21251767,194.24,0.20126000,0
1505429384,21251763,194.24,5.10000000,0
1505429384,21251762,194.24,3.55137973,0
1505429382,21251758,194.23,0.27898000,1
1505429379,21251754,194.24,4.85291392,0
1505429362,21251730,194.24,4.23360000,0
1505429362,21251728,194.24,3.93260000,0
1505429362,21251727,194.23,0.30100000,0
1505429345,21251700,194.02,2.33042809,1
1505429345,21251699,194.02,6.86378091,1
1505429343,21251697,194.03,5.10000000,1
1505429343,21251696,194.03,0.30100000,1
1505429341,21251692,194.24,5.10000000,0
1505429340,21251690,194.24,5.10000000,0
1505429326,21251665,194.47,0.10586300,0
1505429326,21251664,194.47,4.99413700,0
1505429325,21251663,194.47,5.10000000,0
1505429324,21251662,194.47,0.30000000,0
1505429324,21251660,194.47,4.80000000,0
1505429324,21251658,194.46,0.30000000,0
1505429320,21251655,194.02,0.09700000,1
1505429320,21251654,194.03,0.30000000,1
1505429302,21251592,194.02,8.75197821,1
1505429293,21251571,194.02,30.28074425,1
1505429293,21251570,194.03,0.21925575,1
1505429279,21251548,194.02,0.50000000,1
1505429272,21251536,194.02,0.44438900,1
1505429268,21251529,194.02,0.09912000,1
1505429264,21251516,194.02,0.32509200,1
1505429260,21251504,194.02,0.76938300,1
1505429258,21251500,194.02,2.12567133,1
1505429256,21251497,194.02,0.09220032,1
1505429235,21251487,194.02,0.68913410,1
1505429203,21251452,194.02,9.21800388,1
1505429203,21251451,194.03,14.78335212,1
1505429173,21251437,194.02,3.81996702,1
1505429162,21251429,194.02,2.58446100,1
1505429134,21251361,194.02,0.22599500,1
1505429122,21251341,194.02,0.79573897,1
1505429121,21251340,194.30,0.68188103,1
1505429121,21251339,194.25,4.31811897,0
1505429098,21251318,194.24,0.13310171,0
1505429096,21251314,194.23,0.86815829,0
1505429068,21251243,194.02,1.09180028,1
1505429067,21251239,194.02,9.97046310,1
1505429031,21251216,194.02,0.76851000,1
1505429028,21251213,194.02,0.28653100,1
1505429012,21251195,194.02,1.99520663,1
1505428944,21251134,194.11,1.92622152,0
1505428940,21251129,194.11,65.58442100,1
1505428940,21251128,194.11,36.28160117,1
1505428939,21251127,194.34,10.59708641,1
1505428939,21251125,194.34,5.05789970,0
1505428891,21251087,194.11,3.44170826,1
1505428851,21251066,194.11,1.41198290,1
1505428770,21250924,194.11,21.11540879,1
1505428765,21250907,194.11,3.33453488,1
1505428765,21250906,194.12,0.55957922,1
1505428765,21250905,194.13,0.30854537,1
1505428765,21250903,194.15,1.13184166,1
1505428764,21250902,194.15,0.30855608,1
1505428764,21250901,194.15,0.55960226,1
1505428669,21250691,195.00,0.00002258,1
1505428646,21250663,195.00,1.15174354,1
1505428619,21250602,195.00,0.84823388,1
1505428619,21250600,195.00,0.32539858,1
1505428618,21250594,195.00,0.27106358,1
1505428610,21250566,195.00,0.37012541,1
1505428610,21250565,195.01,0.90334045,1
1505428601,21250554,195.01,0.17905955,1
1505428578,21250527,195.15,5.25200000,0
1505428538,21250502,195.15,1.00184473,0
1505428457,21250305,195.15,4.70200000,0
1505428457,21250304,195.14,0.29800000,0
1505428402,21250254,195.23,1.77283784,1
1505428400,21250251,195.24,10.36700000,1
1505428400,21250250,195.24,4.69713523,1
1505428400,21250249,195.25,16.51182557,1
1505428400,21250248,195.26,0.29800000,1
1505428394,21250231,195.26,1.71874486,1
1505428347,21250134,197.65,2.00430053,1
1505428346,21250133,196.71,0.47721833,0
1505428346,21250130,195.81,0.58000000,0
1505428346,21250129,195.40,1.08490000,0
1505428344,21250124,195.39,0.29800000,0
1505428237,21249983,195.25,0.84684000,1
1505428237,21249982,195.27,1.15316000,1
1505428225,21249961,195.27,0.05627657,1
1505428225,21249958,195.26,0.43950832,1
1505428217,21249942,196.80,3.71324927,1
1505428215,21249933,196.71,0.72642209,0
1505428215,21249932,196.71,0.51284800,0
1505428142,21249866,196.33,0.51284800,1
1505428141,21249864,195.75,1.48715200,0
1505428029,21249763,195.68,3.24972638,0
1505427985,21249735,195.75,0.22234800,0
1505427967,21249730,195.88,1.00000000,0
1505427889,21249607,195.30,2.32000000,1
1505427889,21249606,195.32,0.68000000,1
1505427873,21249585,195.41,0.50000000,1
1505427831,21249513,197.29,2.66689009,0
1505427831,21249512,196.25,0.40600000,0
1505427826,21249509,196.26,3.01973877,0
1505427826,21249508,196.24,0.01069167,0
1505427823,21249488,196.24,0.34528221,0
1505427822,21249486,196.24,0.84748912,0
1505427810,21249456,196.26,3.36899000,0
1505427800,21249438,196.26,4.51271078,0
1505427799,21249437,195.24,5.66986477,1
1505427798,21249436,195.70,1.08962698,1
1505427798,21249435,196.28,0.29800000,1
1505427798,21249434,196.29,2.63950825,1
1505427791,21249425,197.28,2.00000000,0
1505427788,21249423,196.24,5.20056335,1
1505427764,21249402,197.40,0.63950825,0
1505427742,21249381,197.47,0.66923100,0
1505427742,21249380,197.19,0.29700000,0
1505427710,21249349,196.30,16.25102173,0
1505427710,21249348,196.31,0.29700000,1
1505427709,21249347,196.33,7.07083714,0
1505427708,21249346,196.84,0.25814113,1
1505427682,21249321,196.84,0.91566535,1
1505427681,21249320,196.84,1.20000000,0
1505427681,21249319,196.86,0.40600000,1
1505427679,21249318,197.19,1.12687000,1
1505427612,21249193,197.88,3.31848800,0
1505427605,21249161,197.12,0.47281402,1
1505427596,21249153,197.21,0.87576694,0
1505427593,21249145,197.21,0.25090006,0
1505427584,21249118,197.04,3.90415960,1
1505427576,21249106,196.88,1.97217000,1
1505427574,21249103,197.21,1.20326000,0
1505427570,21249096,197.22,0.41000000,1
1505427532,21249041,197.97,0.25029437,0
1505427523,21249020,198.00,3.64853535,1
1505427521,21249016,197.99,1.84766349,1
1505427521,21249014,197.97,7.91859600,0
1505427482,21248932,197.42,9.80351535,0
1505427477,21248923,197.41,7.54635258,1
1505427436,21248822,197.87,0.27760000,0
1505427433,21248818,197.87,0.94744023,0
1505427427,21248797,197.87,23.84292717,0
1505427425,21248793,197.83,0.03414275,0
1505427423,21248788,197.83,0.49335422,0
1505427422,21248786,197.83,0.47250303,0
1505427419,21248778,197.84,0.38913347,0
1505427408,21248753,197.84,0.47254531,1
1505427405,21248741,197.87,6.52626809,0
1505427405,21248740,197.86,0.47231683,0
1505427405,21248738,197.84,7.07083714,0
1505427399,21248707,197.08,1.00000000,1
1505427386,21248588,197.86,0.25000000,1
1505427384,21248578,197.87,0.46525496,0
1505427377,21248528,197.86,0.88835540,1
1505427377,21248527,197.86,2.60638835,1
1505427376,21248519,197.85,1.00000000,0
1505427375,21248509,197.86,2.55128396,0
1505427375,21248506,197.86,0.88835540,0
1505427371,21248490,197.87,4.43672400,0
1505427368,21248479,197.89,15.25331909,0
1505427368,21248474,197.04,0.00000141,1
1505427367,21248470,197.05,2.56177000,0
1505427366,21248466,197.05,1.10528443,1
1505427360,21248443,197.94,1.10528443,1
1505427357,21248435,197.02,15.85144000,1
1505427357,21248433,197.03,13.15000000,1
1505427356,21248430,197.93,0.52834192,0
1505427356,21248428,197.02,1.63654600,1
1505427355,21248427,197.02,1.48689400,1
1505427355,21248426,197.02,13.15000000,1
1505427355,21248425,197.02,15.35397600,1
1505427338,21248354,196.99,0.01643360,0
1505427338,21248352,196.98,1.20084000,0
1505427337,21248344,196.99,1.20634299,0
1505427336,21248341,196.99,1.27290725,0
1505427336,21248337,196.68,0.47505746,0
1505427336,21248336,196.68,9.20140915,0
1505427335,21248329,196.99,3.48449159,0
1505427329,21248301,196.99,0.12259601,0
1505427328,21248300,196.99,1.20084000,0
1505427319,21248283,198.00,0.54131399,0
1505427319,21248282,197.10,9.84953000,0
1505427319,21248281,197.09,0.12259601,0
1505427287,21248221,197.09,0.85628197,0
1505427286,21248216,197.09,2.97249987,0
1505427283,21248210,197.09,2.97189100,0
1505427282,21248208,197.09,2.97128215,0
1505427270,21248184,197.00,11.01197511,0
1505427257,21248174,197.00,1.68648736,0
1505427252,21248155,197.00,3.66705584,0
1505427239,21248130,196.41,9.74121451,0
1505427234,21248113,196.41,0.60010649,0
1505427231,21248097,196.40,5.89811600,0
1505427230,21248095,196.40,4.33746100,0
1505427226,21248088,196.39,1.74416929,0
1505427224,21248086,196.39,8.59651671,0
1505427224,21248085,196.39,0.03370000,0
1505427224,21248084,196.38,0.03370000,0
1505427224,21248083,196.38,0.03370000,0
1505427224,21248082,196.38,0.03370000,0
1505427224,21248080,196.38,0.00002351,0
1505427224,21248079,196.37,0.03370000,0
1505427224,21248077,196.36,0.03370000,0
1505427215,21248064,196.36,0.03370000,0
1505427215,21248063,196.36,0.03370000,0
1505427215,21248062,196.36,0.03370000,0
1505427214,21248061,196.36,0.03370000,0
1505427213,21248059,196.35,0.22432182,0
1505427213,21248058,196.35,0.03370000,0
1505427213,21248057,196.35,0.03370000,0
1505427212,21248055,196.16,9.67986700,0
1505427206,21248039,196.16,0.16850000,0
1505427203,21248033,196.11,1.73101878,0
1505427202,21248030,196.11,1.07492600,0
1505427202,21248025,196.11,1.36131300,0
1505427201,21248018,196.11,1.19749304,0
1505427201,21248015,196.11,0.49589516,0
1505427199,21248004,196.11,1.17473302,0
1505427197,21247993,195.92,0.11534263,0
1505427196,21247989,195.91,0.24820000,0
1505427196,21247986,195.91,0.24820000,0
1505427190,21247967,195.90,0.24820000,0
1505427189,21247966,195.75,0.20100000,0
1505427181,21247940,195.73,0.20100000,0
1505427181,21247938,195.73,0.20100000,0
1505427149,21247853,195.00,1.61505719,0
1505427148,21247847,195.00,0.39000000,0
1505427148,21247845,195.00,0.39032401,1
1505427148,21247844,195.00,0.38999000,1
1505427148,21247842,195.00,0.38804162,1
1505427147,21247841,195.13,0.39000000,1
1505427147,21247838,195.15,0.39000000,1
1505427145,21247830,195.00,0.00194996,0
1505427145,21247829,195.00,0.38804162,0
1505427139,21247815,194.99,7.39992053,0
1505427133,21247772,195.00,0.94303081,0
1505427133,21247771,194.40,1.21696919,0
1505427130,21247757,194.13,0.00424605,0
1505427129,21247746,194.13,0.84496351,0
1505427128,21247741,194.12,1.00000000,1
1505427128,21247737,194.13,0.65079044,0
1505427125,21247724,194.42,1.86733887,0
1505427125,21247722,194.41,0.60266113,0
1505427123,21247714,194.12,3.01209055,1
1505427119,21247699,194.42,0.24997428,0
1505427118,21247697,194.42,9.87272055,0
1505427118,21247695,194.40,0.14392945,0
1505427117,21247686,194.40,0.10607055,0
1505427114,21247674,194.42,0.29762409,0
1505427114,21247671,194.42,1.72909896,0
1505427112,21247657,194.43,0.13517828,0
1505427112,21247652,194.43,0.99994849,0
1505427100,21247615,194.46,2.00000000,0
1505427094,21247605,194.48,3.90415960,0
1505427091,21247596,194.12,7.75614000,1
1505427075,21247560,194.12,1.00000000,1
1505427056,21247514,194.12,7.70588700,1
1505427056,21247513,194.12,12.00000000,1
1505427051,21247509,194.12,11.16666700,1
1505427039,21247498,194.12,9.21545000,1
1505427038,21247496,194.12,3.61786524,1
1505427031,21247482,194.12,6.55135999,1
1505427031,21247481,194.13,1.00000000,1
1505427027,21247471,194.12,2.00000000,1
1505426990,21247408,194.13,1.98665843,1
1505426986,21247399,194.13,7.30957100,1
1505426986,21247398,194.13,3.01000000,0
1505426903,21247269,195.00,7.94432200,0
1505426903,21247268,194.53,0.61000000,0
1505426903,21247267,194.44,0.30000000,0
1505426903,21247266,194.44,12.92000000,0
1505426893,21247252,194.46,0.36420504,0
1505426822,21247143,194.13,0.61394842,1
1505426822,21247142,194.14,0.07020707,1
1505426818,21247137,195.00,0.30000000,1
1505426817,21247134,195.01,0.36520053,1
1505426817,21247132,195.01,9.21218600,1
1505426815,21247127,195.09,0.62232815,0
1505426801,21247089,195.01,0.36825560,1
1505426799,21247084,195.01,1.00000000,1
1505426787,21247056,195.01,0.52780489,1
1505426784,21247052,195.01,0.38352917,1
1505426782,21247046,195.01,1.00000000,1
1505426775,21247041,195.01,0.32465620,1
1505426772,21247037,195.06,1.34648774,1
1505426758,21247017,195.06,0.44099200,1
1505426745,21246996,195.06,0.37814200,1
1505426734,21246988,195.06,7.66367900,1
1505426715,21246965,195.06,5.55168883,1
1505426711,21246962,195.06,12.55147800,1
1505426710,21246961,195.06,18.73035843,1
1505426710,21246960,195.07,0.30000000,1
1505426710,21246959,195.07,2.84213057,1
1505426605,21246893,195.07,0.28601504,1
1505426574,21246868,195.07,6.76094900,1
1505426558,21246857,195.07,1.02428181,1
1505426556,21246854,195.07,2.95037891,1
1505426556,21246852,195.09,7.43122109,1
1505426553,21246850,195.09,0.90796732,1
1505426542,21246837,195.09,1.86606182,1
1505426504,21246809,195.09,0.82382356,1
1505426503,21246804,195.09,4.98929000,1
1505426503,21246803,195.09,0.05976580,1
1505426502,21246802,195.09,0.28738872,1
1505426498,21246793,195.13,0.68548000,1
1505426475,21246765,195.75,0.20100000,1
1505426415,21246647,195.89,0.49708441,0
1505426415,21246643,195.89,0.18574508,0
1505426407,21246614,195.11,1.25200000,1
1505426402,21246582,195.92,0.24818686,1
1505426402,21246580,195.92,0.96092314,1
1505426398,21246568,195.91,1.50000000,1
1505426363,21246524,195.83,0.00520868,0
1505426286,21246461,195.83,1.50678432,0
1505426286,21246460,195.83,0.19324641,0
1505426250,21246366,195.83,1.05421308,0
1505426250,21246365,195.82,0.40600000,0
1505426250,21246364,195.82,0.29900000,0
1505426250,21246362,195.74,0.04678219,0
1505426245,21246359,195.51,0.48857400,1
1505426238,21246351,195.53,0.56888180,0
1505426238,21246349,195.52,0.60102000,0
1505426227,21246313,195.07,2.26490400,1
1505426227,21246312,195.07,27.72047600,1
1505426227,21246311,195.07,2.99746167,1
1505426227,21246310,195.08,0.05463815,1
1505426227,21246309,195.09,0.00000018,1
1505426226,21246306,195.09,11.73865700,1
1505426226,21246305,195.09,0.75080200,1
1505426226,21246303,195.10,0.29900000,1
1505426226,21246301,195.10,0.60102000,1
1505426216,21246283,195.53,0.59973601,0
1505426208,21246271,195.09,0.83826000,1
1505426208,21246269,195.10,2.77000000,1
1505426206,21246265,195.10,3.60826000,1
1505426206,21246264,195.55,0.14851700,1
1505426206,21246262,195.54,0.29800000,0
1505426205,21246261,195.10,3.60826000,1
1505426202,21246254,195.10,3.60826000,1
1505426195,21246233,195.58,2.76173157,0
1505426181,21246223,195.63,3.38710406,0
1505426180,21246222,195.63,1.66006235,0
1505426123,21246114,195.12,1.20000000,0
1505426121,21246108,195.52,0.80000000,1
1505426105,21246078,195.94,0.60920173,1
1505426102,21246073,195.94,4.26000000,1
1505426091,21246056,195.94,0.22586400,1
1505426091,21246054,195.94,3.45180312,1
1505426046,21245997,195.94,0.43122900,1
1505426022,21245954,195.94,0.79700100,1
1505425919,21245840,195.94,0.89273500,1
1505425874,21245797,195.94,1.95412400,1
1505425835,21245762,195.94,0.45363600,1
1505425813,21245725,195.94,13.19543000,1
1505425808,21245717,195.94,2.94838600,1
1505425781,21245667,195.94,1.51380200,1
1505425763,21245653,196.33,1.00000000,0
1505425761,21245650,195.94,4.41690000,1
1505425749,21245630,195.94,0.77195987,1
1505425744,21245625,195.94,1.93002738,1
1505425723,21245593,195.94,1.07458597,1
1505425695,21245580,196.42,0.02846649,1
1505425695,21245579,196.42,0.00521000,1
1505425644,21245528,196.42,0.09479000,1
1505425634,21245505,195.95,1.21540000,1
1505425619,21245458,196.42,1.21245000,0
1505425619,21245455,196.42,3.05030945,0
1505425617,21245450,195.94,0.96822300,1
1505425603,21245435,195.94,1.74708300,1
1505425537,21245330,195.94,5.20402393,1
1505425537,21245329,196.21,1.22000000,1
1505425537,21245328,196.21,4.29000000,1
1505425537,21245327,196.22,0.02846649,1
1505425537,21245326,196.22,1.22000000,1
1505425536,21245325,196.22,1.22000000,1
1505425536,21245324,196.22,1.19850958,1
1505425528,21245310,196.22,0.02149042,1
1505425528,21245308,196.22,0.47850958,1
1505425518,21245290,196.22,0.74149042,1
1505425500,21245236,196.22,1.22000000,1
1505425500,21245235,196.22,0.39785852,1
1505425500,21245232,196.22,3.89214148,1
1505425500,21245231,196.53,2.93262502,1
1505425499,21245229,196.54,0.40600000,1
1505425495,21245224,196.53,6.95206834,1
1505425492,21245219,196.53,1.66053600,1
1505425483,21245160,196.53,6.33436831,1
1505425483,21245159,196.54,0.29800000,1
1505425474,21245136,196.53,1.97024100,1
1505425472,21245132,196.53,2.05863203,1
1505425472,21245131,196.53,1.74860800,1
1505425462,21245090,196.53,4.48457300,1
1505425461,21245089,196.55,1.00000000,1
1505425449,21245054,196.53,4.33000000,1
1505425448,21245053,196.53,9.28000000,1
1505425430,21245030,196.53,0.00083930,1
1505425430,21245028,196.54,1.22000000,1
1505425429,21245027,196.54,0.27471672,1
1505425415,21245015,196.54,2.62583500,1
1505425412,21245010,196.54,41.21000000,1
1505425396,21244981,196.54,1.03789028,1
1505425396,21244980,196.55,4.06210972,1
1505425392,21244969,196.54,0.82000000,1
1505425391,21244966,196.54,0.82000000,1
1505425388,21244963,196.53,0.82000000,1
1505425387,21244960,196.53,3.47000000,1
1505425386,21244955,196.53,0.41000000,1
1505425386,21244953,195.95,0.40000000,0
1505425385,21244951,195.95,0.41000000,0
1505425385,21244949,195.95,0.41000000,0
1505425384,21244946,195.95,3.47000000,0
1505425384,21244943,195.95,0.41000000,0
1505425381,21244935,196.52,0.81000000,1
1505425381,21244932,195.95,0.41000000,0
1505425380,21244928,196.49,0.40800000,0
1505425380,21244927,195.95,3.88000000,0
1505425379,21244926,195.95,0.81200000,0
1505425379,21244925,195.95,0.40800000,1
1505425378,21244924,196.51,3.88755000,1
1505425378,21244923,196.51,1.21245000,1
1505425364,21244901,196.51,2.19672742,1
1505425359,21244895,196.49,0.74823768,1
1505425346,21244859,196.42,0.40525180,1
1505425342,21244853,196.97,0.49554459,0
1505425335,21244841,197.81,0.61732531,0
1505425335,21244840,196.98,5.10000000,0
1505425327,21244821,197.47,0.62000000,0
1505425326,21244820,197.07,1.20895000,0
1505425326,21244819,197.00,7.36095864,0
1505425326,21244818,196.99,1.00000000,0
1505425326,21244817,196.98,1.34162853,0
1505425292,21244763,196.19,0.79617000,1
1505425278,21244706,197.16,1.20895000,0
1505425267,21244687,197.16,2.72555422,0
1505425263,21244671,197.16,0.36177494,0
1505425261,21244668,197.98,2.45948543,0
1505425261,21244667,197.87,0.58000000,0
1505425260,21244665,195.32,1.00000000,1
1505425256,21244662,197.16,6.52537861,1
1505425254,21244659,197.16,0.27139975,0
1505425254,21244658,196.92,0.40800000,0
1505425237,21244612,195.20,0.93374158,1
1505425237,21244611,195.21,0.24600000,1
1505425234,21244608,196.26,5.85860959,0
1505425234,21244607,196.26,1.21440579,0
1505425233,21244606,196.25,13.26000000,0
1505425213,21244581,196.27,0.27060025,0
1505425213,21244580,196.27,0.73065975,0
1505425199,21244558,195.08,0.05447460,0
1505425198,21244556,195.08,3.64689708,1
1505425145,21244481,195.35,0.67618515,0
1505425143,21244478,195.98,1.07123981,1
1505425125,21244449,195.99,1.98911800,1
1505425105,21244426,196.04,0.15250000,1
1505425104,21244424,196.02,0.15227195,0
1505425103,21244423,196.30,0.00015282,1
1505425089,21244411,196.31,1.21440579,1
1505425086,21244407,196.30,0.99984718,1
1505425068,21244384,195.99,0.74064342,1
1505425068,21244383,196.00,0.40800000,1
1505425068,21244382,196.28,0.02846649,1
1505424982,21244302,196.10,1.26716997,1
1505424974,21244293,197.74,0.10540502,1
1505424974,21244292,197.44,1.15263132,0
1505424972,21244290,197.43,1.20737033,0
1505424966,21244282,196.07,0.16765209,1
1505424955,21244269,196.01,18.04081718,1
1505424863,21244134,196.20,1.15263132,0
1505424863,21244132,196.20,0.09700000,0
1505424862,21244130,196.76,0.63536868,1
1505424862,21244129,196.77,1.00000000,1
1505424862,21244128,196.78,1.11000000,1
1505424849,21244064,197.06,1.11037033,1
1505424841,21244049,197.04,4.19093000,1
1505424840,21244048,197.06,0.29600000,1
1505424837,21244040,197.88,1.10583108,0
1505424835,21244035,197.05,0.41336400,1
1505424834,21244034,197.05,4.48693000,1
1505424829,21244025,197.02,3.50951300,1
1505424829,21244024,197.03,10.15000000,1
1505424820,21244015,197.00,4.36180517,0
1505424816,21243998,196.82,3.85766088,1
1505424815,21243997,197.00,0.94649100,0
1505424808,21243988,197.00,0.06851700,0
1505424806,21243983,197.00,5.98360406,0
1505424805,21243979,197.00,0.91363805,0
1505424803,21243970,197.00,0.87025380,0
1505424802,21243967,197.00,0.50764000,0
1505424779,21243891,197.00,1.00126000,0
1505424768,21243871,197.00,1.06673379,0
1505424761,21243861,197.00,0.50126003,0
1505424761,21243860,197.00,1.29192120,0
1505424761,21243858,196.98,3.00972877,0
1505424755,21243848,196.97,3.80291000,0
1505424755,21243847,196.76,1.00000000,0
1505424751,21243840,196.98,0.99027123,1
1505424751,21243839,197.00,1.06574377,0
1505424745,21243831,196.99,1.06851711,0
1505424741,21243813,196.99,0.50763998,0
1505424737,21243802,196.99,0.94649020,0
1505424735,21243795,196.98,0.07378253,1
1505424733,21243792,197.00,0.10233503,0
1505424726,21243771,196.98,1.06345801,1
1505424723,21243758,196.98,0.23489943,0
1505424719,21243744,196.85,1.19376012,0
1505424693,21243661,195.98,18.74257243,0
1505424692,21243652,195.98,2.02239476,0
1505424686,21243636,195.98,4.90000000,0
1505424685,21243633,195.98,4.90000000,0
1505424684,21243632,195.98,4.90000000,0
1505424683,21243631,195.98,4.90000000,0
1505424683,21243629,195.98,4.90000000,0
1505424682,21243626,195.98,4.90000000,0
1505424677,21243618,195.98,1.84166367,0
1505424676,21243615,195.98,0.82028391,0
1505424676,21243613,195.98,3.17177475,0
1505424675,21243607,195.98,1.53250331,0
1505424674,21243605,195.88,3.72330000,0
1505424674,21243604,195.83,0.02609066,1
1505424673,21243603,195.83,3.72330000,0
1505424673,21243602,195.83,3.72330000,0
1505424673,21243601,195.83,1.18615786,0
1505424671,21243596,195.83,0.81761500,0
1505424671,21243592,195.83,0.71118229,0
1505424670,21243585,195.83,1.00834485,0
1505424670,21243584,195.82,0.15876042,0
1505424669,21243583,195.82,3.56453958,0
1505424669,21243581,195.81,2.00000000,0
1505424669,21243580,195.81,1.99997554,0
1505424573,21243400,195.80,0.13436088,1
1505424572,21243396,195.80,3.72330000,0
1505424527,21243336,196.26,1.72332446,1
1505424527,21243333,195.99,2.00000000,0
1505424525,21243328,195.98,1.21389000,0
1505424504,21243290,194.97,1.93810815,1
1505424502,21243285,195.03,2.55476102,1
1505424490,21243261,194.98,0.04375044,1
1505424487,21243253,194.96,2.00000000,0
1505424471,21243225,194.89,0.41898084,0
1505424461,21243216,195.54,0.02305824,1
1505424395,21243105,195.54,2.00000000,1
1505424377,21243073,195.54,0.15894176,1
1505424312,21242956,196.74,1.00126000,0
1505424301,21242940,195.55,2.64733897,1
1505424300,21242939,195.84,1.21389000,1
1505424275,21242912,196.78,3.69143206,0
1505424253,21242890,197.45,5.13014000,0
1505424253,21242889,197.44,4.55000000,1
1505424252,21242887,196.81,2.39000000,0
1505424245,21242874,197.48,1.22759197,1
1505424245,21242873,197.48,4.20961686,0
1505424243,21242872,196.81,0.11448000,0
1505424214,21242834,195.82,4.90000000,1
1505424144,21242667,197.97,1.51122953,1
1505424144,21242666,197.97,2.30106526,1
1505424142,21242657,195.93,0.04893418,0
1505424130,21242619,195.66,4.76977188,0
1505424109,21242528,195.54,0.29800000,1
1505424107,21242505,193.71,4.20961686,0
1505424105,21242500,194.07,0.29800000,1
1505424093,21242459,195.78,1.51052237,1
1505424093,21242455,194.96,1.20580000,0
1505424092,21242454,194.95,1.20580000,0
1505424092,21242453,194.95,0.07787763,0
1505424082,21242415,194.95,1.12792237,0
1505424082,21242413,194.86,8.87207763,0
1505424081,21242409,194.86,1.17247973,0
1505424080,21242405,194.86,1.40143164,0
1505424076,21242375,194.95,5.02304125,1
1505424070,21242358,193.59,1.15826945,0
1505424070,21242355,193.59,1.53924918,0
1505424062,21242333,193.93,4.22613946,0
1505424062,21242331,193.92,1.22595000,0
1505423960,21242134,194.24,0.05406000,0
1505423955,21242129,193.56,3.75154023,1
1505423937,21242099,193.82,0.10593444,0
1505423936,21242094,193.82,7.07083714,1
1505423925,21242062,194.37,0.94979487,0
1505423906,21242036,195.77,1.20577712,1
1505423906,21242033,195.51,0.64000000,1
1505423904,21242025,194.41,2.89983206,0
1505423904,21242024,194.40,0.09995002,0
1505423901,21242016,194.40,0.10000000,1
1505423778,21241806,196.38,0.07472941,0
1505423698,21241627,196.98,1.27507834,0
1505423693,21241615,197.00,0.47547565,0
1505423692,21241613,196.99,2.44000000,0
1505423690,21241611,195.23,2.08893090,1
1505423690,21241610,195.23,0.35106910,1
1505423687,21241601,197.00,4.19043752,0
1505423683,21241592,195.23,2.44000000,1
1505423648,21241517,196.50,2.49797521,0
1505423646,21241514,198.16,1.03451756,1
1505423646,21241513,198.16,0.41491723,1
1505423646,21241511,198.04,0.62000000,0
1505423638,21241501,198.22,0.19679329,0
1505423638,21241500,198.22,0.29200000,0
1505423637,21241498,196.45,20.13040700,1
1505423629,21241490,193.56,1.50440773,1
1505423629,21241489,193.88,0.59000000,1
1505423629,21241488,193.89,96.23800000,1
1505423628,21241487,195.00,0.10000000,1
1505423628,21241486,195.00,2.00000000,1
1505423628,21241485,195.00,0.96000000,1
1505423628,21241484,195.00,1.00000000,1
1505423628,21241483,195.00,0.61000000,1
1505423628,21241482,196.00,1.00000000,1
1505423628,21241481,196.35,1.38814683,1
1505423628,21241480,196.36,18.62600000,1
1505423627,21241479,196.50,3.00000000,1
1505423627,21241478,196.70,0.20000000,1
1505423627,21241477,197.00,0.42342559,1
1505423567,21241347,197.04,1.75430000,1
1505423541,21241287,197.00,0.61190587,1
1505423541,21241285,198.20,0.00024288,1
1505423539,21241279,198.20,0.48575712,1
1505423533,21241255,198.65,0.42897600,1
1505423532,21241254,198.66,3.09999259,0
1505423532,21241253,198.66,0.00000741,0
1505423531,21241250,198.65,32.57900000,1
1505423527,21241235,198.70,2.33190741,1
1505423515,21241213,198.73,4.36660368,1
1505423507,21241194,198.73,5.00000000,1
1505423506,21241193,198.73,0.60956000,1
1505423505,21241189,198.73,4.27967595,1
1505423503,21241186,198.73,1.92329000,1
1505423502,21241179,198.73,11.86138700,1
1505423501,21241176,198.73,0.49802800,1
1505423501,21241175,198.73,0.60000000,1
1505423479,21241149,198.73,1.00000000,1
1505423468,21241121,199.12,0.81051627,0
1505423460,21241106,198.73,11.47444500,1
1505423449,21241092,198.73,7.27207765,1
1505423445,21241040,198.73,2.41920272,1
1505423442,21241036,198.73,8.50000000,1
1505423416,21241001,199.18,3.08696790,1
1505423415,21241000,199.06,0.25440000,0
1505423415,21240999,199.06,0.25440000,0
1505423415,21240997,199.05,0.25440000,0
1505423413,21240992,198.89,0.17243397,0
1505423412,21240989,198.73,6.28933800,1
1505423410,21240985,199.17,0.25438803,1
1505423408,21240982,199.17,1.70685111,0
1505423387,21240958,198.73,0.90000000,1
1505423383,21240954,199.24,0.50000000,0
1505423364,21240927,198.73,8.00639200,1
1505423363,21240926,198.80,1.22595000,1
1505423363,21240925,198.81,0.74000000,1
1505423342,21240902,199.48,3.76147985,0
1505423336,21240889,199.50,0.70000000,0
1505423319,21240874,199.60,3.66447895,0
1505423318,21240873,199.59,7.07083691,1
1505423318,21240872,199.28,0.57000000,0
1505423318,21240870,199.14,1.22383000,0
1505423290,21240846,198.79,19.41671000,1
1505423263,21240813,198.78,20.27878689,1
1505423263,21240812,198.78,24.23328041,1
1505423263,21240811,198.79,0.41593270,1
1505423238,21240787,198.79,0.43478500,1
1505423214,21240766,198.79,15.82200000,1
1505423182,21240735,198.79,5.00000000,1
1505423171,21240727,198.79,2.56058230,1
1505423171,21240726,198.79,15.05050267,1
1505423171,21240722,198.79,9.18279733,1
1505423171,21240721,198.79,6.20677018,1
1505423169,21240719,198.79,0.46093300,1
1505423167,21240716,198.79,0.93226800,1
1505423166,21240710,198.79,0.67732900,1
1505423164,21240702,198.79,0.31735800,1
1505423160,21240695,198.79,15.63864182,1
1505423160,21240694,198.80,23.28336718,1
1505423128,21240657,198.80,0.94993282,1
1505423128,21240655,199.00,0.00008200,1
1505423124,21240648,199.00,0.18082100,1
1505423113,21240613,199.55,4.44226000,0
1505423113,21240611,199.54,0.39900000,0
1505423110,21240596,199.01,5.85104500,1
1505423094,21240535,199.00,0.81909700,1
1505423086,21240521,199.02,1.21975477,1
1505423076,21240494,199.50,2.12834289,1
1505423074,21240488,199.50,1.49305711,1
1505423073,21240486,199.50,3.62140000,1
1505423073,21240484,199.50,3.62140000,1
1505423073,21240483,199.51,0.88600834,1
1505423073,21240481,199.53,0.29200000,1
1505423071,21240475,200.02,0.08613455,1
1505423062,21240453,200.14,0.00016633,0
1505423062,21240451,200.13,4.44536053,1
1505423060,21240448,200.13,0.39900000,0
1505423055,21240440,200.02,0.36286367,1
1505423053,21240435,200.02,1.18964500,1
1505423053,21240434,200.03,0.39900000,1
1505423034,21240390,200.26,1.20428443,0
1505423034,21240389,200.25,0.10000000,0
1505423034,21240386,200.16,0.61000000,0
1505423032,21240385,200.15,0.20381734,0
1505423032,21240384,200.15,1.97790213,0
1505422992,21240358,200.02,0.41785821,1
1505422982,21240330,200.02,5.01429857,1
1505422981,21240327,200.24,1.99640431,0
1505422968,21240302,200.04,4.20745629,1
1505422961,21240295,200.17,0.49832642,0
1505422951,21240274,200.04,2.44196161,1
1505422912,21240212,200.05,20.68385300,1
1505422906,21240203,200.05,2.95520896,1
1505422901,21240194,200.04,0.42138210,1
1505422875,21240151,200.25,0.19518266,0
1505422871,21240146,200.05,3.56674800,1
1505422824,21240095,200.05,3.35254023,1
1505422822,21240090,200.06,0.39900000,1
1505422787,21240049,200.05,2.14890000,1
1505422508,21239861,200.26,1.14561100,0
1505422505,21239856,200.26,0.43253425,0
1505422492,21239842,200.04,7.07080000,1
1505422489,21239841,199.69,23.92337362,0
1505422489,21239840,200.02,0.06360000,0
1505422489,21239839,200.03,0.06360000,0
1505422489,21239838,200.03,0.06360000,0
1505422489,21239837,200.03,0.06360000,1
1505422488,21239836,200.03,0.06360000,1
1505422488,21239835,200.04,0.06360000,0
1505422488,21239834,200.04,0.06360000,0
1505422488,21239833,200.04,0.06360000,0
1505422488,21239832,200.04,0.06360000,1
1505422488,21239831,200.04,0.06360000,1
1505422487,21239830,200.05,0.69639179,1
1505422487,21239829,200.06,0.06360000,1
1505422486,21239828,200.07,0.06360000,1
1505422486,21239827,200.07,0.06360000,1
1505422486,21239826,200.07,0.06360000,1
1505422486,21239825,200.07,0.76000000,1
1505422484,21239822,200.02,0.06360821,0
1505422483,21239821,199.67,7.89124083,1
1505422483,21239820,199.68,7.07083714,1
1505422482,21239817,200.02,0.69639179,0
1505422471,21239802,199.72,0.10000000,1
1505422471,21239801,200.01,1.22383000,1
1505422466,21239797,199.99,0.78658300,1
1505422466,21239796,199.99,1.22397441,1
1505422466,21239795,200.01,0.05682275,1
1505422436,21239771,200.26,4.90000000,0
1505422332,21239699,200.01,1.34067225,0
1505422331,21239696,200.01,0.20034900,0
1505422331,21239695,199.99,1.22398000,0
1505422319,21239671,200.01,2.96495175,1
1505422318,21239667,200.01,0.49402700,0
1505422317,21239665,200.00,0.78658848,0
1505422308,21239660,200.00,1.04943152,1
1505422308,21239659,200.01,1.22398000,1
1505422308,21239657,200.01,0.94000000,1
1505422272,21239631,200.00,0.00002260,0
1505422271,21239627,200.00,2.99997740,0
1505422212,21239575,200.00,0.33654500,0
1505422212,21239574,200.00,1.54061773,0
1505422212,21239573,199.99,0.00753227,0
1505422211,21239571,199.99,0.48746773,0
1505422207,21239563,200.00,1.54970300,0
1505422186,21239546,200.00,1.42393287,0
1505422179,21239542,199.85,0.49500000,1
1505422172,21239537,200.26,0.50404474,0
1505422134,21239508,200.26,1.24523120,0
1505422130,21239499,200.26,10.18294017,0
1505422129,21239497,200.25,0.94000000,0
1505422079,21239461,200.26,3.30660141,0
1505422078,21239458,200.26,2.41119585,0
1505422062,21239447,200.26,1.47376766,0
1505422056,21239445,200.26,10.17305699,0
1505422056,21239444,200.14,5.50000000,0
1505422056,21239443,200.03,1.22351000,0
1505422056,21239442,200.01,0.29100000,0
1505422054,21239439,200.00,7.07083714,0
1505422017,21239371,199.51,1.67591015,1
1505422015,21239368,199.53,2.41000000,1
1505421963,21239322,199.51,1.05948151,1
1505421959,21239316,200.23,2.41000000,0
1505421958,21239315,199.01,3.04799927,1
1505421957,21239314,199.00,3.62142956,0
1505421957,21239312,199.00,5.00000000,1
1505421957,21239311,199.85,1.22351000,1
1505421953,21239304,199.01,2.92533511,1
1505421953,21239303,199.01,5.52125043,1
1505421953,21239302,199.05,1.82679066,1
1505421952,21239301,199.04,4.99274964,1
1505421952,21239298,199.01,6.90377796,1
1505421952,21239297,199.01,13.79043082,1
1505421951,21239296,199.03,0.29100000,1
1505421944,21239276,199.84,0.24449600,1
1505421939,21239248,200.26,14.72635573,0
1505421939,21239246,200.13,3.00000000,0
1505421939,21239245,200.00,1.00000000,0
1505421937,21239238,199.82,1.22366000,0
1505421936,21239235,199.99,4.99274964,0
1505421867,21239150,199.01,3.77049319,1
1505421859,21239140,199.78,1.00000000,1
1505421826,21239081,199.88,0.03562699,0
1505421805,21239046,199.01,8.48887653,1
1505421805,21239045,199.06,4.90000000,0
1505421805,21239044,199.06,2.01562047,0
1505421805,21239043,199.82,0.29772000,1
1505421803,21239039,199.84,0.10539808,1
1505421803,21239038,199.84,0.19238492,1
1505421794,21239026,199.84,0.19238492,1
1505421793,21239023,199.82,2.01562047,1
1505421792,21239018,199.88,0.09761508,0
1505421767,21238977,199.01,10.97365000,1
1505421765,21238968,200.00,0.50000000,1
1505421765,21238966,200.00,0.50000000,1
1505421754,21238931,200.35,6.27000000,1
1505421747,21238917,200.35,9.53623067,1
1505421747,21238916,200.36,0.20053000,1
1505421746,21238913,200.35,7.83470700,1
1505421746,21238910,200.36,0.29000000,1
1505421741,21238896,200.91,0.20000000,0
1505421740,21238894,200.35,2.29378583,1
1505421731,21238870,200.35,6.34664333,1
1505421721,21238833,200.36,1.98757237,1
1505421717,21238821,200.36,0.20917349,1
1505421717,21238814,200.36,1.02006389,1
1505421716,21238806,200.91,0.90000000,0
1505421713,21238797,200.36,1.19370152,1
1505421712,21238793,200.36,12.82157100,1
1505421711,21238786,200.36,10.02541200,1
1505421710,21238780,200.36,0.88812400,1
1505421709,21238773,200.36,10.02541200,1
1505421704,21238761,200.36,0.43021100,1
1505421696,21238738,200.94,0.49766099,1
1505421696,21238737,200.94,1.12426001,1
1505421681,21238697,201.52,0.04954776,0
1505421681,21238696,201.52,0.64499569,0
1505421680,21238695,201.35,1.95000000,1
1505421679,21238693,201.35,2.21631148,0
1505421678,21238689,200.94,1.81959999,0
1505421677,21238688,200.94,1.12425551,0
1505421675,21238680,200.37,1.21078900,1
1505421675,21238679,200.43,0.95390000,1
1505421671,21238671,200.94,0.12087453,0
1505421671,21238668,200.37,0.95391147,0
1505421667,21238661,200.37,0.25688265,0
1505421648,21238644,200.36,0.10000000,1
1505421642,21238639,200.37,0.01172457,1
1505421641,21238638,200.37,1.21140543,1
1505421615,21238582,201.52,1.00126000,1
1505421584,21238539,200.43,0.10000000,1
1505421582,21238536,201.66,0.10000000,1
1505421556,21238494,201.66,0.45385200,0
1505421554,21238492,201.66,1.20700288,0
1505421501,21238449,201.04,1.21906400,0
1505421501,21238448,201.04,0.39500000,0
1505421501,21238447,201.03,0.23261500,0
1505421457,21238365,200.35,5.00000000,1
1505421453,21238348,200.35,2.99421009,1
1505421438,21238324,200.35,0.66576700,1
1505421401,21238222,200.94,4.16776902,1
1505421399,21238214,200.99,4.66872151,1
1505421397,21238203,200.99,3.65557138,1
1505421395,21238199,200.99,1.40842904,1
1505421384,21238168,200.99,3.65860581,1
1505421383,21238166,200.99,10.22759844,1
1505421372,21238141,201.33,0.08181986,1
1505421362,21238125,201.33,0.28271987,1
1505421361,21238121,201.33,0.15848200,1
1505421359,21238118,201.33,0.63924294,1
1505421358,21238116,201.33,0.86955700,1
1505421353,21238102,201.33,0.18447321,1
1505421348,21238098,201.33,9.66636860,1
1505421348,21238095,201.33,0.09190038,1
1505421347,21238090,201.33,0.65103400,1
1505421346,21238084,201.33,1.02303476,1
1505421346,21238078,201.33,4.34896100,1
1505421345,21238076,201.33,0.65101423,1
1505421343,21238064,201.33,8.95895400,1
1505421342,21238061,201.33,0.09189651,1
1505421341,21238056,201.33,1.28954793,1
1505421339,21238052,201.33,0.72418071,1
1505421338,21238044,201.33,16.49431200,1
1505421338,21238043,201.33,3.79250100,1
1505421333,21238013,201.34,1.20015645,1
1505421333,21238012,201.34,0.50000000,1
1505421328,21237994,201.38,5.00000000,1
1505421328,21237993,201.62,0.57007000,1
1505421286,21237905,201.61,0.23261500,1
1505421286,21237904,201.91,0.28700000,1
1505421284,21237901,201.90,0.64899400,1
1505421262,21237873,202.50,0.40126000,0
1505421261,21237870,202.50,1.51753191,0
1505421261,21237869,202.50,0.28700000,0
1505421261,21237867,202.29,0.60000000,0
1505421260,21237864,202.14,0.60000000,0
1505421223,21237833,201.87,1.21554000,0
1505421168,21237794,201.42,5.77800470,0
1505421167,21237793,201.42,1.21554000,0
1505421167,21237791,201.71,0.01290000,1
1505421167,21237790,201.87,1.40000000,1
1505421165,21237788,201.89,1.69355530,1
1505421110,21237747,202.27,0.00000500,0
1505421109,21237745,202.27,1.21334500,0
1505421099,21237738,202.29,4.76274593,0
1505421098,21237737,202.29,1.98759019,0
1505421098,21237736,202.28,2.96003200,0
1505421098,21237735,202.27,9.97000000,0
1505421017,21237593,202.00,0.88291649,1
1505421017,21237592,202.01,1.21335000,1
1505421017,21237591,202.02,0.28700000,1
1505421015,21237587,202.67,1.69356030,0
1505421008,21237582,202.00,0.04893418,1
1505421006,21237579,202.00,0.06814394,1
1505421006,21237577,202.00,0.00000539,0
1505420994,21237549,202.00,1.64948800,0
1505420992,21237544,202.00,1.93949900,0
1505420988,21237535,202.00,7.07083714,0
1505420921,21237483,202.00,1.00000000,0
1505420886,21237468,201.99,0.48081818,0
1505420838,21237433,201.99,0.23475063,0
1505420838,21237432,201.99,1.21346000,0
1505420824,21237428,201.71,0.61020000,1
1505420813,21237423,202.02,0.50000000,1
1505420792,21237396,202.04,2.30943000,1
1505420779,21237370,202.24,1.00126000,0
1505420778,21237367,202.24,1.20641614,0
1505420767,21237346,202.33,5.90648937,1
1505420764,21237341,202.33,4.90000000,1
1505420764,21237340,202.33,2.41307886,1
1505420750,21237308,202.27,0.06814394,1
1505420750,21237307,202.28,0.39806209,1
1505420739,21237289,202.13,1.67949385,1
1505420739,21237288,202.15,1.71570615,1
1505420732,21237263,202.13,2.04700300,1
1505420731,21237257,202.13,2.91000000,1
1505420730,21237254,202.13,0.91000000,1
1505420730,21237253,202.14,1.14505115,0
1505420729,21237252,202.14,0.85403285,0
1505420729,21237251,202.13,0.91000000,1
1505420729,21237250,202.13,0.91036600,1
1505420728,21237245,202.14,0.91035915,0
1505420720,21237229,202.14,0.23030000,0
1505420718,21237225,202.14,2.90530800,0
1505420718,21237222,202.11,6.60480000,1
1505420715,21237214,202.27,0.48380164,0
1505420712,21237200,202.11,2.17134697,1
1505420712,21237199,202.12,0.39500000,1
1505420711,21237197,202.14,1.21346000,1
1505420703,21237178,202.15,2.56974663,1
1505420690,21237155,202.40,0.41783597,0
1505420663,21237140,202.40,1.11595800,0
1505420662,21237139,202.46,3.79135200,0
1505420662,21237138,202.45,0.39700000,0
1505420636,21237112,202.46,0.49268991,0
1505420618,21237090,201.45,0.62306400,0
1505420617,21237088,201.46,0.39700000,1
1505420604,21237073,202.47,1.00004939,0
1505420592,21237018,202.48,1.02000197,0
1505420591,21237017,202.47,2.75980500,0
1505420577,21237004,201.23,2.00000000,1
1505420541,21236979,202.67,4.92179405,0
1505420521,21236967,202.80,5.48979500,0
1505420514,21236951,202.00,0.10000000,0
1505420514,21236950,202.00,0.94626075,0
1505420514,21236949,201.96,2.69891300,0
1505420514,21236948,201.95,0.16409709,0
1505420514,21236947,201.77,0.94130469,0
1505420511,21236946,201.95,0.23290291,0
1505420511,21236945,201.78,0.10421509,0
1505420511,21236944,201.62,0.07227000,0
1505420501,21236934,201.62,0.49543000,0
1505420491,21236923,201.34,0.49543061,0
1505420484,21236907,201.34,10.00000000,0
1505420480,21236898,201.34,0.34036952,0
1505420479,21236896,201.24,0.15514200,0
1505420472,21236887,201.00,0.94130469,1
1505420457,21236862,200.99,19.75434000,1
1505420457,21236861,201.00,1.86000000,1
1505420454,21236855,201.39,0.20480000,1
1505420452,21236852,201.26,0.58000000,0
1505420452,21236851,201.25,1.21520000,0
1505420358,21236719,201.00,1.54205453,1
1505420353,21236717,201.42,2.39637968,0
1505420349,21236714,201.43,0.99041851,0
1505420331,21236693,200.99,6.62673382,1
1505420331,21236692,201.20,6.66110000,1
1505420331,21236691,201.25,1.56660618,1
1505420330,21236690,201.32,0.21656000,1
1505420291,21236664,201.32,0.60240000,1
1505420290,21236663,201.25,5.09449382,1
1505420290,21236662,201.25,6.66110000,1
1505420290,21236661,201.26,1.52181818,1
1505420289,21236660,201.27,8.18290000,1
1505420289,21236659,201.27,8.18290000,1
1505420289,21236658,201.28,8.18290000,1
1505420289,21236657,201.29,0.39700000,1
1505420289,21236656,201.31,0.39624000,1
1505420247,21236620,201.78,0.23288491,0
1505420247,21236619,201.77,0.33710000,0
1505420245,21236614,201.76,0.39540000,0
1505420217,21236586,201.30,0.39540000,1
1505420211,21236578,201.91,0.33708087,0
1505420210,21236577,201.90,0.61000000,1
1505420210,21236576,201.90,0.28800000,0
1505420199,21236569,201.94,4.00000000,0
1505420188,21236552,201.96,1.99297010,0
1505420188,21236551,201.40,0.53526779,0
1505420183,21236543,201.40,2.00000000,0
1505420142,21236458,201.30,1.70950000,1
1505420124,21236449,201.40,0.84711921,0
1505420083,21236419,201.40,0.61761300,0
1505420059,21236384,201.38,3.79982056,1
1505420042,21236361,202.00,1.00000000,0
1505420038,21236360,201.40,3.00000000,1
1505420008,21236315,201.29,1.58200000,1
1505420008,21236314,201.31,0.28800000,1
1505420008,21236313,201.31,13.13000000,1
1505420005,21236307,202.00,1.23465347,0
1505420003,21236299,201.00,6.66108182,0
1505419997,21236278,201.00,1.52182078,0
1505419997,21236269,201.00,0.49751244,0
1505419993,21236251,201.00,5.19648458,0
1505419981,21236194,200.62,2.23010326,0
1505419976,21236180,200.62,2.39495564,0
1505419976,21236178,200.62,3.79982056,0
1505419969,21236137,200.62,0.07398956,0
1505419969,21236135,200.51,1.64471044,0
1505419968,21236124,200.51,1.20261135,0
1505419966,21236118,200.51,1.20242682,0
1505419966,21236115,200.51,0.11799910,0
1505419965,21236109,200.51,1.19895738,0
1505419964,21236105,200.51,0.56067927,0
1505419964,21236104,200.51,0.11790784,0
1505419962,21236101,200.51,1.20875148,0
1505419961,21236097,200.51,2.38833947,0
1505419955,21236074,200.41,0.35761685,0
1505419954,21236073,200.37,0.77975205,0
1505419954,21236069,200.37,1.20196164,0
1505419952,21236064,200.37,1.20051955,0
1505419951,21236061,200.37,14.53150808,0
1505419950,21236059,200.37,57.28625868,0
1505419950,21236057,200.36,5.13425732,0
1505419948,21236049,200.36,3.07971547,0
1505419948,21236046,200.36,0.49910162,0
1505419945,21236034,200.36,10.00000000,0
1505419944,21236030,200.36,2.49397403,0
1505419943,21236028,200.36,26.05688600,0
1505419941,21236016,200.36,0.82060000,0
1505419940,21236011,200.36,26.91546556,0
1505419940,21236010,200.36,49.07553444,0
1505419939,21236009,200.36,2.12252547,0
1505419938,21236005,200.36,1.00000000,0
1505419936,21236001,200.36,0.93087442,0
1505419936,21236000,200.36,5.50000000,0
1505419935,21235994,200.36,0.54726492,0
1505419933,21235987,200.36,1.32676182,0
1505419932,21235976,200.36,1.72000000,0
1505419930,21235969,200.36,5.00000000,0
1505419927,21235957,200.36,1.33085446,0
1505419923,21235936,200.36,0.47307924,0
1505419922,21235921,200.36,2.34343473,0
1505419921,21235915,200.36,3.62967050,0
1505419921,21235912,200.36,2.39766950,0
1505419920,21235909,200.36,7.02809464,0
1505419919,21235902,200.36,6.89464400,0
1505419916,21235893,200.04,0.47492398,0
1505419915,21235891,200.00,5.52298138,0
1505419915,21235890,200.00,0.49998072,0
1505419915,21235889,200.00,1.00000000,0
1505419915,21235888,200.00,1.00000000,0
1505419914,21235884,200.00,11.97365000,0
1505419912,21235882,199.99,2.14873400,0
1505419912,21235881,199.99,5.88574686,0
1505419911,21235879,199.99,1.79228961,0
1505419910,21235875,199.99,23.88401000,0
1505419909,21235872,199.99,5.00000000,0
1505419907,21235865,199.99,1.79153957,0
1505419903,21235854,199.99,1.79073953,0
1505419902,21235851,199.99,9.57483199,0
1505419902,21235849,199.77,17.70883219,0
1505419901,21235845,199.77,4.84628150,1
1505419901,21235841,199.99,1.79073953,0
1505419898,21235832,199.99,1.79013950,0
1505419897,21235825,199.99,27.27391370,0
1505419896,21235820,199.99,4.43043369,0
1505419895,21235811,199.99,1.79013950,0
1505419894,21235807,199.99,39.38014303,0
1505419894,21235805,199.99,250.00000000,0
1505419894,21235804,199.99,210.61985697,0
1505419892,21235788,199.76,1.79229837,1
1505419890,21235761,199.99,1.72320000,0
1505419876,21235704,199.99,23.84831000,0
1505419866,21235681,199.99,0.43108300,0
1505419855,21235658,199.99,13.37755003,0
1505419855,21235657,199.99,75.91971378,0
1505419855,21235656,199.98,60.19773619,0
1505419844,21235639,199.98,0.42646800,0
1505419817,21235603,199.98,0.42649700,0
1505419796,21235548,199.75,15.64327800,1
1505419789,21235530,199.75,3.00000000,1
1505419787,21235523,199.75,3.00000000,1
1505419785,21235514,199.75,0.50362100,1
1505419784,21235512,199.75,2.88996300,1
1505419778,21235490,199.69,11.39888030,0
1505419778,21235489,199.62,0.05759466,0
1505419778,21235488,199.61,2.17083714,0
1505419776,21235479,199.62,0.94785088,0
1505419742,21235357,199.64,0.21914446,0
1505419738,21235351,199.69,2.00000000,0
1505419733,21235343,199.44,3.56661900,0
1505419732,21235342,199.65,4.90000000,0
1505419678,21235252,198.74,4.90000000,0
1505419677,21235251,198.74,4.90000000,0
1505419666,21235241,198.66,4.90000000,0
1505419637,21235206,198.60,4.33583034,0
1505419636,21235204,198.60,4.90000000,0
1505419621,21235186,198.53,4.28332750,1
1505419620,21235185,198.54,1.48663184,1
1505419611,21235175,198.50,0.00001880,0
1505419611,21235174,198.50,1.90510000,0
1505419601,21235163,198.50,2.45023804,0
1505419592,21235149,198.35,5.58420530,0
1505419592,21235148,198.54,0.50362647,1
1505419591,21235146,198.56,0.48594883,1
1505419590,21235145,198.56,0.17586623,1
1505419576,21235122,198.60,4.00000000,0
1505419562,21235091,198.60,11.76416966,0
1505419562,21235090,198.60,0.39565987,0
1505419535,21235069,198.60,0.50226586,0
1505419530,21235064,198.60,5.41807427,0
1505419530,21235061,198.57,6.31600000,0
1505419530,21235060,198.56,0.00001573,0
1505419526,21235056,198.56,0.79648468,0
1505419519,21235047,198.56,1.00345972,0
1505419491,21235014,198.56,4.51603987,0
1505419491,21235012,198.56,0.14698597,0
1505419459,21234976,198.55,0.20708553,0
1505419457,21234970,198.55,0.83082068,0
1505419455,21234961,198.55,1.00702000,0
1505419447,21234945,198.56,0.51742401,0
1505419447,21234943,198.56,0.50362611,0
1505419421,21234886,198.23,18.91738703,0
1505419421,21234885,198.23,1.97213341,0
1505419421,21234883,198.22,0.43016959,0
1505419420,21234875,198.22,0.26629394,0
1505419415,21234865,198.22,0.03869006,0
1505419405,21234862,198.22,0.16281900,0
1505419405,21234861,198.22,0.12676269,0
1505419357,21234829,198.23,0.10064067,0
1505419296,21234800,198.20,1.17609834,1
1505419289,21234798,198.22,0.45869849,0
1505419286,21234795,198.22,0.95048600,0
1505419275,21234770,198.20,0.57220808,1
1505419271,21234755,198.20,1.99717552,1
1505419269,21234750,198.20,6.61000000,1
1505419268,21234746,198.21,0.17871198,1
1505419264,21234731,198.22,1.22459000,1
1505419242,21234686,198.23,13.77701500,1
1505419242,21234685,198.48,1.22298500,1
1505419185,21234619,198.56,3.71933053,0
1505419185,21234618,198.56,0.78907054,0
1505419175,21234607,198.56,0.63956284,0
1505419174,21234602,198.55,4.24643035,0
1505419093,21234499,198.53,2.00126000,0
1505419073,21234475,198.54,0.82314679,0
1505419072,21234473,198.48,1.22299000,0
1505419070,21234469,198.21,1.22352884,1
1505419054,21234443,198.21,0.40000000,1
1505419043,21234427,198.25,0.42971939,0
1505419042,21234426,198.23,2.56487438,0
1505419041,21234421,198.25,1.22299000,1
1505419041,21234420,198.26,6.00207562,1
1505419036,21234404,198.30,1.99555988,1
1505418972,21234341,198.55,2.18063848,0
1505418953,21234309,198.26,3.24940000,1
1505418943,21234291,198.17,0.73475000,0
1505418942,21234287,198.10,1.90331853,0
1505418941,21234283,198.10,27.17388000,0
1505418941,21234281,198.10,2.32968197,0
1505418927,21234261,198.09,1.19950813,0
1505418925,21234255,198.09,2.45152898,0
1505418920,21234245,198.03,8.47144373,0
1505418916,21234238,198.03,0.17290157,1
1505418893,21234201,197.99,4.14000000,0
1505418846,21234121,197.99,0.81964780,0
1505418819,21234089,197.99,5.00000000,0
1505418809,21234067,197.09,9.96008800,1
1505418806,21234058,197.98,8.81950740,0
1505418806,21234057,197.94,1.18049260,0
1505418801,21234049,197.94,0.04440740,0
1505418798,21234044,197.02,3.60442907,1
1505418793,21234039,197.99,5.53735037,0
1505418793,21234038,197.98,0.04534310,0
1505418791,21234036,197.93,13.31000000,0
1505418787,21234025,197.02,4.00000000,0
1505418776,21233993,197.01,0.30700000,1
1505418776,21233992,198.14,1.33515309,1
1505418774,21233978,198.14,30.07171300,1
1505418772,21233977,198.14,17.17076662,1
1505418771,21233973,198.14,1.10653215,1
1505418770,21233971,198.14,1.39261000,1
1505418769,21233967,198.14,17.44946000,1
1505418767,21233959,198.14,0.77534564,1
1505418767,21233958,198.14,0.40130871,1
1505418766,21233956,198.14,0.31942542,1
1505418764,21233947,198.14,0.99827600,1
1505418763,21233933,198.14,72.41600000,1
1505418762,21233925,198.14,3.10717848,1
1505418761,21233913,198.14,1.13237586,1
1505418756,21233888,198.14,1.10676610,1
1505418753,21233871,198.14,2.33152850,1
1505418752,21233867,198.14,2.28080000,1
1505418750,21233855,198.14,2.62226000,1
1505418750,21233851,198.14,1.07801818,1
1505418745,21233821,198.14,4.31801000,1
1505418741,21233807,198.14,0.42977480,1
1505418741,21233804,198.14,7.45827795,1
1505418740,21233803,198.14,6.21350905,1
1505418740,21233802,198.14,5.10977760,1
1505418738,21233794,198.14,0.26211743,1
1505418737,21233790,198.14,1.36584600,1
1505418732,21233786,198.14,0.34385000,1
1505418729,21233777,198.14,0.42977480,1
1505418729,21233776,198.14,0.63985194,1
1505418727,21233760,198.14,0.27027247,1
1505418726,21233746,198.14,0.66702529,1
1505418724,21233736,198.14,6.65773741,1
1505418722,21233730,198.14,0.33609441,1
1505418721,21233722,198.14,3.53415125,1
1505418718,21233713,198.14,0.42778919,1
1505418714,21233691,198.15,1.00704000,0
1505418710,21233679,198.14,0.29200000,1
1505418709,21233671,198.14,0.68202800,1
1505418701,21233647,198.14,72.25700000,1
1505418699,21233639,198.16,12.94314000,1
1505418692,21233614,198.16,0.18641497,1
1505418677,21233561,198.16,1.14525000,1
1505418675,21233550,198.44,2.90714409,0
1505418674,21233539,198.16,1.14525000,1
1505418670,21233519,198.16,4.87131000,1
1505418668,21233511,198.16,0.19100000,1
1505418667,21233508,198.16,1.00119712,1
1505418666,21233496,198.16,6.03546000,1
1505418664,21233487,198.16,0.42903724,1
1505418662,21233478,198.16,5.72814893,1
1505418662,21233475,198.16,28.75729910,1
1505418661,21233472,198.16,1.13483000,1
1505418659,21233454,198.16,3.00000000,1
1505418656,21233433,198.16,4.07579550,1
1505418645,21233343,198.16,2.91681567,1
1505418636,21233304,198.74,2.50971118,1
1505418634,21233293,198.81,1.13291021,1
1505418632,21233275,198.81,13.30866900,1
1505418630,21233269,198.81,4.01343800,1
1505418630,21233267,198.81,29.80201000,1
1505418630,21233266,198.81,1.28733265,1
1505418629,21233259,198.81,1.09454177,1
1505418628,21233253,198.81,0.50000000,1
1505418626,21233243,198.81,1.11697000,1
1505418623,21233228,198.81,0.21339491,1
1505418622,21233224,198.81,4.76205000,1
1505418620,21233214,198.81,4.76205000,1
1505418618,21233211,198.81,4.76205000,1
1505418617,21233196,198.81,1.17680523,1
1505418616,21233194,198.81,0.75180900,1
1505418612,21233190,198.84,3.41250000,1
1505418576,21233123,198.82,5.60000000,1
1505418568,21233106,199.86,0.88736241,0
1505418559,21233089,198.85,1.71715959,1
1505418551,21233076,198.81,8.18056962,0
1505418551,21233075,198.81,0.29200000,0
1505418551,21233074,198.82,13.31000000,0
1505418550,21233073,199.00,2.00000000,1
1505418550,21233071,199.02,0.47327718,1
1505418550,21233069,199.02,2.00000000,1
1505418544,21233053,200.03,1.13418641,1
1505418540,21233043,200.03,1.23643082,1
1505418539,21233036,200.03,2.39616376,1
1505418538,21233034,200.03,5.11195000,1
1505418536,21233029,200.03,0.09580200,1
1505418535,21233026,200.03,19.45324497,1
1505418535,21233025,200.03,0.42553191,1
1505418535,21233023,200.03,28.43330391,1
1505418535,21233022,200.03,40.77405009,1
1505418534,21233014,200.03,8.71300500,1
1505418534,21233013,200.03,2.40087100,1
1505418534,21233012,200.03,77.70000000,1
1505418534,21233011,200.03,1.31958024,1
1505418534,21233010,200.04,0.14831476,1
1505418533,21233007,200.04,1.07658524,1
1505418500,21232967,200.03,0.03265600,1
1505418489,21232959,200.30,0.27116100,1
1505418489,21232958,200.30,0.22860708,1
1505418489,21232956,200.32,0.19388977,1
1505418477,21232932,200.33,11.21005800,1
1505418475,21232931,200.33,4.85460800,1
1505418469,21232927,200.33,3.99170000,1
1505418451,21232921,200.33,15.51023350,1
1505418451,21232920,200.33,0.19169408,1
1505418444,21232829,200.33,1.32444000,1
1505418424,21232796,200.33,2.05995800,1
1505418420,21232791,200.33,5.14864213,1
1505418390,21232758,200.36,1.63722110,0
1505418388,21232757,200.35,3.10012559,0
1505418372,21232751,200.33,2.93669000,1
1505418369,21232750,200.33,6.84842900,1
1505418369,21232749,200.33,10.25461100,1
1505418341,21232723,200.33,2.00000000,1
1505418317,21232696,200.33,4.80213579,1
1505418317,21232695,200.33,4.19465421,1
1505418297,21232643,200.36,0.94903600,0
1505418294,21232636,200.33,3.75944853,1
1505418289,21232631,200.33,0.78987584,1
1505418284,21232617,200.33,7.39729442,1
1505418283,21232609,200.33,4.15478000,1
1505418220,21232568,200.35,1.94465540,0
1505418220,21232567,200.35,0.15534460,0
1505418219,21232566,200.33,15.27054700,1
1505418215,21232561,200.34,1.96147973,1
1505418209,21232550,200.34,9.30703500,1
1505418208,21232544,200.34,10.69113800,1
1505418196,21232535,200.36,3.14198393,0
1505418129,21232476,200.34,4.90000000,1
1505418113,21232461,200.34,4.90000000,1
1505418094,21232439,200.36,1.76456800,0
1505418075,21232407,200.35,0.10126000,0
1505418074,21232404,200.35,1.21321609,0
1505418074,21232402,200.35,50.00000000,0
1505418074,21232398,200.35,7.50126000,0
1505418042,21232358,200.34,0.62432373,1
1505418025,21232346,200.35,0.97894000,0
1505418024,21232345,200.35,3.75237412,1
1505418018,21232340,200.36,2.50549011,0
1505418016,21232338,200.36,2.95110000,0
1505418013,21232330,200.35,18.71000000,1
1505418006,21232316,200.35,4.90000000,1
1505418005,21232315,200.35,4.90000000,1
1505418004,21232313,200.35,4.90000000,1
1505418003,21232309,200.35,4.90000000,1
1505418002,21232307,200.35,4.90000000,1
1505417972,21232269,200.36,13.25039928,0
1505417970,21232266,200.36,8.04935000,0
1505417968,21232257,200.36,1.20203321,0
1505417968,21232254,200.36,0.19384552,0
1505417968,21232251,200.36,0.47427324,0
1505417967,21232248,200.35,2.99020788,1
1505417967,21232245,200.36,0.04382112,0
1505417965,21232238,200.36,3.80639848,0
1505417962,21232229,200.34,3.18262354,1
1505417962,21232228,200.35,5.39993936,1
1505417959,21232224,200.36,18.71007187,0
1505417953,21232213,200.32,1.68258200,0
1505417953,21232212,200.32,3.71739700,0
1505417951,21232208,200.32,1.99103000,0
1505417951,21232205,200.32,2.49544700,0
1505417950,21232198,200.30,0.27116614,0
1505417949,21232197,200.30,0.22883386,0
1505417945,21232182,200.32,0.34315095,0
1505417943,21232173,200.32,1.93453879,0
1505417943,21232172,200.31,0.63533970,0
1505417942,21232164,200.05,0.50000000,1
1505417933,21232153,200.31,0.58731030,0
1505417909,21232125,200.12,30.00000000,1
1505417905,21232123,200.31,0.74690495,0
1505417900,21232115,200.27,1.16918226,0
1505417898,21232114,200.26,0.69639469,0
1505417888,21232099,200.26,0.69656000,1
1505417888,21232098,200.26,0.47292976,1
1505417880,21232082,200.26,1.88650982,0
1505417872,21232066,200.04,0.38982200,1
1505417863,21232056,200.27,0.43780100,0
1505417857,21232051,200.04,0.38982204,1
1505417825,21231984,200.03,6.96879500,1
1505417824,21231981,200.03,3.55128900,1
1505417823,21231978,200.03,2.12758087,1
1505417791,21231913,200.03,1.19554300,1
1505417783,21231909,200.03,2.04392717,1
1505417783,21231908,200.03,1.65343342,1
1505417778,21231898,200.03,27.78819000,1
1505417776,21231892,200.31,3.16795934,0
1505417776,21231891,200.04,0.00001566,0
1505417764,21231876,200.03,1.06480700,1
1505417756,21231853,200.03,0.50000000,1
1505417755,21231848,200.03,3.00000000,1
1505417748,21231835,200.03,3.01000000,1
1505417748,21231834,200.03,0.50000000,1
1505417747,21231832,200.03,3.30000000,1
1505417745,21231830,200.03,1.50000000,1
1505417742,21231827,200.03,1.02235000,1
1505417731,21231813,200.04,0.04533070,1
1505417730,21231812,200.04,1.22265000,1
1505417706,21231781,200.31,2.47831024,0
1505417706,21231780,200.31,0.47213719,0
1505417705,21231779,200.30,1.22105000,0
1505417697,21231760,200.03,59.83392221,1
1505417697,21231759,200.03,17.63307779,1
1505417673,21231732,200.03,0.00006103,1
1505417673,21231731,200.04,1.22105000,1
1505417619,21231562,200.31,2.48989067,0
1505417618,21231556,200.04,1.21549481,1
1505417617,21231545,200.04,0.19307333,1
1505417615,21231541,200.04,1.21715751,1
1505417612,21231533,200.31,12.98492009,1
1505417612,21231530,200.31,2.51693517,1
1505417612,21231528,200.31,0.08984843,1
1505417607,21231509,200.31,0.94164442,1
1505417604,21231494,200.32,2.00126000,0
1505417603,21231489,200.32,1.68346706,0
1505417600,21231470,200.32,1.00706000,0
1505417598,21231464,200.31,1.09202011,1
1505417595,21231447,200.31,0.34337104,1
1505417590,21231426,200.31,0.34337104,1
1505417585,21231412,200.31,0.34335655,1
1505417584,21231410,200.31,0.10000000,1
1505417580,21231404,200.31,0.17506981,0
1505417580,21231402,200.30,1.21948081,0
1505417567,21231380,200.04,18.78400000,1
1505417567,21231379,200.04,5.18909270,1
1505417567,21231378,200.05,0.05113000,1
1505417559,21231322,200.05,1.16835081,1
1505417555,21231291,200.31,0.29579152,0
1505417553,21231286,200.30,2.83114724,0
1505417545,21231255,200.32,1.39663596,0
1505417545,21231254,200.32,0.96363760,1
1505417545,21231250,200.31,0.47062109,0
1505417543,21231247,200.30,0.22890684,0
1505417542,21231245,200.06,20.00000000,1
1505417520,21231165,200.31,0.88191119,1
1505417519,21231156,200.31,0.16806135,0
1505417519,21231152,200.04,1.25400000,1
1505417518,21231147,200.09,0.29100000,1
1505417518,21231143,200.10,0.29100000,1
1505417518,21231140,200.11,0.29100000,1
1505417517,21231131,200.23,0.29100000,1
1505417517,21231127,200.23,0.29100000,1
1505417516,21231122,200.23,0.29100000,1
1505417497,21231048,200.31,2.73188538,0
1505417477,21231019,200.31,1.00089861,0
1505417463,21230997,200.32,5.60000000,0
1505417459,21230983,200.32,3.13074081,0
1505417459,21230980,200.32,12.45012979,0
1505417448,21230920,200.03,5.06957714,1
1505417446,21230913,199.95,0.18769900,0
1505417446,21230912,199.90,4.10097513,0
1505417432,21230862,199.95,3.15153788,0
1505417427,21230834,199.95,1.05026257,0
1505417421,21230778,199.95,0.47980583,0
1505417420,21230771,199.95,4.78198073,0
1505417419,21230768,199.94,2.00126000,0
1505417415,21230752,199.95,3.00000000,0
1505417412,21230736,199.95,0.47358791,0
1505417412,21230730,199.95,2.29475303,0
1505417410,21230715,198.68,3.90084534,1
1505417410,21230714,198.69,1.71715959,1
1505417410,21230712,199.92,0.47265507,1
1505417408,21230704,199.95,10.00000000,0
1505417402,21230661,199.92,0.47091079,0
1505417400,21230640,199.87,0.15629266,0
1505417399,21230633,199.87,1.34338213,0
1505417399,21230626,199.87,0.50032521,0
1505417398,21230618,199.86,0.24637095,0
1505417392,21230590,199.83,1.71715959,0
1505417385,21230514,199.91,10.00000000,0
1505417361,21230416,199.27,3.00000000,0
1505417315,21230306,198.37,4.96549083,1
1505417307,21230275,198.33,0.37176872,1
1505417306,21230272,198.34,2.72603843,1
1505417305,21230266,199.38,0.88286220,0
1505417303,21230256,198.31,0.75340000,1
1505417301,21230250,198.82,1.07220000,1
1505417301,21230248,198.82,1.07220000,1
1505417301,21230247,198.82,1.07220000,1
1505417298,21230236,199.92,2.72603843,1
1505417296,21230225,199.91,1.22016918,0
1505417287,21230199,198.29,1.07215173,0
1505417287,21230198,198.28,7.85549038,0
1505417287,21230196,198.27,0.03737772,0
1505417286,21230194,198.27,0.47754072,1
1505417284,21230183,199.39,0.02497617,0
1505417281,21230170,198.14,0.51117516,1
1505417281,21230167,198.17,4.62000000,0
1505417280,21230165,198.18,0.17790000,1
1505417280,21230161,198.27,1.97510447,0
1505417279,21230159,198.27,1.01172768,0
1505417279,21230153,198.27,1.09617646,0
1505417278,21230146,198.27,2.60791623,1
1505417275,21230133,198.26,3.52531413,0
1505417275,21230130,199.00,0.50000000,1
1505417275,21230128,199.00,3.42656100,0
1505417269,21230062,199.67,2.11560293,0
1505417263,21230032,199.00,0.80987441,0
1505417263,21230028,199.05,3.10012559,1
1505417263,21230025,199.69,4.32514525,0
1505417260,21230010,199.69,2.58147465,0
1505417252,21229974,199.70,0.10000000,1
1505417251,21229971,199.70,0.90000000,1
1505417249,21229957,199.95,0.49865027,0
1505417249,21229956,200.00,5.00010000,1
1505417248,21229954,200.00,0.09000000,1
1505417248,21229952,200.00,0.06907687,1
1505417248,21229951,200.00,0.40000000,1
1505417247,21229949,200.01,2.42118200,1
1505417247,21229947,200.01,4.59341900,1
1505417247,21229946,200.01,2.91274500,1
1505417246,21229938,200.01,1.41420300,1
1505417246,21229937,200.01,5.00000000,1
1505417246,21229935,200.01,5.10902100,1
1505417246,21229933,200.01,2.90363700,1
1505417245,21229929,200.01,1.41950300,1
1505417245,21229926,200.01,1.69283700,1
1505417245,21229923,200.01,2.91712400,1
1505417245,21229919,200.01,5.59503600,1
1505417243,21229910,200.01,0.64235800,1
1505417241,21229887,200.31,0.49230230,0
1505417233,21229842,201.00,10.00000000,1
1505417214,21229672,200.65,0.28413380,1
1505417207,21229631,200.65,0.46806413,1
1505417198,21229601,201.01,0.46797125,1
1505417194,21229594,201.98,3.48383417,0
1505417194,21229593,201.97,0.39500000,0
1505417194,21229591,201.00,0.35116583,0
1505417193,21229589,201.00,0.07184601,1
1505417192,21229586,201.00,0.46664177,1
1505417192,21229585,201.00,1.16947804,1
1505417186,21229567,201.00,1.10690980,1
1505417186,21229565,200.87,3.39099840,1
1505417183,21229551,201.99,1.37126000,1
1505417182,21229538,201.69,0.63000000,0
1505417176,21229500,200.84,1.70928395,1
1505417172,21229485,200.83,6.93011677,1
1505417140,21229354,201.90,6.05932134,0
1505417139,21229351,201.89,7.51000000,0
1505417139,21229349,201.80,2.21197016,0
1505417121,21229221,201.89,0.63036229,0
1505417121,21229219,201.89,0.28800000,0
1505417121,21229216,201.88,1.21367000,0
1505417107,21229140,201.90,2.96433878,0
1505417107,21229137,201.90,2.96433878,0
1505417107,21229136,201.90,2.96433878,0
1505417106,21229132,201.89,1.29156900,0
1505417104,21229119,201.90,0.10000000,0
1505417104,21229114,200.07,0.39838164,0
1505417103,21229106,200.57,0.09850000,1
1505417103,21229104,200.58,0.09850000,1
1505417103,21229102,200.58,0.09850000,1
1505417102,21229101,202.00,5.00000000,1
1505417102,21229099,202.00,9.98079045,1
1505417102,21229096,202.00,5.46238791,1
1505417100,21229078,202.89,1.82323667,0
1505417100,21229076,202.51,0.59000000,0
1505417097,21229047,202.00,0.96563714,1
1505417094,21229029,202.00,2.94852573,1
1505417090,21229004,202.01,4.23488505,1
1505417090,21229003,202.02,0.11445356,1
1505417089,21228989,202.02,0.23065215,1
1505417088,21228975,202.02,0.04989429,1
1505417087,21228974,202.02,0.37011495,1
1505417086,21228963,202.02,0.22988505,1
1505417081,21228933,202.50,1.70928395,0
1505417080,21228929,202.50,0.10030818,0
1505417080,21228928,202.50,3.45445725,1
1505417079,21228926,202.49,0.39200000,0
1505417079,21228924,202.44,0.41872540,0
1505417078,21228918,202.02,0.60000000,0
1505417076,21228910,202.01,0.95632296,1
1505417071,21228898,202.00,0.52113125,1
1505417071,21228894,202.01,0.58724578,1
1505417069,21228884,202.02,4.90000000,1
1505417060,21228845,202.01,4.57392372,1
1505417056,21228832,202.01,10.19761291,1
1505417056,21228830,202.23,4.25903572,1
1505417056,21228829,202.25,0.39535228,1
1505417056,21228827,202.44,1.78887909,1
1505417029,21228759,202.49,17.07027113,1
1505417029,21228758,202.50,1.96818887,1
1505417028,21228756,202.50,0.41872540,1
1505417027,21228751,202.50,2.51308573,1
1505417012,21228722,203.05,1.08749483,1
1505417010,21228710,203.05,0.91250517,1
1505417008,21228701,203.08,0.28800000,1
1505417006,21228658,203.07,3.60565705,1
1505417006,21228643,203.07,2.39627831,1
1505417006,21228642,203.07,15.01001000,1
1505417005,21228636,203.09,7.07082614,1
1505417002,21228631,203.32,0.97087000,0
1505417001,21228629,203.32,1.21156183,1
1505417001,21228627,203.32,1.20190092,1
1505417000,21228624,203.32,1.21433880,1
1505416998,21228622,203.32,2.37219845,1
1505416990,21228604,203.31,0.24280000,0
1505416974,21228567,204.00,2.94955007,0
1505416963,21228533,204.03,4.90000000,0
1505416962,21228531,204.03,4.90000000,0
1505416961,21228527,204.03,4.90000000,0
1505416960,21228521,204.03,4.90000000,0
1505416959,21228509,203.87,0.00005847,1
1505416959,21228504,203.87,7.50043116,1
1505416957,21228499,203.87,0.50437703,1
1505416956,21228491,203.87,7.95160746,0
1505416956,21228489,203.86,0.41635440,0
1505416955,21228487,203.82,0.23415584,0
1505416955,21228484,203.81,0.67904627,1
1505416955,21228482,203.81,0.50462926,1
1505416953,21228474,203.81,4.39537074,0
1505416922,21228307,203.18,1.24092821,1
1505416912,21228277,203.81,1.58599702,0
1505416900,21228260,203.08,0.43247428,1
1505416817,21228148,203.70,3.86447338,1
1505416816,21228147,203.70,1.30670461,0
1505416816,21228146,203.67,0.83008201,0
1505416807,21228134,203.68,3.99175177,0
1505416764,21228042,202.57,0.99955900,1
1505416731,21227985,203.66,0.02444772,0
1505416703,21227937,203.69,3.22755167,0
1505416684,21227900,203.82,0.09584405,0
1505416684,21227899,203.82,1.21075000,1
1505416683,21227891,203.70,0.14016779,1
1505416682,21227890,203.70,0.47000000,1
1505416682,21227888,203.70,2.00000000,0
1505416671,21227855,202.56,2.76515772,1
1505416671,21227853,202.75,11.33401528,1
1505416666,21227838,203.77,0.14683221,0
1505416664,21227834,203.77,1.98257840,0
1505416649,21227798,202.01,14.09917329,1
1505416649,21227794,202.44,0.39842605,1
1505416649,21227792,202.44,1.24688310,1
1505416649,21227788,202.45,0.49394596,1
1505416648,21227786,202.99,0.04968089,0
1505416648,21227784,203.01,7.55991429,1
1505416648,21227783,203.69,6.29870000,1
1505416647,21227782,203.77,0.33000000,1
1505416647,21227780,203.79,0.33000000,1
1505416647,21227779,203.81,0.33000000,1
1505416646,21227778,203.82,0.33000000,1
1505416645,21227776,203.84,0.00016492,1
1505416643,21227770,203.84,0.32983508,1
1505416638,21227754,203.85,2.44932517,0
1505416638,21227751,203.85,0.17412340,1
1505416637,21227749,203.85,2.11935370,1
1505416636,21227743,203.85,0.32999215,1
1505416636,21227740,203.85,0.32994170,1
1505416635,21227738,203.85,6.29869863,1
1505416635,21227733,203.85,0.32998499,1
1505416635,21227732,203.85,0.33000118,1
1505416633,21227722,203.85,0.32999402,1
1505416632,21227715,204.90,0.08819591,0
1505416632,21227714,204.88,3.52000000,0
1505416632,21227713,204.04,0.39180409,0
1505416629,21227703,204.04,0.02338589,0
1505416629,21227702,204.04,0.39200000,1
1505416609,21227647,204.51,0.43714883,1
1505416608,21227645,204.50,0.25000000,1
1505416602,21227626,203.99,3.74104547,1
1505416581,21227567,205.11,0.38046686,0
1505416580,21227565,205.11,0.41322314,0
1505416580,21227563,205.10,5.20631000,0
1505416579,21227551,205.10,4.58706065,1
1505416579,21227547,205.10,0.12100193,0
1505416579,21227545,205.10,0.12094142,0
1505416577,21227533,205.10,0.12100193,1
1505416572,21227496,205.11,1.63811896,0
1505416572,21227495,205.10,3.97997320,1
1505416572,21227494,205.11,0.12100180,1
1505416571,21227490,205.12,8.00000000,1
1505416563,21227466,206.09,0.88206018,0
1505416563,21227464,206.09,4.61304900,1
1505416562,21227463,206.08,1.05777100,1
1505416562,21227460,206.08,2.44711982,0
1505416549,21227442,203.96,3.47077200,1
1505416536,21227421,206.15,4.62371732,0
1505416528,21227397,205.03,3.60006500,0
1505416528,21227396,205.00,0.18769900,1
1505416528,21227395,205.00,0.32097526,1
1505416527,21227394,205.05,0.35179360,1
1505416527,21227393,205.09,50.00000000,1
1505416527,21227390,205.10,7.07083714,1
1505416517,21227373,205.87,0.09520784,0
1505416509,21227354,205.82,1.00000000,1
1505416497,21227336,205.90,0.08867596,0
1505416491,21227320,205.91,3.68203224,0
1505416491,21227316,205.91,0.94282000,0
1505416488,21227296,205.93,3.05161948,0
1505416487,21227288,205.06,4.23081000,1
1505416480,21227264,205.05,0.97100640,1
1505416480,21227263,205.05,1.32280000,1
1505416470,21227242,206.03,0.12100180,0
1505416468,21227237,205.06,1.32280000,1
1505416468,21227236,205.06,1.32280000,1
1505416466,21227230,205.07,9.05000000,1
1505416466,21227229,205.07,3.70325891,1
1505416465,21227227,205.07,2.64560000,1
1505416464,21227225,205.07,2.64560000,1
1505416464,21227223,205.07,5.80957197,1
1505416464,21227222,205.08,1.32280000,1
1505416464,21227221,206.00,1.05785303,1
1505416464,21227220,206.02,1.21075000,1
1505416460,21227204,206.98,2.33637046,1
1505416460,21227202,206.98,1.00000000,1
1505416459,21227198,206.98,1.59376772,0
1505416456,21227170,206.00,0.71300000,1
1505416456,21227169,206.01,0.28700000,1
1505416450,21227158,206.01,1.59376772,1
1505416447,21227153,206.92,0.90571419,0
1505416447,21227151,206.00,0.50000000,0
1505416447,21227149,205.96,0.32983508,0
1505416432,21227087,205.74,3.73452700,0
1505416431,21227075,205.00,0.00000191,0
1505416431,21227073,205.00,0.02101335,0
1505416429,21227061,205.00,0.02817665,0
1505416429,21227060,205.00,1.27359335,0
1505416423,21227033,205.00,0.76486829,0
1505416421,21227022,205.00,1.30111924,0
1505416420,21227017,205.00,4.83995242,0
1505416420,21227014,205.00,0.48780488,0
1505416419,21227010,205.00,0.68310055,0
1505416417,21227000,205.00,0.48358454,0
1505416412,21226981,204.99,0.80981121,0
1505416399,21226961,204.79,0.57661000,0
1505416394,21226945,204.79,3.44706407,0
1505416392,21226930,204.81,4.77838858,0
1505416392,21226929,204.80,6.87874253,0
1505416375,21226888,203.85,2.61231400,1
1505416375,21226887,204.06,1.64920000,1
1505416374,21226886,204.06,1.64920000,1
1505416374,21226884,204.07,1.64920000,1
1505416359,21226828,204.94,0.49658567,0
1505416356,21226821,204.96,0.54754472,1
1505416350,21226803,204.98,0.19209461,1
1505416350,21226800,204.98,0.57080857,1
1505416346,21226791,204.98,1.22864000,1
1505416346,21226790,204.98,4.73561300,1
1505416343,21226779,204.38,0.38377546,0
1505416343,21226778,204.37,1.28079592,0
1505416343,21226777,204.22,1.00612693,0
1505416343,21226776,204.05,1.64922327,0
1505416340,21226758,204.05,2.16386920,0
1505416340,21226757,204.00,1.00000000,0
1505416340,21226756,203.71,0.33000000,0
1505416334,21226720,203.01,4.84628150,0
1505416333,21226718,203.00,12.00000000,1
1505416333,21226717,203.00,1.67178700,1
1505416332,21226713,203.01,0.61433339,1
1505416323,21226683,202.97,3.74104547,1
1505416323,21226682,203.00,3.62524854,1
1505416323,21226680,203.01,0.77218261,1
1505416321,21226676,203.00,0.87475146,0
1505416321,21226675,202.97,1.00000000,0
1505416315,21226664,202.68,1.00000000,1
1505416315,21226659,202.87,2.07518605,0
1505416313,21226650,202.86,1.19340753,0
1505416310,21226627,202.45,0.00000316,0
1505416310,21226625,202.45,4.09383770,0
1505416310,21226624,202.44,0.39583230,0
1505416283,21226511,202.45,5.42074586,0
1505416278,21226506,202.45,0.79829885,0
1505416245,21226419,201.96,0.77218261,1
1505416245,21226418,201.96,1.20365419,0
1505416236,21226403,201.55,0.39583230,1
1505416227,21226391,201.51,0.01198442,0
1505416227,21226390,201.52,3.25869348,1
1505416225,21226388,202.44,1.20378897,1
1505416224,21226386,202.45,6.39813159,1
1505416223,21226384,201.97,1.89620000,0
1505416223,21226383,201.96,1.70692841,0
1505416223,21226382,201.96,0.18927159,0
1505416223,21226381,201.75,0.29300000,0
1505416222,21226380,201.95,2.17624569,1
1505416220,21226378,201.50,0.16929802,0
1505416220,21226377,201.50,2.65571629,0
1505416211,21226370,201.50,1.00000000,0
1505416209,21226367,201.50,2.47518610,0
1505416202,21226357,201.49,0.35618959,1
1505416200,21226353,201.45,4.17367626,0
1505416164,21226294,201.46,0.94971896,1
1505416159,21226282,201.46,0.80341904,0
1505416136,21226252,201.07,0.94971896,1
1505416069,21226182,201.03,1.23893000,1
1505416062,21226175,201.94,1.51793254,1
1505416062,21226173,201.02,0.39680159,0
1505416060,21226170,200.55,0.09852587,0
1505416059,21226162,200.55,0.30747117,0
1505416046,21226145,200.55,1.80996150,1
1505416042,21226135,200.55,0.40579731,1
1505416041,21226131,200.55,0.15392666,1
1505416038,21226125,200.55,25.18827264,1
1505416038,21226124,200.92,1.59705355,1
1505416038,21226123,200.96,2.15000000,1
1505416038,21226122,200.97,2.15000000,1
1505416038,21226121,201.00,10.31288557,1
1505416035,21226115,201.02,0.35618342,1
1505416016,21226077,201.34,0.00000237,1
1505416014,21226070,201.35,9.37997070,0
1505416010,21226066,201.35,7.07081093,0
1505416007,21226058,201.34,4.22720980,1
1505416001,21226050,201.33,4.43000000,0
1505415991,21226040,201.35,1.90000000,0
1505415990,21226039,201.35,0.79721238,0
1505415989,21226035,201.34,0.10378107,0
1505415987,21226026,201.35,7.07081094,1
1505415985,21226021,202.00,1.89619841,1
1505415983,21226020,202.00,1.00000000,0
1505415983,21226019,201.34,0.10380159,0
1505415961,21225994,201.34,0.29300000,0
1505415958,21225985,201.35,0.00000713,0
1505415950,21225976,201.35,1.23893000,1
1505415946,21225968,202.03,7.32827798,0
1505415946,21225967,202.03,0.30984507,0
1505415946,21225966,202.01,1.24553235,0
1505415946,21225965,202.01,4.91348300,1
1505415944,21225964,202.00,6.06957714,0
1505415874,21225811,202.00,5.00000000,0
1505415864,21225795,202.00,2.00126000,0
1505415863,21225794,202.00,2.91808553,0
1505415862,21225792,201.99,2.00126000,0
1505415860,21225789,201.96,1.00126000,0
1505415849,21225778,201.19,0.00000617,0
1505415848,21225776,201.19,7.00804588,1
1505415807,21225740,201.98,9.87727723,0
1505415805,21225738,201.99,0.99841576,0
1505415802,21225729,201.70,0.49069791,0
1505415801,21225726,201.70,2.83566109,0
1505415779,21225691,201.70,0.67271062,0
1505415779,21225690,201.69,0.32728938,0
1505415768,21225678,201.57,0.06871062,0
1505415766,21225672,201.35,4.28995293,0
1505415744,21225651,201.35,2.00126000,0
1505415743,21225647,201.35,2.00126000,0
1505415741,21225645,201.35,1.00126000,0
1505415740,21225644,201.35,1.00126000,0
1505415685,21225532,200.87,2.00761686,1
1505415683,21225521,200.19,2.50000000,0
1505415680,21225512,200.89,0.50000000,1
1505415641,21225389,200.81,1.81510794,1
1505415641,21225384,200.81,2.91230379,0
1505415640,21225380,200.81,1.18221040,0
1505415639,21225376,200.81,0.39600000,0
1505415637,21225365,201.36,0.40600400,1
1505415637,21225364,201.69,4.49050389,0
1505415636,21225361,201.36,1.00125600,1
1505415636,21225360,201.36,0.60000000,0
1505415635,21225359,200.81,0.16020708,0
1505415635,21225358,200.81,1.00125650,0
1505415633,21225355,200.80,0.00000350,0
1505415632,21225352,200.80,1.01600650,1
1505415631,21225349,200.80,1.48525350,0
1505415631,21225347,200.80,1.00126000,0
1505415626,21225331,200.81,3.03190050,1
1505415625,21225328,200.81,1.87038320,0
1505415620,21225322,198.46,0.06279126,1
1505415593,21225272,200.94,0.25316015,0
1505415589,21225262,200.98,7.81875386,1
1505415589,21225261,200.98,7.07083714,0
1505415574,21225169,201.05,1.24647839,0
1505415574,21225168,201.04,0.05463180,0
1505415574,21225167,201.04,4.37952717,0
1505415574,21225166,200.84,0.59000000,0
1505415570,21225164,198.23,1.63892013,1
1505415570,21225163,198.24,5.43191987,1
1505415566,21225152,201.05,4.99337179,1
1505415565,21225151,201.05,0.98008000,0
1505415565,21225149,200.35,0.31696052,0
1505415564,21225144,200.94,2.98867742,0
1505415558,21225137,200.97,0.10000000,0
1505415558,21225136,200.97,1.95104266,0
1505415557,21225132,198.19,2.06486502,1
1505415557,21225131,198.19,0.05513498,1
1505415556,21225124,198.20,6.38000000,1
1505415552,21225116,200.28,0.07608463,1
1505415552,21225114,200.28,0.97858084,1
1505415551,21225113,200.29,1.24552000,0
1505415549,21225108,201.05,0.61000000,0
1505415549,21225106,200.30,0.15876181,0
1505415549,21225105,200.30,0.44888511,0
1505415548,21225102,200.28,1.79363582,1
1505415547,21225097,200.00,0.15874995,0
1505415546,21225095,200.27,0.29500000,0
1505415545,21225093,198.19,0.12276502,1
1505415545,21225092,198.19,0.00001333,1
1505415544,21225086,199.04,0.39500000,1
1505415541,21225077,200.30,1.50019476,0
1505415541,21225076,200.29,1.12469740,0
1505415540,21225075,199.04,0.39500000,0
1505415537,21225069,198.19,2.56970935,0
1505415536,21225068,198.26,0.17790000,1
1505415536,21225065,198.48,1.79363358,1
1505415535,21225057,198.49,25.58500000,0
1505415535,21225056,199.00,0.10969845,1
1505415534,21225053,199.05,0.03201238,1
1505415523,21225037,200.00,0.15874487,1
1505415519,21225034,200.00,1.84125513,1
1505415519,21225033,200.30,0.15874482,1
1505415513,21225024,200.30,1.50000000,1
1505415500,21224985,200.12,3.25444034,0
1505415499,21224975,200.12,3.25442600,1
1505415498,21224974,201.35,0.17710454,0
1505415493,21224960,200.24,2.87258374,1
1505415485,21224915,200.19,4.83999396,1
1505415475,21224886,201.70,0.48353400,0
1505415475,21224884,201.60,0.08000000,0
1505415470,21224861,201.70,0.00000030,1
1505415469,21224858,201.70,1.80966800,1
1505415469,21224857,201.70,2.18225300,1
1505415467,21224846,201.70,3.59469509,1
1505415465,21224836,201.70,0.48948139,1
1505415459,21224822,201.70,0.49003387,1
1505415458,21224818,202.00,0.47789700,0
1505415457,21224810,201.70,0.26258000,1
1505415455,21224798,201.70,0.26197318,1
1505415454,21224790,201.70,1.20430810,1
1505415454,21224787,202.00,2.32671200,1
1505415453,21224774,202.00,15.98063800,1
1505415452,21224771,202.00,4.45448000,1
1505415452,21224769,202.01,1.24552000,1
1505415452,21224765,203.71,0.22532030,1
1505415451,21224764,203.65,4.90713979,0
1505415451,21224761,203.65,0.05868342,0
1505415451,21224758,203.63,0.76418013,0
1505415451,21224757,203.63,3.03033671,0
1505415450,21224755,202.03,0.23513220,1
1505415449,21224751,202.03,0.73929545,0
1505415448,21224739,202.01,0.30999900,1
1505415447,21224728,203.63,0.76418013,0
1505415446,21224727,203.63,0.52363582,0
1505415446,21224726,203.63,0.73193671,0
1505415446,21224725,203.62,0.08851600,0
1505415446,21224724,202.85,0.17000000,0
1505415446,21224723,202.84,0.14236533,0
1505415446,21224720,202.83,4.12271214,0
1505415439,21224694,202.00,1.31400000,1
1505415439,21224692,202.05,0.39500000,1
1505415429,21224661,203.62,29.03349376,1
1505415427,21224654,202.85,1.23446000,0
1505415422,21224636,202.98,0.00000191,1
1505415421,21224635,202.98,0.04919000,1
1505415420,21224632,202.99,0.56700000,0
1505415417,21224627,203.00,0.31492300,0
1505415417,21224626,202.86,1.02580000,0
1505415411,21224614,202.04,1.13360282,0
1505415410,21224612,202.04,0.28345900,0
1505415404,21224597,202.04,1.23446000,0
1505415403,21224596,203.00,8.66733818,1
1505415401,21224593,203.49,2.94117647,0
1505415400,21224592,203.52,0.64406446,1
1505415399,21224589,203.50,0.28345873,1
1505415399,21224584,203.50,1.61150000,1
1505415398,21224581,203.50,1.23147000,0
1505415398,21224574,203.00,1.16668509,1
1505415390,21224556,203.51,0.70089922,0
1505415378,21224522,202.00,0.92417000,1
1505415374,21224511,202.03,5.39061327,1
1505415374,21224510,203.00,0.44706190,1
1505415368,21224482,203.00,0.03291801,1
1505415368,21224476,203.00,0.28256185,1
1505415367,21224468,203.00,0.16000000,1
1505415367,21224464,203.62,0.49000000,0
1505415365,21224456,203.00,0.27663000,1
1505415365,21224454,203.01,1.00147000,1
1505415364,21224446,203.00,0.08411406,1
1505415358,21224419,203.01,0.23000000,1
1505415356,21224413,203.00,1.03509723,1
1505415355,21224403,203.00,4.11576300,1
1505415354,21224397,203.64,23.45207228,0
1505415353,21224392,203.63,0.90000000,1
1505415352,21224386,203.63,0.14226340,0
1505415349,21224372,203.00,4.92945000,1
1505415334,21224282,202.00,0.87475146,1
1505415334,21224281,203.65,0.67020965,1
1505415333,21224280,203.15,0.31719027,0
1505415333,21224279,202.56,0.11386008,0
1505415333,21224271,203.97,0.45613992,1
1505415332,21224261,203.65,4.45099987,1
1505415331,21224254,201.70,0.86502464,1
1505415331,21224250,203.97,5.77916519,1
1505415331,21224247,203.71,0.12283456,0
1505415331,21224245,203.71,3.00000000,1
1505415330,21224244,203.65,0.58970514,0
1505415330,21224241,201.79,1.34072292,0
1505415328,21224232,201.78,1.23898007,0
1505415327,21224223,201.70,0.86502464,1
1505415324,21224214,201.70,0.97411495,1
1505415322,21224211,201.79,1.90425690,0
1505415317,21224201,200.99,1.00000000,0
1505415316,21224193,201.00,3.00000000,0
1505415314,21224181,201.00,1.00000000,1
1505415307,21224162,201.01,1.00184414,1
1505415286,21224087,201.88,2.11725985,1
1505415286,21224083,201.88,1.63908055,0
1505415237,21223945,200.07,0.32617248,1
1505415231,21223929,200.05,1.34072292,1
1505415230,21223927,201.03,2.48122171,0
1505415226,21223907,200.03,0.92075000,1
1505415201,21223824,200.02,0.29500000,1
1505415196,21223809,200.00,2.51493144,0
1505415195,21223805,200.00,0.57355000,0
1505415195,21223799,199.11,0.61323007,1
1505415194,21223793,200.00,1.25126000,0
1505415186,21223768,199.98,1.00000000,0
1505415177,21223731,200.00,0.92805856,0
1505415145,21223683,199.01,0.07768762,0
1505415142,21223673,199.01,0.00000155,0
1505415142,21223671,199.00,0.10969845,0
1505415128,21223627,198.30,0.73739822,1
1505415118,21223580,200.00,4.73220000,0
1505415118,21223579,200.00,0.08000000,0
1505415118,21223577,200.00,10.00000000,0
1505415118,21223575,200.00,0.66700000,0
1505415118,21223570,199.97,1.80377200,1
1505415117,21223569,199.50,0.10000000,0
1505415117,21223567,199.50,0.07755859,0
1505415117,21223563,199.46,1.32000000,0
1505415111,21223545,199.45,2.68793310,1
1505415111,21223544,199.45,1.81319500,0
1505415103,21223515,198.18,0.17788667,0
1505415099,21223505,198.10,4.90000000,0
1505415099,21223503,198.10,0.10188000,0
1505415094,21223492,197.95,0.13328900,0
1505415093,21223484,197.95,0.35671100,0
1505415079,21223438,197.90,0.00004918,0
1505415079,21223437,197.89,0.65045082,0
1505415068,21223408,197.90,0.10069935,0
1505415066,21223401,197.65,0.65045082,1
1505415065,21223395,197.90,1.51227893,0
1505415064,21223392,197.90,1.71289596,0
1505415050,21223354,196.57,0.35263000,1
1505415045,21223349,197.00,0.00000115,0
1505415042,21223343,197.00,2.71422000,0
1505415041,21223334,197.00,11.02665917,0
1505415040,21223330,197.00,0.29323930,0
1505415038,21223308,197.00,3.00000000,0
1505415037,21223302,196.99,0.21097046,1
1505415029,21223276,196.99,4.90000000,1
1505415020,21223250,196.55,2.53548684,1
1505415020,21223248,196.38,0.49000000,0
1505415020,21223247,196.38,0.82651316,0
1505415019,21223246,197.00,3.58348684,1
1505415018,21223244,197.00,0.12706527,0
1505415018,21223242,196.82,0.02545473,0
1505415018,21223239,196.82,0.49000000,1
1505415018,21223237,196.39,3.85195007,0
1505415017,21223234,196.38,0.55874000,1
1505415017,21223233,196.39,0.49126000,1
1505415016,21223230,196.38,0.51000000,1
1505415016,21223228,196.39,0.54013201,0
1505415015,21223226,196.38,0.51000000,0
1505415006,21223192,196.39,0.50791792,0
1505415004,21223182,196.40,3.77173001,0
1505414998,21223152,196.40,0.22826999,0
1505414998,21223150,196.00,2.31295340,0
1505414998,21223146,196.00,2.42860432,0
1505414997,21223141,196.00,1.61153963,0
1505414995,21223127,196.00,0.64690265,0
1505414995,21223126,196.00,11.76942331,0
1505414995,21223125,195.99,6.81218404,0
1505414995,21223121,195.99,3.60781596,0
1505414991,21223112,195.99,2.40050566,0
1505414985,21223095,195.98,0.32210000,0
1505414985,21223094,195.98,0.32210000,0
1505414985,21223092,195.98,0.32210000,0
1505414984,21223091,195.98,0.32210000,0
1505414984,21223090,195.98,0.32210000,1
1505414984,21223089,195.98,0.32210000,1
1505414983,21223086,195.96,0.32205500,0
1505414920,21222993,195.00,0.32205500,1
1505414919,21222989,195.99,0.28399674,0
1505414918,21222988,195.96,0.02556644,0
1505414918,21222985,195.90,0.24923682,0
1505414917,21222982,195.90,0.75076318,0
1505414916,21222977,195.84,0.44246000,0
1505414915,21222968,195.83,0.25049682,0
1505414898,21222934,195.85,0.05050318,0
1505414898,21222933,195.85,0.09210596,0
1505414890,21222916,195.00,0.44246000,1
1505414890,21222915,195.01,0.30100000,1
1505414881,21222890,195.00,0.09210596,1
1505414881,21222889,195.01,1.44460004,1
1505414878,21222886,195.87,1.14456444,0
1505414878,21222885,195.87,1.25814000,0
1505414800,21222732,195.96,0.25449071,0
1505414797,21222727,195.97,1.42847044,0
1505414797,21222726,195.97,0.41000000,0
1505414797,21222724,195.97,0.29900000,0
1505414794,21222710,194.82,0.70897510,1
1505414794,21222708,194.82,0.34134400,1
1505414794,21222707,194.85,1.25814000,1
1505414787,21222682,194.86,0.10000000,1
1505414765,21222636,196.65,1.29010933,1
1505414763,21222632,195.46,1.25396000,0
1505414738,21222570,194.76,3.85940616,0
1505414737,21222563,194.76,1.69470000,0
1505414736,21222559,194.76,1.69470000,0
1505414736,21222558,194.76,0.00003384,0
1505414736,21222557,194.75,1.69466616,0
1505414733,21222553,194.75,1.06683384,0
1505414732,21222542,196.52,1.25396000,0
1505414731,21222537,194.75,4.07932200,1
1505414731,21222535,194.76,0.41000000,1
1505414731,21222534,194.76,0.29900000,1
1505414726,21222511,194.75,8.40191028,1
1505414726,21222510,194.76,1.11698936,1
1505414724,21222500,196.55,7.21648883,1
1505414724,21222496,196.55,0.29380954,1
1505414723,21222493,196.55,2.49096163,0
1505414722,21222487,196.55,0.24943837,0
1505414721,21222483,196.55,0.91363099,1
1505414720,21222482,196.54,0.40800000,1
1505414720,21222480,195.39,1.85421380,0
1505414720,21222479,195.39,0.29795438,1
1505414720,21222478,195.38,0.26594329,1
1505414718,21222470,195.38,1.26151754,0
1505414704,21222443,195.37,1.19280000,1
1505414678,21222415,195.38,0.93044323,0
1505414677,21222411,195.38,3.64818126,0
1505414677,21222410,195.37,1.19754874,0
1505414658,21222381,194.74,0.80990000,1
1505414658,21222380,194.80,1.00000000,1
1505414656,21222379,195.04,0.19010000,1
1505414609,21222319,194.75,0.60147300,1
1505414608,21222315,195.03,1.04336000,1
1505414605,21222311,195.03,0.79076000,0
1505414602,21222298,194.74,1.11766800,1
1505414602,21222297,194.74,5.38750000,1
1505414595,21222265,194.76,4.49195093,1
1505414595,21222263,194.76,0.79076000,1
1505414595,21222261,194.77,0.40800000,1
1505414537,21222148,195.07,0.47000000,1
1505414534,21222146,195.69,0.50973478,0
1505414533,21222145,195.07,0.46994454,0
1505414524,21222135,195.06,4.15506353,0
1505414521,21222124,195.06,4.15473604,1
1505414518,21222121,195.05,0.29795438,1
1505414503,21222099,195.02,1.99748000,1
1505414497,21222067,195.00,4.32395042,1
1505414496,21222066,197.00,3.57969543,0
1505414496,21222064,196.93,0.36909410,0
1505414496,21222062,196.60,0.29600000,1
1505414495,21222060,196.41,1.01630000,0
1505414495,21222058,196.37,0.12100000,0
1505414495,21222056,196.37,0.12100000,0
1505414495,21222055,196.37,0.12100000,0
1505414494,21222054,196.17,0.59000000,0
1505414494,21222053,196.17,0.40500000,1
1505414494,21222052,196.17,3.38148700,1
1505414494,21222048,196.13,13.03000000,1
1505414493,21222042,196.10,7.11700000,1
1505414493,21222040,194.99,8.09056933,1
1505414491,21222039,194.99,1.25993000,0
1505414482,21222030,194.74,0.66560000,1
1505414481,21222027,195.57,1.00126000,0
1505414479,21222023,195.00,4.86287201,0
1505414478,21222021,195.00,4.90000000,0
1505414477,21222019,195.00,4.90000000,0
1505414477,21222017,195.00,0.08000000,0
1505414472,21222004,194.85,0.32399957,1
1505414471,21222001,194.85,1.23357928,1
1505414463,21221984,194.84,0.48643010,1
1505414463,21221983,194.85,1.25993000,1
1505414461,21221982,194.85,0.40500000,1
1505414446,21221956,194.82,1.76460000,1
1505414430,21221943,195.45,0.08000000,1
1505414425,21221937,195.46,0.08000000,1
1505414423,21221930,195.58,1.25523000,0
1505414402,21221895,194.31,1.15309540,0
1505414402,21221894,194.50,4.90000000,1
1505414401,21221890,194.71,4.84628150,1
