date,tid,price,amount,type
1505433682,21261035,222.99,8.17386800,0
1505433682,21261034,222.29,49.97000000,1
1505433660,21260979,223.09,17.40144560,0
1505433646,21260946,223.09,0.06893985,0
1505433646,21260945,223.09,2.04700971,0
1505433646,21260944,223.09,6.14155200,0
1505433646,21260943,223.09,11.73800000,0
1505433609,21260897,223.10,0.06680873,0
1505433525,21260798,223.40,0.22453916,0
1505433525,21260797,223.30,5.96506484,0
1505433510,21260778,223.30,3.53290216,0
1505433502,21260767,223.39,0.50203300,1
1505433496,21260756,223.38,8.59000000,0
1505433496,21260755,223.38,0.94810000,0
1505433495,21260754,223.37,0.21000000,0
1505433485,21260745,223.38,0.18730003,0
1505433465,21260723,223.44,9.48497325,0
1505433379,21260652,221.64,0.98283000,1
1505433351,21260571,223.26,4.73245944,0
1505433349,21260568,221.63,0.93189389,1
1505433349,21260567,221.67,0.27803189,1
1505433349,21260566,222.50,0.67000000,1
1505433349,21260565,222.95,0.00000003,1
1505433349,21260564,223.33,0.00000019,1
1505433348,21260563,223.33,7.68026000,1
1505433347,21260556,223.33,1.46500000,1
1505433346,21260549,222.95,0.04731997,1
1505433339,21260536,223.30,6.12228037,0
1505433331,21260502,221.68,2.88188999,1
1505433330,21260500,221.67,1.03294694,1
1505433330,21260498,221.67,0.21000000,1
1505433330,21260494,221.68,2.02043165,1
1505433327,21260487,223.35,6.10647397,1
1505433327,21260484,223.36,0.15629477,0
1505433326,21260477,223.35,1.11540690,0
1505433312,21260407,222.96,0.20900000,0
1505433287,21260314,221.62,3.57822700,1
1505433286,21260311,221.64,0.94810000,1
1505433286,21260309,221.65,0.20900000,1
1505433272,21260268,222.41,1.30165543,0
1505433271,21260267,222.26,0.94373724,0
1505433270,21260260,222.24,0.25809821,0
1505433268,21260256,222.24,2.99021471,0
1505433260,21260238,222.27,3.87975915,0
1505433260,21260237,222.27,0.66835000,0
1505433260,21260235,222.26,0.20800000,0
1505433220,21260115,221.61,3.00497525,1
1505433212,21260107,221.60,0.09923700,1
1505433210,21260103,222.28,9.89555803,0
1505433209,21260101,222.28,10.10444197,0
1505433203,21260092,221.61,1.10000000,1
1505433202,21260090,222.29,4.80000000,0
1505433196,21260085,221.60,0.52125200,1
1505433179,21260056,221.60,0.13488800,1
1505433136,21260002,221.60,66.61204878,1
1505433135,21260001,222.11,0.00000022,1
1505433117,21259973,222.11,2.04500000,1
1505433112,21259966,222.82,0.21000000,0
1505433111,21259965,222.83,9.34000000,0
1505433110,21259964,222.11,1.45499978,1
1505433103,21259949,221.60,0.30200183,1
1505433102,21259947,222.00,0.93412834,1
1505433102,21259946,222.01,0.32000000,1
1505433102,21259944,222.09,1.82738764,1
1505433100,21259940,222.12,0.20800000,1
1505433097,21259939,222.13,7.01149872,1
1505433088,21259911,222.10,1.20490036,1
1505433086,21259896,224.36,14.42512811,1
1505433085,21259895,224.36,1.17743635,1
1505433085,21259890,224.33,0.20600000,0
1505433085,21259889,224.31,0.89055326,0
1505433085,21259888,224.31,2.96933200,0
1505433085,21259886,222.10,2.67309958,0
1505433078,21259875,224.33,4.69439190,0
1505433078,21259874,224.32,7.01149872,0
1505433067,21259837,222.60,17.11635374,1
1505433067,21259835,222.61,0.20600000,1
1505433064,21259824,223.00,3.96568207,0
1505433064,21259823,223.00,10.02375261,0
1505433059,21259804,222.60,4.84000000,1
1505433057,21259795,222.60,3.45004493,1
1505433055,21259782,222.60,11.78277900,1
1505433054,21259776,222.60,13.07893981,1
1505433054,21259774,222.69,0.00006019,1
1505433054,21259773,222.69,1.18298981,1
1505433052,21259767,223.00,15.50399698,1
1505433052,21259765,223.00,9.63555585,1
1505433052,21259762,223.00,1.55900000,1
1505433051,21259759,223.00,14.40372200,1
1505433051,21259758,223.00,13.87807175,1
1505433051,21259757,223.01,0.54000000,1
1505433050,21259753,223.34,4.53336043,1
1505433050,21259752,223.34,1.06798957,1
1505433048,21259737,222.89,1.82738764,0
1505433048,21259736,222.70,10.74720000,0
1505433048,21259735,222.70,4.25280000,0
1505433042,21259713,222.60,0.98883938,1
1505433040,21259709,222.69,0.50000000,0
1505433039,21259708,222.60,10.02063700,1
1505433037,21259702,222.60,5.42000000,1
1505433035,21259697,222.60,6.64464006,1
1505433031,21259681,222.60,8.98695800,1
1505433026,21259666,222.63,0.50000000,0
1505433025,21259664,222.60,73.24966300,1
1505433022,21259656,222.60,1.48412800,1
1505433021,21259651,222.66,1.61199622,0
1505433021,21259649,222.65,2.51166312,0
1505433019,21259640,222.09,1.82738764,1
1505433019,21259636,222.65,4.45033688,0
1505433017,21259632,222.66,0.54658000,0
1505433010,21259625,222.73,0.54810276,0
1505433009,21259624,223.34,6.83904666,1
1505433009,21259623,223.35,7.01149872,1
1505433008,21259621,222.89,1.82738764,0
1505433008,21259620,222.77,0.84620070,0
1505433005,21259616,222.73,0.84151500,0
1505433005,21259615,222.00,3.98099766,1
1505433005,21259614,222.01,0.94526000,1
1505433000,21259610,222.00,5.08487400,1
1505433000,21259609,222.00,71.57576500,1
1505432997,21259604,222.75,7.04652128,0
1505432997,21259603,222.75,0.94213000,0
1505432997,21259601,222.74,7.01149872,0
1505432987,21259586,222.00,13.22300100,1
1505432986,21259583,222.00,15.20123400,1
1505432986,21259581,222.00,0.07400000,1
1505432986,21259580,222.00,0.21000000,1
1505432986,21259579,222.00,2.00000000,1
1505432986,21259578,222.00,0.76000000,1
1505432986,21259576,222.10,59.45476600,1
1505432985,21259572,222.10,40.54523400,1
1505432984,21259571,222.10,1.00000000,1
1505432981,21259565,222.60,0.00000027,1
1505432977,21259559,222.60,3.31434400,1
1505432977,21259558,222.61,0.94213000,1
1505432961,21259529,222.60,21.89161236,1
1505432961,21259528,222.62,1.82738764,1
1505432946,21259506,222.99,1.06808085,0
1505432942,21259502,222.60,20.68500000,1
1505432941,21259501,223.00,1.77358840,0
1505432941,21259500,222.89,1.51015160,0
1505432941,21259499,222.86,0.94106000,0
1505432938,21259493,222.60,11.97132900,1
1505432924,21259474,222.60,12.91922700,1
1505432922,21259472,222.60,29.21848737,1
1505432922,21259471,222.60,0.44577003,1
1505432922,21259470,222.63,0.94105960,1
1505432921,21259468,222.62,0.00000040,0
1505432920,21259467,222.62,1.51015160,1
1505432909,21259450,223.00,19.05588332,0
1505432909,21259449,222.99,0.93957000,0
1505432880,21259413,223.00,13.77849367,0
1505432880,21259412,223.00,5.90196465,0
1505432879,21259411,222.89,0.31499500,0
1505432875,21259406,222.62,0.31499500,1
1505432849,21259362,222.60,0.64529600,1
1505432829,21259304,222.64,6.22630858,0
1505432828,21259302,222.64,1.02490000,0
1505432828,21259301,222.64,0.95967000,0
1505432826,21259299,222.64,0.03701042,1
1505432826,21259295,223.00,9.39448000,0
1505432813,21259274,223.09,0.65376700,1
1505432812,21259272,223.10,0.37220000,0
1505432804,21259251,223.00,1.00000000,1
1505432804,21259249,223.00,0.15000000,1
1505432804,21259248,223.05,40.61348281,1
1505432804,21259243,223.05,2.98651719,1
1505432804,21259242,223.10,4.26000000,1
1505432803,21259240,223.10,14.96568181,1
1505432803,21259239,223.98,5.10479010,0
1505432802,21259236,223.10,2.98651682,1
1505432802,21259235,223.10,7.01149872,0
1505432801,21259234,223.98,3.00470506,0
1505432800,21259230,224.00,0.94462227,0
1505432800,21259229,223.99,7.01149843,0
1505432794,21259217,223.10,52.13882200,1
1505432792,21259212,223.10,23.92917800,1
1505432759,21259117,223.10,5.97980137,1
1505432759,21259116,223.12,0.61000000,1
1505432759,21259113,223.32,0.30000000,1
1505432758,21259111,223.60,0.89319863,1
1505432758,21259109,223.60,47.17600300,1
1505432758,21259106,223.60,31.28020000,1
1505432758,21259105,223.60,18.30023100,1
1505432757,21259103,223.60,0.10680100,1
1505432750,21259088,223.61,5.72150905,1
1505432747,21259080,223.73,2.91650900,1
1505432747,21259079,223.80,0.16112600,1
1505432746,21259074,223.80,0.83887400,1
1505432744,21259070,223.74,1.81476900,1
1505432732,21259029,223.65,8.40000000,1
1505432727,21259012,223.83,8.40000000,0
1505432718,21259001,223.60,2.24356637,1
1505432705,21258956,223.85,6.79332400,1
1505432705,21258955,223.86,1.02720100,1
1505432704,21258951,223.86,1.90434100,1
1505432704,21258943,223.86,2.06845800,1
1505432702,21258935,223.89,1.33565900,1
1505432701,21258933,223.89,0.50000000,1
1505432700,21258924,223.88,0.76000000,1
1505432684,21258871,224.91,3.29056922,0
1505432684,21258870,224.91,13.89000000,0
1505432683,21258869,224.90,2.57476929,0
1505432672,21258855,223.82,8.40000000,1
1505432671,21258852,223.82,8.40000000,1
1505432670,21258849,223.82,8.40000000,1
1505432669,21258848,223.82,8.40000000,1
1505432668,21258846,223.82,1.80000000,1
1505432668,21258845,223.82,6.59968522,1
1505432668,21258844,223.84,0.76358535,1
1505432667,21258843,223.95,1.03672943,1
1505432667,21258842,223.95,3.96327057,1
1505432666,21258840,223.96,4.43672943,1
1505432651,21258823,225.15,4.43640078,0
1505432627,21258788,223.70,0.28838587,1
1505432617,21258772,225.12,0.20686859,1
1505432617,21258771,225.12,4.51824671,1
1505432616,21258768,225.12,13.19803400,1
1505432614,21258764,224.69,0.45732148,0
1505432608,21258751,224.69,0.45734707,0
1505432608,21258749,224.19,0.20500000,0
1505432606,21258744,223.61,34.11590200,0
1505432606,21258743,223.64,1.18000000,1
1505432606,21258742,223.71,0.31829350,1
1505432605,21258741,224.00,8.34424874,1
1505432605,21258740,224.09,0.91466855,1
1505432604,21258738,224.18,0.20500000,1
1505432603,21258734,224.20,0.77641496,0
1505432603,21258731,224.20,6.21547225,1
1505432575,21258697,224.07,60.00000000,1
1505432566,21258689,225.40,1.15959233,0
1505432543,21258622,224.41,1.95558900,1
1505432535,21258584,225.42,11.10680000,0
1505432535,21258582,225.42,8.74700000,0
1505432517,21258543,225.53,0.12700000,0
1505432517,21258542,225.53,7.87300000,0
1505432500,21258528,225.64,0.60000000,0
1505432499,21258527,225.64,0.48622888,0
1505432499,21258526,225.64,0.14620000,0
1505432497,21258522,225.64,0.91080899,0
1505432496,21258521,225.23,0.37000000,1
1505432496,21258519,225.24,0.93957000,1
1505432481,21258486,225.65,0.42061310,0
1505432476,21258475,225.68,1.99358010,0
1505432468,21258440,225.69,11.48911632,0
1505432467,21258432,225.69,0.35410346,0
1505432459,21258423,225.73,1.17019817,0
1505432453,21258379,224.76,0.94057000,0
1505432453,21258376,224.76,0.20400000,0
1505432445,21258335,225.82,2.76650786,0
1505432445,21258334,224.77,1.82943000,0
1505432444,21258333,224.77,0.94057000,0
1505432439,21258290,225.00,1.23000000,1
1505432439,21258288,225.00,5.19470235,1
1505432439,21258287,225.00,15.29644465,1
1505432438,21258286,225.01,2.77000000,1
1505432430,21258226,225.88,5.07253541,0
1505432338,21257973,227.22,0.67402106,0
1505432331,21257965,225.71,0.20400000,1
1505432326,21257954,226.60,1.50586666,0
1505432320,21257946,225.69,0.93662000,1
1505432319,21257945,225.69,0.90000000,0
1505432317,21257944,225.00,0.40340200,0
1505432316,21257938,225.00,2.00000000,0
1505432316,21257937,225.00,2.65500000,0
1505432316,21257935,224.99,0.20500000,0
1505432315,21257933,225.00,3.94159800,0
1505432308,21257927,225.00,4.00000000,1
1505432305,21257925,225.32,0.05907270,1
1505432305,21257924,225.00,0.34904534,1
1505432305,21257923,225.00,0.44522156,1
1505432305,21257922,225.19,0.90000000,1
1505432304,21257921,225.32,11.05137383,1
1505432296,21257913,225.61,0.20500000,1
1505432296,21257912,225.62,0.93662000,1
1505432292,21257899,226.34,0.93662000,0
1505432286,21257896,226.60,0.00000002,1
1505432285,21257893,227.33,2.77189407,0
1505432285,21257892,227.33,0.20400000,0
1505432283,21257889,226.60,17.74671428,1
1505432283,21257888,226.61,7.01149872,1
1505432280,21257880,226.50,0.77958126,0
1505432280,21257879,226.40,1.47361617,0
1505432274,21257868,225.24,0.20400000,1
1505432268,21257853,226.40,1.98757550,0
1505432257,21257839,226.50,1.62151834,0
1505432257,21257838,226.50,0.51657389,0
1505432257,21257837,226.49,0.93709099,0
1505432250,21257823,226.50,5.62325839,0
1505432241,21257799,225.72,2.65817120,1
1505432241,21257797,225.73,0.15216000,1
1505432234,21257784,225.99,0.15200901,0
1505432229,21257777,226.31,1.94597200,1
1505432213,21257737,225.01,1.94597200,1
1505432213,21257736,225.71,0.93694000,1
1505432210,21257729,226.36,19.99991173,0
1505432210,21257728,225.70,2.38291220,1
1505432209,21257722,225.70,0.27109754,1
1505432209,21257721,225.70,0.41441846,1
1505432198,21257694,225.70,0.02960047,0
1505432197,21257693,225.70,0.41441846,0
1505432187,21257653,226.00,5.22439300,0
1505432185,21257637,226.00,1.11619989,0
1505432181,21257625,225.71,0.44401893,0
1505432178,21257616,226.00,0.30499975,0
1505432178,21257615,225.71,0.00000025,0
1505432178,21257612,225.71,1.68854975,1
1505432177,21257608,225.71,4.70115300,1
1505432174,21257596,225.71,0.44401893,1
1505432173,21257588,225.71,1.56627832,1
1505432173,21257587,225.71,5.74172168,1
1505432172,21257581,225.71,2.65827832,0
1505432164,21257541,225.00,4.29385677,0
1505432163,21257540,225.00,4.42329900,0
1505432163,21257538,225.00,3.28284423,0
1505432156,21257515,225.70,0.93697000,0
1505432147,21257481,225.70,7.01149872,0
1505432139,21257466,225.00,1.50586666,1
1505432132,21257458,224.11,10.84251517,1
1505432130,21257456,225.01,2.66655883,1
1505432130,21257455,225.01,0.93697000,1
1505432122,21257450,224.99,2.96721481,1
1505432122,21257449,225.00,7.01149872,1
1505432114,21257441,224.99,2.66678519,1
1505432112,21257438,224.99,2.76600000,0
1505432105,21257425,225.00,1.27397318,0
1505432105,21257424,224.96,0.93718000,0
1505432098,21257415,224.97,1.34276300,0
1505432098,21257414,224.97,0.03139000,0
1505432097,21257413,224.97,1.39012700,0
1505432097,21257411,224.97,0.69979400,0
1505432094,21257405,224.02,0.49100000,1
1505432093,21257397,224.01,2.76600000,1
1505432092,21257395,224.99,1.98757675,0
1505432092,21257391,224.00,1.65575126,1
1505432091,21257390,224.25,1.11024874,1
1505432087,21257388,225.01,1.26483515,1
1505432079,21257384,225.14,8.40000000,0
1505432072,21257373,225.01,2.01365300,1
1505432071,21257371,225.01,6.21750800,1
1505432071,21257370,225.16,2.83000000,1
1505432061,21257363,225.16,2.83005000,1
1505432060,21257362,225.16,5.56995000,0
1505432059,21257355,225.01,2.48678600,1
1505432059,21257354,225.16,2.83000000,1
1505432058,21257353,225.16,5.56995000,1
1505432055,21257341,225.16,2.83005000,1
1505432051,21257329,225.02,2.58910248,1
1505432050,21257328,225.15,6.70152452,1
1505432048,21257323,225.15,8.48500000,1
1505432045,21257320,225.02,3.23789900,1
1505432042,21257313,225.01,8.01721785,1
1505432042,21257311,225.46,0.24488715,1
1505432040,21257302,225.46,0.21085781,1
1505432037,21257288,225.46,2.20566842,1
1505432029,21257271,225.60,1.30011666,1
1505432029,21257269,225.60,0.68747200,1
1505432028,21257266,225.60,0.00252800,1
1505432028,21257264,225.60,1.65000000,1
1505432028,21257263,225.60,0.93718000,1
1505432028,21257262,225.60,2.63713600,1
1505432022,21257256,225.60,3.42557200,1
1505432022,21257255,225.60,0.69190000,1
1505432013,21257237,225.60,1.64539200,1
1505432002,21257228,225.99,0.03620800,0
1505432002,21257226,225.98,0.93560000,0
1505432002,21257224,225.69,1.01727800,0
1505432000,21257220,225.59,1.01727800,1
1505431983,21257203,226.42,3.44499045,0
1505431983,21257201,226.41,6.34656570,0
1505431983,21257200,225.51,0.56659385,0
1505431983,21257199,225.51,0.93560000,1
1505431939,21257108,225.42,2.99836960,1
1505431893,21257056,225.17,3.34819610,1
1505431886,21257032,226.00,5.77750415,0
1505431886,21257031,225.89,4.79051613,0
1505431886,21257029,225.86,6.38700372,0
1505431867,21256983,225.15,1.38300000,1
1505431866,21256980,225.15,1.09371427,1
1505431866,21256978,225.15,0.28928573,1
1505431865,21256976,225.15,0.26814297,1
1505431865,21256975,225.15,1.11485703,1
1505431861,21256968,225.00,0.00000037,0
1505431854,21256956,225.00,1.26600600,0
1505431848,21256945,224.99,0.44142786,0
1505431842,21256931,223.99,2.80843158,1
1505431841,21256930,223.99,4.02000000,1
1505431841,21256928,225.15,0.95800000,0
1505431822,21256889,225.63,10.32911852,1
1505431821,21256888,225.62,2.65933871,0
1505431821,21256886,225.61,0.93495000,0
1505431821,21256884,225.58,6.07654872,0
1505431819,21256879,225.59,1.50219385,0
1505431806,21256837,225.64,0.93495000,0
1505431801,21256804,223.76,10.72400000,1
1505431798,21256798,225.69,1.47478389,1
1505431798,21256797,225.69,1.08521611,1
1505431791,21256786,224.00,21.55768415,0
1505431791,21256785,224.00,17.40144560,0
1505431775,21256758,224.00,2.80312500,0
1505431774,21256753,224.00,19.99995595,0
1505431772,21256745,224.00,1.10118084,0
1505431769,21256741,224.00,10.49767700,0
1505431765,21256731,224.00,13.71152000,0
1505431764,21256728,224.00,1.55993373,0
1505431761,21256721,224.00,20.00000000,0
1505431759,21256716,224.00,6.49292000,0
1505431759,21256715,223.99,0.94207000,0
1505431749,21256700,224.00,19.79500000,0
1505431749,21256699,223.99,0.20500000,0
1505431744,21256680,224.00,0.18047100,0
1505431741,21256674,224.00,0.70303571,1
1505431741,21256673,224.00,1.00000000,1
1505431741,21256672,224.00,1.00000000,1
1505431741,21256670,224.00,0.13000000,1
1505431741,21256669,224.01,0.04670000,1
1505431740,21256668,224.10,6.73806948,1
1505431739,21256666,224.10,6.73660600,1
1505431739,21256665,224.10,2.09252000,1
1505431739,21256664,224.11,0.94207000,1
1505431729,21256641,224.10,25.00000000,1
1505431728,21256640,224.72,19.06001175,0
1505431728,21256639,224.70,0.93963000,0
1505431728,21256638,224.46,0.00031420,0
1505431726,21256636,224.10,59.03110884,1
1505431726,21256635,224.11,5.96889116,1
1505431726,21256633,224.12,5.00000000,1
1505431662,21256446,224.93,0.44825780,1
1505431653,21256427,224.95,0.01426756,0
1505431652,21256425,225.03,0.21539532,0
1505431613,21256363,224.48,0.58703800,1
1505431613,21256362,224.48,0.20500000,1
1505431610,21256351,224.48,1.02834000,1
1505431584,21256288,226.94,4.53437423,0
1505431584,21256286,226.94,13.77000000,0
1505431584,21256285,226.93,1.69558172,0
1505431579,21256264,226.00,1.61331858,1
1505431578,21256263,226.00,0.07137590,1
1505431578,21256258,226.00,0.05654000,1
1505431563,21256218,226.00,0.58471400,1
1505431563,21256213,226.00,1.79876400,1
1505431562,21256211,226.06,0.71263000,1
1505431556,21256184,226.02,1.40869000,1
1505431552,21256171,226.01,0.22700000,1
1505431552,21256167,226.00,2.48860610,1
1505431552,21256165,226.59,2.51139390,1
1505431551,21256161,226.59,2.71401000,1
1505431551,21256159,226.31,3.53923305,0
1505431551,21256158,226.31,0.47599537,0
1505431550,21256156,226.27,0.14686768,0
1505431542,21256123,226.03,1.57448128,1
1505431540,21256118,226.03,0.26167500,1
1505431534,21256079,226.02,0.40796988,0
1505431534,21256077,226.00,0.41030373,0
1505431530,21256063,226.00,31.93655124,1
1505431529,21256053,226.00,6.43288000,1
1505431529,21256049,226.00,0.59040000,1
1505431528,21256043,226.00,0.40804430,1
1505431528,21256041,226.00,12.65263428,1
1505431528,21256039,226.00,9.31458800,1
1505431527,21256036,226.00,0.71247601,1
1505431527,21256032,226.00,0.99656447,1
1505431524,21256018,225.40,2.66193434,0
1505431519,21255986,226.02,0.00000037,1
1505431518,21255985,226.02,4.71109400,1
1505431518,21255982,226.02,8.41541200,1
1505431518,21255981,226.02,6.43288000,1
1505431508,21255946,225.41,0.44056958,0
1505431501,21255929,225.41,3.79994287,0
1505431501,21255927,225.40,0.94231000,0
1505431487,21255864,225.43,1.40160700,0
1505431487,21255861,225.43,8.00000000,0
1505431485,21255857,225.43,0.95654222,0
1505431481,21255822,225.47,16.61430000,0
1505431479,21255815,225.47,3.38570000,0
1505431470,21255777,225.55,16.61430000,0
1505431451,21255756,225.66,3.38570000,0
1505431438,21255733,225.73,3.78000000,0
1505431424,21255710,224.35,0.33129100,1
1505431421,21255705,225.04,0.38352000,1
1505431420,21255704,225.05,0.94231000,1
1505431407,21255671,225.03,0.44311000,0
1505431407,21255668,225.02,0.94237000,0
1505431407,21255665,225.01,0.23100000,0
1505431392,21255580,224.97,1.11872623,1
1505431392,21255578,225.02,2.54391839,1
1505431392,21255577,225.03,5.00000000,1
1505431381,21255545,225.09,3.66264500,1
1505431378,21255540,225.02,0.12792443,1
1505431378,21255539,225.04,0.23000000,1
1505431378,21255538,225.07,1.26000000,1
1505431368,21255507,226.27,0.99773528,0
1505431362,21255480,226.30,0.94237000,0
1505431361,21255472,225.04,1.40198200,1
1505431354,21255443,226.31,0.47595341,1
1505431351,21255438,226.31,2.65663051,1
1505431351,21255436,226.31,1.39980558,1
1505431349,21255434,226.31,0.45900000,1
1505431347,21255432,226.31,1.24841789,1
1505431346,21255428,226.31,10.61394000,1
1505431344,21255427,226.31,3.75000000,1
1505431344,21255425,226.31,0.94241000,1
1505431343,21255423,226.31,0.67930028,0
1505431343,21255422,225.00,7.79690226,0
1505431342,21255420,225.00,3.33157413,0
1505431341,21255416,225.00,9.42692715,0
1505431340,21255415,224.98,0.23000000,0
1505431340,21255414,224.97,7.01149872,0
1505431338,21255399,224.98,1.26134551,0
1505431336,21255393,225.00,4.83000000,0
1505431335,21255391,225.00,0.50000000,1
1505431335,21255390,225.00,6.00000000,1
1505431335,21255389,225.00,1.61697777,1
1505431335,21255388,225.00,0.75805566,1
1505431335,21255387,225.00,3.00000000,1
1505431335,21255386,225.00,1.00000000,1
1505431335,21255385,225.00,0.45000000,1
1505431335,21255384,225.00,0.50000000,1
1505431334,21255383,225.00,4.00000000,1
1505431334,21255381,225.00,4.50000000,1
1505431334,21255380,225.01,1.11754406,1
1505431334,21255379,225.56,0.94201897,1
1505431334,21255378,225.57,0.23000000,1
1505431324,21255348,225.58,0.00039103,1
1505431323,21255347,225.58,0.94201897,1
1505431322,21255343,226.42,3.33157413,0
1505431310,21255286,225.56,0.23000000,0
1505431310,21255285,225.56,0.01927603,0
1505431310,21255280,225.56,0.92321397,0
1505431306,21255242,225.57,15.56721743,0
1505431305,21255227,225.01,18.77081500,0
1505431304,21255221,225.01,7.74918500,0
1505431303,21255215,225.01,66.90000000,1
1505431303,21255214,225.03,1.58000000,1
1505431296,21255154,225.55,0.85810754,1
1505431296,21255153,225.56,0.61842946,1
1505431292,21255132,225.56,0.23000000,1
1505431290,21255123,225.55,0.01007054,0
1505431290,21255119,225.55,0.84846646,0
1505431284,21255085,225.90,3.74223223,1
1505431284,21255084,225.91,0.62794000,1
1505431283,21255080,225.91,2.18603000,1
1505431280,21255067,225.91,2.18603000,1
1505431271,21255015,225.90,1.09776777,1
1505431269,21254985,226.69,0.59105333,0
1505431266,21254958,226.00,1.00000000,1
1505431265,21254956,226.69,0.23000000,1
1505431252,21254920,226.68,0.42760023,1
1505431252,21254919,226.99,1.56239977,1
1505431247,21254905,227.01,1.56240000,0
1505431246,21254903,227.01,1.93760000,1
1505431246,21254902,227.01,1.56240000,1
1505431238,21254840,226.99,1.43760023,1
1505431238,21254834,227.00,0.05496877,1
1505431238,21254828,227.02,1.56240000,1
1505431237,21254825,227.02,1.93760000,1
1505431237,21254824,227.04,0.07400000,1
1505431237,21254823,227.04,0.50000000,1
1505431231,21254808,227.11,4.84000000,1
1505431218,21254753,227.12,0.23000000,1
1505431200,21254709,228.00,0.97622490,1
1505431200,21254708,228.00,20.00000000,1
1505431194,21254693,228.00,3.50000000,1
1505431193,21254691,228.00,10.04883585,1
1505431193,21254688,228.00,4.61000000,1
1505431193,21254686,228.01,0.23000000,1
1505431191,21254681,228.00,4.84000000,1
1505431191,21254680,228.00,1.29000000,1
1505431189,21254677,228.00,0.19728115,1
1505431186,21254673,228.00,4.32892500,1
1505431186,21254672,228.00,7.41018500,1
1505431185,21254671,228.00,15.61208600,1
1505431185,21254670,228.00,2.20000000,1
1505431183,21254664,228.01,0.23000000,1
1505431180,21254654,228.00,19.99555070,1
1505431180,21254653,228.00,1.43855363,1
1505431178,21254651,228.00,3.50000000,1
1505431178,21254650,228.00,4.84000000,1
1505431177,21254649,228.00,2.02140200,1
1505431177,21254646,228.00,1.34803400,1
1505431176,21254643,228.00,10.09434000,1
1505431172,21254624,228.00,0.46838348,1
1505431170,21254623,228.00,28.56144637,1
1505431168,21254615,228.00,6.76204800,1
1505431167,21254612,228.20,2.75000000,1
1505431166,21254603,228.20,2.25000000,1
1505431133,21254538,228.00,0.39036400,1
1505431128,21254527,228.00,13.89363700,1
1505431127,21254524,228.00,0.75543000,1
1505431123,21254508,228.00,0.23666300,1
1505431119,21254497,228.00,77.10700000,1
1505431116,21254490,228.00,0.20000000,1
1505431111,21254469,228.01,0.94249000,1
1505431094,21254453,228.00,1.98764500,1
1505431080,21254431,228.27,5.30341900,1
1505431063,21254405,228.25,1.04925300,1
1505431054,21254386,228.23,1.00000000,0
1505431031,21254347,228.21,2.05120022,1
1505431031,21254343,228.22,1.26281278,1
1505431016,21254315,228.18,1.47797020,1
1505430998,21254296,229.15,0.33592385,1
1505430986,21254284,229.15,0.60237615,1
1505430986,21254283,229.15,0.93820993,1
1505430985,21254282,229.16,4.27071574,1
1505430887,21254171,228.98,0.00009007,0
1505430886,21254169,228.98,0.93822993,0
1505430878,21254162,229.00,7.01158714,0
1505430878,21254161,229.00,3.45581286,0
1505430877,21254160,228.99,7.01149872,0
1505430857,21254128,228.08,7.04602567,1
1505430857,21254127,228.64,0.59000000,1
1505430857,21254125,229.08,6.58700000,1
1505430857,21254124,229.08,0.93832000,0
1505430857,21254122,229.09,9.10000000,1
1505430856,21254121,229.10,12.32100000,1
1505430856,21254119,229.11,2.62092750,1
1505430856,21254118,229.13,1.74672683,0
1505430855,21254116,229.86,0.05000000,1
1505430809,21254046,229.97,0.22587938,0
1505430737,21253891,231.05,4.84000000,0
1505430728,21253863,231.11,4.18385499,0
1505430714,21253826,231.17,1.52084745,1
1505430703,21253787,231.25,4.84000000,0
1505430702,21253784,230.06,0.05000000,0
1505430695,21253767,228.95,40.93951843,0
1505430695,21253766,228.95,1.19419397,0
1505430693,21253762,230.04,2.86628760,1
1505430691,21253752,230.03,0.23000000,0
1505430689,21253743,230.04,1.19419397,0
1505430686,21253727,228.76,2.59620602,1
1505430685,21253726,228.95,0.03203000,1
1505430660,21253637,230.05,0.22261652,0
1505430656,21253623,228.72,5.41000000,1
1505430655,21253619,228.72,8.40000000,1
1505430654,21253618,228.72,5.36656709,1
1505430654,21253617,228.73,3.03343291,1
1505430624,21253546,228.33,8.40000000,1
1505430623,21253542,228.32,0.94161000,1
1505430621,21253537,228.30,0.94160000,0
1505430621,21253532,228.29,0.38000000,0
1505430618,21253520,228.30,1.31000000,0
1505430618,21253518,228.30,4.41998300,0
1505430618,21253516,228.30,2.44313700,0
1505430618,21253515,228.30,0.22688000,0
1505430615,21253509,228.30,0.72000000,0
1505430615,21253508,228.30,0.59000000,0
1505430615,21253506,228.30,4.27847246,0
1505430615,21253505,228.30,2.81540500,0
1505430612,21253492,228.30,0.71612254,0
1505430610,21253485,228.30,0.59000000,0
1505430608,21253480,227.05,47.73155757,1
1505430608,21253479,228.30,1.11131243,1
1505430606,21253472,228.96,2.65343291,0
1505430598,21253453,229.72,0.94160000,1
1505430585,21253428,227.05,13.89730065,1
1505430585,21253425,227.06,1.58000000,1
1505430584,21253423,227.30,1.00000000,1
1505430584,21253422,227.30,0.20000000,0
1505430584,21253421,227.30,0.23000000,0
1505430584,21253420,228.00,10.82193102,1
1505430583,21253417,229.00,0.10018000,1
1505430583,21253416,229.00,3.68982923,1
1505430571,21253353,229.00,4.31008489,1
1505430571,21253352,229.01,0.94161000,1
1505430567,21253346,229.00,3.42992269,0
1505430567,21253345,229.00,0.14008000,0
1505430566,21253343,229.00,0.23000000,0
1505430564,21253338,229.00,3.82924000,0
1505430564,21253337,229.00,1.00000000,1
1505430564,21253336,229.62,3.20068000,1
1505430564,21253335,229.62,0.93897000,1
1505430563,21253334,229.41,0.20000000,0
1505430558,21253319,229.42,0.93897000,0
1505430556,21253311,229.43,0.23000000,1
1505430550,21253298,229.42,0.20000000,1
1505430550,21253297,229.44,0.23000000,1
1505430550,21253296,229.45,1.47740158,1
1505430459,21253014,229.99,0.68216000,0
1505430458,21253009,230.00,1.15713000,0
1505430458,21253008,229.87,0.23000000,0
1505430450,21252985,229.89,2.07331000,0
1505430449,21252983,229.88,1.53674000,0
1505430368,21252918,229.07,8.98875000,1
1505430368,21252916,229.08,0.23000000,1
1505430234,21252797,228.00,1.17806898,1
1505430234,21252796,228.44,0.12000000,1
1505430234,21252794,228.70,0.65000000,1
1505430234,21252792,229.69,0.09846749,1
1505430234,21252791,229.92,0.13115865,1
1505430234,21252790,230.01,0.05000000,1
1505430233,21252789,230.13,0.11439640,1
1505430233,21252788,230.12,1.55566298,0
1505430232,21252783,230.11,1.43931077,1
1505430232,21252781,230.13,0.00007051,1
1505430231,21252779,230.13,19.57992949,1
1505430230,21252770,230.12,12.04422810,1
1505430230,21252768,230.13,7.07083714,1
1505430213,21252744,230.90,1.26782800,0
1505430213,21252742,230.48,0.05000000,0
1505430211,21252734,230.47,1.13408200,1
1505430207,21252727,230.47,0.68699983,0
1505430207,21252726,230.40,0.00000017,0
1505430197,21252699,230.40,7.90862300,0
1505430197,21252698,230.38,4.98900000,0
1505430197,21252697,230.37,0.19900000,0
1505430078,21252614,229.00,0.07395285,1
1505430073,21252609,229.99,0.47616700,0
1505430072,21252608,229.99,1.19090000,0
1505430070,21252606,230.44,0.00065605,1
1505430068,21252605,229.95,0.93696395,0
1505430006,21252584,230.00,3.14653498,0
1505430006,21252582,230.00,1.24591918,0
1505430006,21252581,229.98,6.81405014,0
1505429987,21252577,230.00,2.57457000,0
1505429986,21252575,229.97,0.25678700,0
1505429977,21252566,229.99,2.67252030,0
1505429977,21252565,229.98,0.34395970,0
1505429976,21252561,229.99,1.21599000,0
1505429976,21252560,229.99,5.95652000,0
1505429974,21252558,229.99,0.33796500,0
1505429969,21252551,229.39,1.55864791,1
1505429963,21252542,229.38,2.61597448,1
1505429956,21252532,229.37,4.80200000,1
1505429949,21252524,229.49,0.19900000,1
1505429949,21252523,230.05,0.04476852,1
1505429949,21252522,230.05,0.04476852,1
1505429944,21252489,230.79,4.80200000,0
1505429944,21252488,230.34,0.19800000,0
1505429938,21252481,229.55,3.00000000,1
1505429938,21252480,229.56,0.19800000,1
1505429835,21252351,230.15,1.20745519,1
1505429833,21252349,230.16,5.00000000,1
1505429745,21252227,231.00,0.92307360,1
1505429678,21252150,231.00,0.55557500,1
1505429655,21252123,231.00,1.88731286,1
1505429655,21252122,231.11,0.45185000,1
1505429655,21252121,231.12,7.07083714,1
1505429647,21252111,231.98,9.21875000,0
1505429618,21252076,231.94,0.04047426,0
1505429618,21252074,231.93,0.48849900,0
1505429614,21252072,231.94,0.40954179,0
1505429556,21252018,230.86,0.17167332,1
1505429533,21252008,231.99,0.34395970,1
1505429532,21252004,232.00,0.00003150,1
1505429521,21251978,232.00,0.99996850,1
1505429478,21251908,232.59,1.26091743,1
1505429477,21251906,232.59,7.33940757,0
1505429477,21251905,232.59,1.26091700,0
1505429450,21251862,232.61,0.61999990,0
1505429450,21251861,232.60,0.31513010,0
1505429444,21251849,232.61,0.32874765,0
1505429444,21251848,232.60,0.79292535,0
1505429426,21251830,232.66,0.17888765,0
1505429415,21251813,231.51,5.78236700,0
1505429410,21251798,231.49,0.93985000,0
1505429410,21251797,231.48,0.31665483,0
1505429383,21251761,231.10,1.63386000,1
1505429383,21251760,231.12,0.93985000,1
1505429381,21251755,231.12,1.33000000,1
1505429378,21251752,231.49,8.40000000,0
1505429374,21251750,231.11,4.03101000,1
1505429371,21251746,231.11,0.97181300,1
1505429364,21251737,231.01,1.10914534,1
1505429364,21251736,231.01,0.57992365,1
1505429363,21251732,231.01,3.01018000,1
1505429362,21251731,230.68,0.10677800,0
1505429361,21251726,230.96,1.68514200,1
1505429361,21251725,230.97,0.96000000,1
1505429360,21251724,231.01,0.96000000,0
1505429359,21251722,230.96,1.06485800,1
1505429347,21251703,230.47,2.00000000,0
1505429344,21251698,230.46,0.23406000,1
1505429341,21251693,230.46,2.97000000,0
1505429340,21251691,230.46,2.97000000,0
1505429340,21251689,230.46,2.97000000,0
1505429339,21251686,230.46,2.95000000,0
1505429338,21251683,230.46,1.58000000,0
1505429337,21251682,230.46,2.95000000,0
1505429336,21251681,230.01,1.57709000,1
1505429334,21251678,230.00,0.88391000,1
1505429334,21251677,230.00,1.92900000,1
1505429332,21251673,230.01,0.23406000,1
1505429328,21251669,230.32,0.39849000,1
1505429326,21251666,230.32,0.31152300,1
1505429324,21251661,230.32,2.60507121,0
1505429319,21251650,230.00,0.65100000,1
1505429319,21251649,230.00,0.35000000,1
1505429316,21251642,229.99,2.58000000,0
1505429315,21251640,229.99,0.35000000,0
1505429315,21251638,230.00,0.32599000,1
1505429314,21251633,230.00,2.25401000,0
1505429314,21251632,229.97,0.35000000,1
1505429313,21251629,230.00,2.58000000,0
1505429312,21251623,230.00,2.58000000,0
1505429311,21251621,230.00,2.46000000,0
1505429311,21251619,230.00,0.12599000,0
1505429311,21251617,229.99,0.94401000,0
1505429310,21251616,229.97,1.51000000,1
1505429310,21251615,229.97,1.07000000,1
1505429309,21251611,229.97,4.76000000,1
1505429308,21251608,229.97,1.06000000,1
1505429286,21251558,229.35,0.08041000,1
1505429271,21251535,230.33,8.10093742,0
1505429271,21251534,230.33,11.16000000,0
1505429271,21251533,230.32,0.73461328,0
1505429266,21251526,229.50,0.13921300,1
1505429266,21251525,229.53,0.94401000,1
1505429125,21251350,230.47,6.33622386,0
1505429074,21251248,229.50,0.94405000,1
1505429068,21251242,229.50,0.00853690,0
1505429066,21251237,229.50,9.97046310,0
1505429004,21251187,229.14,11.16068036,1
1505429004,21251186,229.15,2.52470725,1
1505428969,21251155,230.30,17.27820682,0
1505428969,21251154,230.29,0.19700000,0
1505428961,21251149,230.31,2.52470725,0
1505428944,21251133,229.00,23.26713763,1
1505428943,21251132,229.01,7.07081776,1
1505428808,21250978,231.60,4.30742660,0
1505428766,21250908,228.96,1.00175677,1
1505428764,21250900,229.74,7.07081776,0
1505428762,21250897,228.95,10.84669960,0
1505428761,21250896,229.01,0.05000000,1
1505428761,21250895,229.23,0.59000000,1
1505428761,21250894,229.77,0.05000000,1
1505428759,21250893,230.00,7.28805148,1
1505428740,21250857,230.00,7.58759585,1
1505428740,21250856,230.00,20.90973913,1
1505428740,21250855,230.00,9.60000000,1
1505428740,21250854,230.00,13.33117532,1
1505428739,21250853,230.09,0.13920370,1
1505428739,21250852,230.24,5.00000000,1
1505428721,21250828,230.60,0.13047350,0
1505428721,21250827,230.58,0.81357650,0
1505428720,21250823,230.59,0.66095703,1
1505428709,21250798,230.59,1.33904297,1
1505428709,21250797,230.60,6.72616803,1
1505428685,21250724,231.77,5.31680239,0
1505428685,21250722,230.61,3.68538761,0
1505428685,21250721,230.60,0.94401000,0
1505428685,21250720,230.59,0.34400000,0
1505428663,21250685,231.00,10.00000000,1
1505428619,21250601,231.96,16.69995700,0
1505428619,21250599,231.96,3.30000000,0
1505428617,21250589,230.67,0.19700000,0
1505428615,21250587,230.67,3.30000000,1
1505428577,21250525,232.02,2.58542789,0
1505428575,21250523,232.03,0.94401000,0
1505428575,21250522,232.03,0.34400000,0
1505428575,21250520,232.05,5.00000000,1
1505428540,21250508,233.00,16.96315209,0
1505428534,21250474,232.00,2.93009700,1
1505428510,21250441,233.05,19.13453281,0
1505428510,21250440,232.48,0.14774018,0
1505428510,21250439,232.47,0.71768401,0
1505428490,21250393,232.36,8.70218473,0
1505428489,21250389,232.38,0.37939945,0
1505428489,21250388,232.37,5.67000000,0
1505428488,21250387,232.36,1.68966314,0
1505428473,21250349,232.30,0.49526068,1
1505428473,21250348,232.30,1.78900900,1
1505428473,21250347,232.30,1.27448300,1
1505428471,21250344,232.30,0.40675851,1
1505428471,21250342,232.30,0.00000044,1
1505428471,21250341,232.30,2.77903956,1
1505428469,21250336,232.30,0.14774018,1
1505428469,21250335,232.30,0.19698691,1
1505428469,21250333,232.00,1.00000000,0
1505428468,21250332,231.83,2.58810335,0
1505428468,21250330,231.77,0.94514000,0
1505428468,21250329,231.77,0.34400000,0
1505428468,21250328,231.71,0.19700000,0
1505428468,21250327,231.71,1.98765000,0
1505428467,21250325,231.71,4.79755400,0
1505428466,21250324,231.72,1.05127437,0
1505428447,21250296,230.36,0.42000000,1
1505428447,21250295,231.32,0.58000000,1
1505428420,21250277,231.69,4.54131500,0
1505428353,21250143,231.97,0.38435000,0
1505428349,21250138,232.00,1.23582236,0
1505428320,21250097,232.14,0.59698600,0
1505428284,21250065,232.34,0.40663400,0
1505428273,21250053,231.96,0.14000000,1
1505428271,21250048,232.43,0.59618700,0
1505428246,21249993,231.95,0.15600000,1
1505428244,21249990,231.96,0.34400000,1
1505428231,21249975,232.62,0.94514000,0
1505428231,21249974,232.62,2.48465677,1
1505428231,21249973,232.62,0.19700000,1
1505428231,21249972,232.63,7.07083714,1
1505428227,21249971,233.07,0.02531833,1
1505428221,21249950,233.89,0.89991000,0
1505428221,21249949,233.07,0.45190000,1
1505428219,21249947,233.07,0.22288875,0
1505428218,21249945,233.07,0.47721833,0
1505428206,21249927,233.07,0.02866092,0
1505428151,21249889,233.07,0.21452200,0
1505428068,21249787,233.15,1.76086440,0
1505428025,21249757,232.47,2.48592789,0
1505428025,21249756,232.36,0.19700000,0
1505428025,21249755,232.34,0.34400000,0
1505428025,21249753,232.33,6.96107211,0
1505427921,21249691,231.95,0.10976503,1
1505427914,21249676,232.00,3.00000000,1
1505427913,21249671,232.00,17.00000000,1
1505427913,21249669,232.01,0.05000000,1
1505427913,21249667,232.07,8.00000000,1
1505427913,21249666,232.07,0.34400000,1
1505427913,21249665,232.07,0.50000000,1
1505427885,21249601,233.33,1.15643645,1
1505427885,21249600,233.33,2.85200000,1
1505427879,21249589,233.33,2.00000000,1
1505427876,21249587,233.33,0.99244555,1
1505427865,21249572,233.33,12.99911800,1
1505427865,21249571,233.34,13.48000000,1
1505427864,21249569,233.51,0.15763779,1
1505427864,21249568,233.51,1.38613515,1
1505427859,21249561,233.51,5.22200612,1
1505427859,21249560,233.52,2.56938336,1
1505427859,21249559,233.53,1.26240752,1
1505427853,21249552,233.73,0.09356949,1
1505427853,21249551,233.73,0.09356949,1
1505427853,21249550,233.97,0.12463135,1
1505427843,21249527,233.63,0.59000000,1
1505427842,21249525,233.65,0.19700000,1
1505427842,21249524,233.69,0.59000000,1
1505427836,21249519,233.70,5.80842962,1
1505427810,21249458,234.38,0.53315000,0
1505427810,21249457,234.37,0.36000000,0
1505427787,21249422,233.71,0.03000000,0
1505427786,21249420,233.72,0.32767335,1
1505427780,21249408,234.47,8.50859385,0
1505427763,21249394,234.52,5.04713493,1
1505427762,21249392,234.52,13.41000000,1
1505427762,21249391,234.52,7.07083710,0
1505427752,21249388,234.00,1.12974358,1
1505427655,21249262,234.39,0.58999500,1
1505427655,21249261,234.40,0.94329000,1
1505427635,21249240,234.41,4.07296200,1
1505427618,21249224,234.40,1.65066916,0
1505427618,21249223,234.40,0.44775865,0
1505427612,21249200,233.61,4.99683100,0
1505427612,21249197,234.09,4.52720000,1
1505427610,21249180,234.45,0.00000249,1
1505427608,21249171,234.45,2.55918106,0
1505427608,21249169,234.39,0.59000000,0
1505427608,21249168,234.38,0.94338000,0
1505427608,21249166,234.00,4.52718598,0
1505427608,21249165,233.98,0.00000047,0
1505427607,21249162,233.98,1.97453353,1
1505427604,21249158,234.00,0.47281402,0
1505427591,21249140,233.51,13.39185873,1
1505427591,21249139,233.53,0.60000000,1
1505427591,21249137,233.56,63.36500000,1
1505427591,21249136,233.79,0.59000000,1
1505427590,21249135,233.84,9.72100000,1
1505427590,21249133,233.90,0.05023000,1
1505427571,21249097,234.00,0.00000477,0
1505427570,21249095,234.00,1.97217000,0
1505427529,21249037,235.01,0.05000000,0
1505427512,21248997,235.03,8.52703947,1
1505427511,21248995,235.03,17.11299900,1
1505427510,21248992,235.03,1.02180000,1
1505427508,21248988,235.03,3.00000000,1
1505427505,21248980,235.03,3.43139174,1
1505427504,21248979,235.03,0.17326900,1
1505427503,21248975,235.03,1.72308300,1
1505427502,21248973,235.03,5.00000000,1
1505427502,21248972,235.04,5.00000000,1
1505427499,21248966,235.03,1.77095300,1
1505427498,21248964,235.03,0.50598700,1
1505427497,21248962,235.20,2.35986761,1
1505427497,21248961,235.20,4.00000000,1
1505427497,21248959,235.20,3.63068700,1
1505427496,21248956,235.29,0.59000000,1
1505427483,21248942,235.20,9.53044879,1
1505427483,21248941,235.25,0.46955121,1
1505427481,21248929,235.25,2.08114900,1
1505427481,21248927,235.29,0.59000000,1
1505427472,21248917,235.27,5.00000000,1
1505427472,21248916,235.39,0.31585050,1
1505427471,21248914,235.59,0.59000000,1
1505427454,21248872,235.39,0.27414950,1
1505427453,21248869,235.43,0.38992482,1
1505427430,21248802,235.93,0.94315000,1
1505427425,21248794,236.48,0.27671992,1
1505427424,21248792,236.48,5.00000000,1
1505427424,21248790,236.47,13.23200000,0
1505427419,21248777,235.92,3.90792005,1
1505427417,21248773,235.92,0.47207995,1
1505427409,21248759,235.92,0.43492191,1
1505427409,21248757,235.91,0.47225112,0
1505427408,21248752,235.00,3.99738779,0
1505427408,21248751,234.32,4.28449000,0
1505427405,21248736,235.00,46.55100000,0
1505427404,21248731,235.00,7.39129375,0
1505427404,21248727,235.00,12.13069820,0
1505427403,21248726,235.00,5.77183716,0
1505427403,21248725,235.00,5.94918905,0
1505427403,21248724,235.69,3.50000000,1
1505427403,21248723,235.91,8.31859405,1
1505427403,21248721,235.93,2.39000000,1
1505427401,21248714,235.91,1.15344595,1
1505427401,21248713,235.93,1.39000466,1
1505427400,21248712,235.93,3.44999534,0
1505427400,21248711,235.93,1.18000000,0
1505427400,21248710,235.93,0.37000000,0
1505427397,21248699,236.00,0.09947191,0
1505427397,21248695,237.69,1.26482305,1
1505427396,21248690,237.89,1.90763005,0
1505427396,21248686,237.69,4.84000000,1
1505427396,21248685,237.69,0.11957299,1
1505427396,21248684,237.69,0.86220801,1
1505427395,21248681,237.69,2.42293146,1
1505427395,21248679,237.69,0.00706854,1
1505427394,21248671,237.50,0.41200000,0
1505427394,21248669,237.00,0.15000000,0
1505427394,21248667,236.80,3.50000000,0
1505427393,21248658,235.92,0.19500000,1
1505427391,21248646,236.75,4.84000000,1
1505427391,21248643,236.75,3.50000000,0
1505427391,21248640,235.99,0.59000000,0
1505427390,21248630,235.91,0.38910705,0
1505427389,21248624,234.00,4.88483856,0
1505427389,21248621,234.00,3.72577800,0
1505427388,21248616,234.00,0.47231683,0
1505427387,21248609,234.00,62.77636904,0
1505427387,21248608,233.99,1.29256000,0
1505427387,21248601,234.00,4.02274100,0
1505427386,21248598,234.00,10.67507000,0
1505427386,21248595,234.00,12.89472500,0
1505427386,21248592,234.00,35.50720000,0
1505427386,21248590,234.00,3.55685895,0
1505427385,21248583,234.00,7.00000100,0
1505427384,21248581,234.00,0.04000000,0
1505427384,21248574,234.00,4.48098327,0
1505427383,21248570,234.00,5.00000000,0
1505427383,21248566,234.00,8.53000000,0
1505427382,21248563,234.00,50.00000000,1
1505427382,21248560,234.05,2.56399081,1
1505427382,21248558,234.28,0.38910705,1
1505427382,21248556,234.94,3.50000000,1
1505427382,21248554,235.00,50.00000000,1
1505427382,21248553,235.02,28.39000000,1
1505427381,21248552,235.09,0.59000000,1
1505427381,21248550,235.90,1.00000000,1
1505427381,21248549,235.90,0.00002049,1
1505427378,21248533,235.90,0.46428246,1
1505427378,21248529,235.91,7.28188716,0
1505427376,21248516,235.90,0.88841849,1
1505427374,21248504,235.90,3.48727856,1
1505427372,21248497,235.10,1.29256000,1
1505427372,21248496,235.90,1.26921000,1
1505427372,21248493,235.90,3.57079000,0
1505427364,21248457,235.93,1.00000000,0
1505427357,21248431,235.91,1.86921000,1
1505427356,21248429,235.90,1.63079000,0
1505427354,21248415,235.90,4.84000000,1
1505427352,21248401,235.89,3.50000000,0
1505427352,21248399,235.82,4.84000000,0
1505427352,21248397,235.47,0.15634043,0
1505427350,21248393,235.02,12.00000000,0
1505427341,21248363,234.27,8.73900000,1
1505427337,21248349,235.00,48.63350875,1
1505427337,21248347,235.00,9.20140915,1
1505427336,21248342,235.00,1.21695527,1
1505427336,21248338,235.00,1.17380648,1
1505427335,21248330,235.00,0.47386252,1
1505427334,21248325,235.00,3.47400754,1
1505427333,21248323,235.01,1.21714570,1
1505427332,21248318,235.00,0.50763998,0
1505427332,21248317,234.95,1.06500642,0
1505427332,21248316,234.88,0.38809885,0
1505427332,21248315,234.87,0.23000000,0
1505427325,21248297,234.44,2.19914254,0
1505427325,21248296,234.43,0.12256145,0
1505427324,21248295,234.42,0.23000000,0
1505427304,21248249,234.42,0.00000500,0
1505427303,21248241,234.42,0.22999500,0
1505427287,21248220,234.43,0.85628197,1
1505427286,21248214,234.43,2.97184576,1
1505427283,21248209,234.43,2.97126773,1
1505427281,21248205,234.43,2.97060454,1
1505427280,21248201,234.43,0.23000000,0
1505427238,21248128,233.57,9.74108675,1
1505427234,21248112,233.55,0.60000000,1
1505427232,21248102,234.44,0.80085746,0
1505427232,21248100,234.41,2.85513200,0
1505427232,21248099,234.01,1.07089254,0
1505427203,21248034,232.56,1.16631300,1
1505427203,21248032,232.56,0.19500000,1
1505427202,21248028,232.58,2.46000000,1
1505427200,21248011,234.01,17.15621117,1
1505427199,21248003,234.01,1.17473302,1
1505427199,21248000,234.01,0.49380689,0
1505427167,21247905,233.98,10.67456820,0
1505427167,21247904,233.98,10.27956000,0
1505427167,21247903,233.97,75.29100000,0
1505427162,21247890,233.99,8.25000000,0
1505427162,21247889,233.99,1.36000000,0
1505427159,21247887,232.30,0.05000000,0
1505427152,21247863,232.01,0.96580589,1
1505427152,21247861,232.01,0.38999000,1
1505427151,21247858,232.04,0.39887430,0
1505427149,21247852,232.00,1.22907146,1
1505427149,21247851,232.00,0.52176720,1
1505427149,21247850,232.00,0.07823280,1
1505427148,21247843,232.04,0.78112570,0
1505427147,21247840,232.01,0.38999155,0
1505427147,21247834,232.00,0.39074933,1
1505427144,21247826,232.00,0.38952841,1
1505427143,21247824,232.01,0.39513200,1
1505427142,21247821,232.00,3.14148946,0
1505427141,21247820,232.00,3.78380166,0
1505427140,21247817,232.00,0.54000000,0
1505427139,21247816,232.00,0.11841000,0
1505427139,21247814,231.40,0.42159000,0
1505427139,21247811,231.40,0.54000000,0
1505427136,21247802,232.00,14.59619834,0
1505427135,21247796,232.00,127.82010054,0
1505427135,21247795,231.99,3.51351646,0
1505427135,21247793,231.77,10.00000000,0
1505427135,21247790,231.24,0.10641100,0
1505427133,21247770,231.00,2.22000000,1
1505427132,21247769,231.99,6.50313354,0
1505427132,21247768,231.98,1.49678830,0
1505427132,21247767,231.25,0.00007816,0
1505427130,21247754,231.00,0.31248048,1
1505427129,21247747,231.01,0.84764621,1
1505427128,21247738,231.00,1.23359931,1
1505427124,21247719,230.83,0.10641100,1
1505427124,21247718,231.01,0.96159000,1
1505427120,21247702,231.25,5.15989268,0
1505427118,21247691,231.25,4.84000000,0
1505427117,21247687,231.41,0.00002916,1
1505427117,21247685,231.41,0.58997084,1
1505427115,21247679,230.99,2.59796493,1
1505427115,21247678,231.00,0.29762409,1
1505427115,21247677,231.99,3.87000000,0
1505427113,21247668,231.99,14.84287323,1
1505427113,21247662,231.99,2.58000000,1
1505427113,21247661,231.99,1.13512677,1
1505427112,21247655,231.99,0.34600000,1
1505427112,21247651,231.99,0.90000000,0
1505427112,21247649,231.30,0.19600000,0
1505427111,21247648,230.97,0.96176000,1
1505427105,21247629,230.96,4.84000000,1
1505427101,21247623,230.96,6.28200000,0
1505427097,21247611,230.99,4.86447730,0
1505427097,21247610,230.68,0.13552270,0
1505427086,21247586,230.67,7.75614000,0
1505427085,21247585,230.45,0.13552270,0
1505427067,21247529,230.00,40.00000000,1
1505427016,21247465,230.00,0.09055751,1
1505427016,21247464,230.00,3.24978280,1
1505427009,21247455,230.00,3.91856031,1
1505427007,21247452,230.00,1.02450000,1
1505427006,21247451,230.00,2.69332200,1
1505427005,21247448,230.00,0.73532777,1
1505427001,21247433,230.00,3.00000000,1
1505427001,21247429,230.00,1.68000000,1
1505426998,21247424,230.00,10.00000000,1
1505426996,21247421,230.00,2.30758000,1
1505426992,21247412,230.00,4.26325800,1
1505426991,21247411,230.00,2.26222000,1
1505426989,21247405,230.00,5.68920000,1
1505426989,21247404,230.01,6.56000000,1
1505426986,21247400,230.00,5.27956500,1
1505426982,21247396,230.00,0.22513900,1
1505426976,21247376,230.00,4.62061700,1
1505426974,21247374,230.00,3.00000000,1
1505426971,21247371,230.00,4.00000000,1
1505426966,21247364,230.00,0.70597000,1
1505426962,21247315,230.00,3.00000000,1
1505426954,21247308,230.00,0.10000000,1
1505426953,21247307,230.00,7.68168000,1
1505426951,21247306,230.00,6.80000000,1
1505426947,21247305,230.00,2.84129700,1
1505426946,21247304,230.00,3.19667700,1
1505426939,21247298,230.00,0.41254200,1
1505426934,21247293,230.00,121.91887445,1
1505426931,21247289,230.00,10.54849700,1
1505426926,21247285,230.00,4.05594300,1
1505426916,21247283,230.00,3.00000000,1
1505426907,21247273,230.00,3.26901300,1
1505426906,21247272,230.00,13.42000000,1
1505426901,21247263,230.00,23.57569000,1
1505426898,21247255,230.00,1.99760000,1
1505426889,21247247,230.00,2.52575800,1
1505426882,21247233,230.00,0.18335900,1
1505426872,21247220,230.00,5.23742773,1
1505426865,21247213,230.00,0.05000000,1
1505426859,21247208,230.01,3.46571558,1
1505426848,21247183,230.01,1.53428442,1
1505426832,21247164,230.00,4.00000000,1
1505426830,21247160,230.00,62.00000000,1
1505426817,21247133,230.01,0.00002596,0
1505426817,21247131,230.01,4.16845051,0
1505426817,21247130,230.01,15.83139561,0
1505426810,21247114,230.00,100.00000000,1
1505426803,21247095,230.00,4.44000000,1
1505426802,21247094,230.00,4.60000000,1
1505426802,21247092,230.00,74.40766782,1
1505426802,21247090,230.00,0.20923500,1
1505426800,21247088,230.00,4.84000000,1
1505426799,21247085,230.00,0.02715500,1
1505426799,21247082,230.00,0.18976400,1
1505426797,21247079,230.00,0.21687200,1
1505426796,21247077,230.00,3.03622100,1
1505426796,21247076,230.00,0.43154021,1
1505426796,21247075,230.01,2.63227679,1
1505426795,21247073,230.01,18.92028200,1
1505426791,21247063,230.01,21.04671800,1
1505426788,21247058,230.01,0.32929495,1
1505426778,21247044,230.01,30.53363900,1
1505426771,21247034,230.01,3.77342900,1
1505426764,21247027,230.01,3.66203100,1
1505426759,21247020,230.01,19.10232926,1
1505426758,21247019,230.02,2.60367074,1
1505426758,21247018,230.05,0.86900000,1
1505426756,21247013,230.69,0.25394100,1
1505426755,21247011,230.69,0.70781900,1
1505426755,21247009,230.69,0.34600000,1
1505426755,21247008,230.69,0.19600000,1
1505426749,21247003,230.68,2.32401000,1
1505426743,21246994,230.67,2.60111848,0
1505426731,21246986,230.65,0.26946277,1
1505426730,21246985,230.65,69.15300000,0
1505426730,21246984,230.64,0.06007657,0
1505426670,21246933,230.05,3.00000000,1
1505426659,21246922,230.73,0.69222848,0
1505426654,21246920,230.05,11.13100000,1
1505426644,21246912,230.72,0.34399529,0
1505426551,21246846,230.05,9.20159930,0
1505426551,21246845,230.06,0.59000000,1
1505426551,21246844,230.06,0.59000000,1
1505426550,21246842,230.07,0.21840070,1
1505426548,21246841,230.07,1.00000000,1
1505426509,21246818,230.09,0.06007657,1
1505426504,21246806,230.09,0.82608077,1
1505426504,21246805,230.11,0.06031000,1
1505426500,21246800,230.12,4.92922829,1
1505426499,21246795,230.12,0.06006171,1
1505426435,21246696,230.30,1.15294794,1
1505426435,21246693,230.30,1.24261016,0
1505426433,21246685,230.31,0.06006171,1
1505426433,21246684,231.07,0.04503829,1
1505426407,21246619,231.31,0.05998875,1
1505426407,21246612,230.31,3.24928221,0
1505426407,21246606,230.55,0.11534263,1
1505426406,21246603,230.55,1.25200000,1
1505426406,21246599,230.59,1.25654942,0
1505426406,21246598,231.23,0.96137000,1
1505426403,21246584,231.90,0.02585538,0
1505426398,21246569,230.55,1.34750000,1
1505426398,21246566,230.90,0.15250000,1
1505426398,21246562,231.14,5.00000000,1
1505426398,21246560,231.23,0.96137000,1
1505426238,21246346,231.93,0.34399529,1
1505426237,21246344,232.13,5.57195264,1
1505426237,21246342,232.13,8.47341207,1
1505426236,21246339,232.13,2.58665287,1
1505426233,21246318,232.15,1.80000000,1
1505426230,21246317,232.07,0.08384035,0
1505426129,21246130,230.91,0.96237000,0
1505426129,21246129,230.90,0.34500000,0
1505426118,21246100,230.92,1.98110000,0
1505426115,21246095,230.92,0.96237000,0
1505426111,21246087,231.00,1.24744588,1
1505426103,21246075,231.00,0.69782200,1
1505426098,21246065,231.01,0.61477800,1
1505426082,21246040,231.50,0.22578800,0
1505426082,21246039,231.49,0.96033000,0
1505426051,21246010,231.48,0.34500000,0
1505426051,21246009,231.48,0.96033000,1
1505426049,21246004,231.51,4.00000000,1
1505426029,21245960,232.03,8.40000000,0
1505426028,21245959,232.03,0.95805962,0
1505425993,21245921,231.55,0.95805962,1
1505425993,21245920,231.61,0.04935019,1
1505425993,21245919,231.61,0.04935019,1
1505425937,21245867,232.07,7.92311146,1
1505425937,21245866,232.07,1.36881114,0
1505425930,21245861,232.07,0.51304948,1
1505425929,21245860,232.07,0.10000000,1
1505425929,21245859,232.07,0.10000000,1
1505425929,21245858,232.07,0.95590000,0
1505425928,21245856,232.05,8.40000000,0
1505425928,21245855,232.05,0.19500000,0
1505425928,21245854,232.04,0.10000000,0
1505425928,21245853,232.04,0.34400000,0
1505425900,21245815,232.12,16.06180000,0
1505425846,21245776,232.23,19.76987208,0
1505425846,21245775,232.22,0.23000000,0
1505425815,21245730,232.30,10.18000000,0
1505425812,21245723,230.57,0.24178147,1
1505425782,21245671,231.55,0.10000000,1
1505425782,21245669,231.56,0.10000000,1
1505425782,21245668,231.57,0.10000000,1
1505425719,21245592,232.77,7.70628030,0
1505425709,21245588,232.83,0.12850578,0
1505425699,21245584,231.58,0.04018000,1
1505425641,21245523,231.58,0.10000000,1
1505425640,21245521,231.58,0.10000000,1
1505425640,21245519,231.59,0.10000000,1
1505425635,21245511,230.23,5.07635876,1
1505425635,21245510,231.31,0.05799986,1
1505425635,21245509,231.31,0.26052597,0
1505425635,21245508,231.31,8.40000000,0
1505425634,21245507,231.31,1.22694300,0
1505425634,21245504,231.57,0.95590000,1
1505425634,21245503,231.57,1.22227241,1
1505425633,21245498,231.58,8.40000000,0
1505425632,21245497,231.58,8.40000000,1
1505425631,21245495,232.21,0.23000000,0
1505425628,21245481,232.21,0.34400000,0
1505425627,21245475,232.21,0.05000000,1
1505425625,21245470,233.16,0.01547536,0
1505425625,21245468,232.70,0.14222368,0
1505425625,21245466,232.58,0.05000000,0
1505425525,21245301,232.44,2.08394120,0
1505425523,21245300,232.45,1.21275514,0
1505425513,21245269,232.36,0.95268000,0
1505425513,21245268,232.34,0.40300000,0
1505425513,21245267,232.34,4.15677707,0
1505425513,21245266,232.34,2.53981199,0
1505425513,21245265,232.34,1.70341094,0
1505425512,21245264,232.33,2.05375000,0
1505425494,21245222,231.35,6.95209700,1
1505425489,21245197,231.31,17.44537800,1
1505425489,21245194,231.75,0.05800000,1
1505425486,21245172,231.72,0.34500000,1
1505425463,21245097,232.49,2.35072364,0
1505425463,21245096,232.48,0.23000000,0
1505425451,21245059,232.49,0.95268000,1
1505425430,21245029,233.67,8.12758483,0
1505425402,21244996,232.47,0.11874000,1
1505425400,21244994,233.83,0.40291494,0
1505425400,21244993,233.39,1.00000000,0
1505425400,21244992,233.00,0.51947189,0
1505425399,21244991,233.00,9.48052811,0
1505425399,21244990,232.87,0.95112000,0
1505425399,21244989,232.86,0.34500000,0
1505425399,21244988,232.86,0.23000000,0
1505425399,21244987,232.85,7.07083714,0
1505425385,21244952,232.45,8.40000000,1
1505425385,21244948,232.45,8.40000000,1
1505425377,21244922,232.45,0.42391600,1
1505425362,21244900,231.31,2.49662214,1
1505425361,21244899,231.32,2.79269500,1
1505425361,21244898,231.32,13.35000000,1
1505425361,21244897,232.44,0.62000000,1
1505425361,21244896,232.45,0.95112000,1
1505425347,21244869,232.97,2.57543900,1
1505425347,21244867,233.00,74.68456110,0
1505425346,21244865,232.99,0.44000000,0
1505425346,21244863,232.97,2.57543890,0
1505425346,21244862,232.95,0.94900000,0
1505425346,21244860,232.93,0.23000000,0
1505425332,21244836,232.94,0.21725600,0
1505425287,21244748,231.32,0.44406850,1
1505425287,21244747,231.65,0.23000000,1
1505425287,21244746,231.66,0.34500000,1
1505425281,21244717,232.80,2.42396493,1
1505425272,21244693,232.81,0.57000000,0
1505425270,21244690,232.81,1.00000000,1
1505425270,21244689,233.01,2.57316823,1
1505425244,21244626,233.69,8.75350000,0
1505425240,21244619,233.71,1.26169023,0
1505425213,21244579,232.80,0.13105665,1
1505425208,21244572,232.80,1.39050386,1
1505425208,21244571,232.81,7.00949614,1
1505425201,21244560,232.80,0.05447456,1
1505425189,21244552,232.98,0.22700000,0
1505425181,21244534,232.98,0.94900000,0
1505425175,21244524,232.99,16.16656184,1
1505425173,21244521,232.99,0.02433000,1
1505425171,21244517,233.01,0.19500000,1
1505425168,21244513,233.00,0.06134100,1
1505425167,21244512,232.99,2.57676616,1
1505425167,21244511,232.84,0.94964000,0
1505425164,21244508,232.83,0.28265900,0
1505425155,21244496,232.84,0.28265926,0
1505425148,21244488,232.85,0.11157129,0
1505425148,21244487,232.85,8.57864386,0
1505425148,21244486,232.84,5.46405614,0
1505425140,21244473,231.52,69.85504523,1
1505425140,21244472,231.87,8.40000000,1
1505425139,21244471,231.90,0.15242477,1
1505425139,21244470,232.15,0.06889000,1
1505425139,21244469,232.17,0.23000000,1
1505425139,21244467,232.17,0.94964000,1
1505425137,21244465,232.18,0.34400000,1
1505425100,21244418,231.90,0.00000100,0
1505425099,21244416,231.90,0.15250000,0
1505425083,21244405,232.99,0.42963100,0
1505425078,21244400,233.00,0.47500000,0
1505425078,21244399,232.86,8.40000000,0
1505425078,21244398,232.85,0.19500000,0
1505425068,21244388,233.00,1.58328000,0
1505425068,21244387,232.99,9.07000000,0
1505425068,21244386,232.89,0.94672000,0
1505425068,21244385,232.86,8.40000000,0
1505425065,21244378,232.86,1.17715000,0
1505425058,21244370,231.60,0.07114519,1
1505425004,21244317,231.39,12.36523839,0
1505425004,21244316,232.70,2.97217477,1
1505425004,21244315,233.10,1.29711660,1
1505425002,21244314,233.18,0.23000000,1
1505424989,21244311,233.10,3.54288340,1
1505424989,21244310,233.17,5.09334760,1
1505424942,21244260,233.94,0.25334796,0
1505424942,21244259,233.54,0.00000204,0
1505424931,21244243,233.54,0.14227969,1
1505424931,21244242,233.54,0.14227969,1
1505424931,21244241,233.77,0.18951960,1
1505424931,21244240,233.94,0.70127898,1
1505424929,21244237,233.94,0.85999000,1
1505424927,21244231,233.94,1.85510900,1
1505424927,21244230,233.95,0.39599900,1
1505424926,21244228,233.95,4.55410100,1
1505424924,21244227,233.95,0.04990000,1
1505424920,21244222,233.94,1.42362202,1
1505424920,21244221,234.10,0.00011598,1
1505424919,21244219,234.10,0.94660402,1
1505424917,21244214,233.92,1.19826800,1
1505424916,21244213,233.92,3.64173200,1
1505424913,21244212,233.96,0.94746300,1
1505424882,21244159,234.06,2.97870000,1
1505424875,21244154,234.03,1.65530000,1
1505424855,21244077,234.00,0.01959969,0
1505424854,21244071,234.00,0.82500000,0
1505424854,21244069,234.00,0.29900000,0
1505424850,21244066,234.00,1.80578600,0
1505424840,21244047,233.84,0.76352873,1
1505424839,21244045,233.84,4.17687000,1
1505424837,21244041,233.83,1.72135000,1
1505424832,21244033,234.19,0.48298605,0
1505424832,21244032,234.19,0.43061395,0
1505424832,21244030,234.18,0.23000000,0
1505424805,21243981,234.19,0.48302388,1
1505424804,21243973,234.19,5.06697612,1
1505424804,21243972,234.19,0.91363787,1
1505424801,21243965,234.19,1.06673350,0
1505424801,21243964,234.18,5.54962863,0
1505424801,21243962,234.18,1.47000000,0
1505424801,21243961,234.18,6.06000000,0
1505424800,21243960,234.18,1.47000000,0
1505424799,21243957,234.18,0.87355237,0
1505424799,21243956,234.16,0.86995764,0
1505424799,21243955,234.16,3.37000000,0
1505424798,21243953,234.15,0.94648999,0
1505424797,21243951,234.16,1.47000000,0
1505424797,21243950,230.04,4.34893673,1
1505424797,21243949,231.33,0.10000000,1
1505424797,21243948,231.53,0.10000000,1
1505424797,21243947,231.61,0.58000000,1
1505424797,21243946,231.68,0.10000000,1
1505424796,21243945,231.78,0.10000000,1
1505424796,21243944,232.01,0.05000000,1
1505424796,21243943,233.01,0.05000000,1
1505424796,21243942,233.55,0.05000000,1
1505424796,21243941,233.55,0.05000000,1
1505424796,21243940,233.55,0.05000000,1
1505424796,21243939,233.55,0.05000000,1
1505424796,21243938,233.56,0.05000000,1
1505424795,21243937,233.60,0.54000000,1
1505424795,21243936,233.64,1.61511563,1
1505424795,21243935,234.16,2.33000045,1
1505424795,21243934,234.16,1.26657100,0
1505424795,21243933,234.16,2.46342855,0
1505424794,21243931,234.16,0.87000000,1
1505424794,21243930,234.16,1.26657145,1
1505424793,21243928,234.16,0.20342855,1
1505424793,21243927,234.16,3.21657145,1
1505424793,21243926,234.16,2.84493000,1
1505424792,21243917,234.16,0.87000000,1
1505424791,21243912,234.16,1.46849855,1
1505424790,21243911,234.16,1.61100000,0
1505424789,21243910,234.15,6.78900000,0
1505424765,21243867,234.89,4.36540553,1
1505424764,21243866,234.19,0.63459447,0
1505424757,21243857,233.61,2.78000000,1
1505424757,21243856,233.70,0.05000000,1
1505424757,21243855,233.71,0.05000000,1
1505424757,21243854,233.79,0.19500000,1
1505424754,21243846,233.80,0.45040550,1
1505424754,21243845,234.19,0.63459450,1
1505424753,21243844,234.93,10.00000000,0
1505424752,21243841,234.19,0.22882500,1
1505424750,21243837,234.19,1.06574350,1
1505424749,21243833,234.19,2.91083700,1
1505424745,21243827,234.95,0.35808989,1
1505424745,21243826,234.95,4.42664962,1
1505424744,21243824,234.95,2.29014100,1
1505424744,21243823,234.95,4.84000000,1
1505424742,21243818,234.98,1.70033777,0
1505424740,21243811,235.00,18.98819900,1
1505424740,21243810,235.00,10.00000000,0
1505424739,21243809,235.00,2.00000000,0
1505424739,21243808,235.00,3.50000000,0
1505424739,21243807,234.99,15.51180100,0
1505424736,21243799,234.19,0.94648999,1
1505424730,21243786,234.18,0.83399089,1
1505424729,21243784,234.19,0.23000000,1
1505424727,21243776,234.96,0.85812838,0
1505424726,21243774,234.18,1.10583108,1
1505424724,21243766,234.18,1.06339520,1
1505424724,21243761,234.20,5.28477800,1
1505424721,21243748,234.18,0.00000199,0
1505424718,21243743,234.18,0.99496801,1
1505424711,21243726,233.49,0.05000000,0
1505424696,21243674,233.28,5.37168500,0
1505424695,21243672,233.27,8.27000000,0
1505424695,21243671,233.26,3.11899300,0
1505424695,21243670,233.26,13.61173900,0
1505424695,21243669,233.25,0.34400000,0
1505424694,21243668,233.10,1.07072224,1
1505424694,21243665,233.09,0.20961177,1
1505424692,21243659,233.09,8.56461530,1
1505424692,21243653,233.09,1.22577293,1
1505424689,21243648,233.08,3.17007722,0
1505424689,21243647,233.07,0.23000000,0
1505424687,21243643,233.08,0.00000020,1
1505424686,21243637,233.08,6.98102580,0
1505424671,21243595,232.46,0.05000000,0
1505424659,21243542,232.07,4.77000000,1
1505424659,21243541,232.10,0.34400000,1
1505424659,21243540,232.11,0.23000000,1
1505424636,21243501,232.07,6.55263300,1
1505424620,21243472,231.83,0.86751510,0
1505424585,21243411,232.79,44.04088298,0
1505424585,21243410,232.29,0.10000000,0
1505424585,21243409,232.09,0.10000000,0
1505424585,21243408,232.02,2.58598397,0
1505424571,21243395,231.98,0.18961129,0
1505424571,21243393,231.96,0.23000000,0
1505424571,21243391,231.94,0.10000000,0
1505424571,21243389,231.84,0.10000000,0
1505424569,21243378,231.80,0.86751510,1
1505424532,21243341,231.79,0.18961129,1
1505424527,21243335,232.05,18.53080000,1
1505424526,21243330,232.05,11.59000000,1
1505424523,21243325,232.06,1.16698600,1
1505424522,21243324,232.06,7.09949000,1
1505424520,21243318,231.94,19.38600000,0
1505424510,21243305,232.13,0.41064477,0
1505424510,21243304,232.06,0.95506086,0
1505424510,21243303,232.03,0.19600000,0
1505424510,21243302,231.98,14.64725000,0
1505424509,21243301,231.98,2.50000000,0
1505424509,21243299,231.95,1.28662920,0
1505424508,21243296,231.96,0.99758600,0
1505424487,21243252,230.04,0.19600000,1
1505424487,21243251,230.22,0.60871000,1
1505424487,21243249,230.24,0.23000000,1
1505424481,21243237,230.27,1.71502200,1
1505424478,21243233,232.16,1.38977009,0
1505424478,21243232,232.15,13.25000000,0
1505424478,21243231,232.15,5.35581474,0
1505424438,21243172,232.42,0.44002189,0
1505424438,21243169,232.42,0.58101408,0
1505424437,21243168,231.00,0.19308694,0
1505424423,21243156,230.86,0.60703914,0
1505424422,21243154,231.00,0.39048365,0
1505424422,21243153,231.00,0.39837981,0
1505424422,21243152,230.88,0.23000000,0
1505424421,21243151,230.86,0.19600000,0
1505424421,21243150,230.85,0.34600000,0
1505424405,21243119,230.06,0.27000000,0
1505424405,21243118,230.07,0.23000000,1
1505424392,21243099,230.93,1.29918526,0
1505424382,21243082,230.00,11.30061000,1
1505424379,21243078,230.00,5.47705824,1
1505424379,21243077,230.14,0.15894176,1
1505424376,21243071,230.57,0.76214000,1
1505424376,21243070,230.58,0.19125000,1
1505424373,21243067,231.09,0.00000287,1
1505424373,21243066,231.10,0.34600000,1
1505424367,21243056,231.09,0.19082713,0
1505424361,21243048,230.00,32.22843126,1
1505424361,21243047,230.01,0.05000000,1
1505424361,21243044,230.31,0.64000000,1
1505424361,21243042,230.55,17.44897674,1
1505424352,21243029,231.09,0.75963287,0
1505424334,21243013,230.55,1.65800700,1
1505424327,21243001,230.55,0.89301626,1
1505424327,21243000,230.56,1.17600692,1
1505424327,21242999,231.00,8.90129300,1
1505424327,21242998,231.00,18.27600582,1
1505424327,21242997,231.00,3.20428000,1
1505424327,21242996,231.01,13.25000000,1
1505424325,21242990,231.02,0.19600000,1
1505424324,21242982,231.10,0.09389400,0
1505424324,21242981,231.09,0.34400000,0
1505424314,21242963,231.10,6.60981000,0
1505424313,21242962,231.10,6.67255200,0
1505424313,21242960,231.01,1.40131800,0
1505424311,21242950,231.55,20.00000000,1
1505424310,21242949,231.66,1.40131818,1
1505424309,21242948,231.66,1.18620000,1
1505424292,21242934,232.00,0.95046000,0
1505424292,21242933,232.00,0.43130100,0
1505424291,21242932,232.00,1.59033000,0
1505424282,21242923,232.19,0.34400000,1
1505424251,21242884,232.16,6.38500000,1
1505424248,21242879,233.49,1.61672269,0
1505424248,21242878,233.00,5.05061431,0
1505424227,21242850,233.00,2.94938569,0
1505424225,21242848,233.00,2.00000000,1
1505424211,21242831,233.50,2.12854178,0
1505424190,21242797,233.00,10.00000000,0
1505424186,21242794,233.80,10.66727973,0
1505424179,21242784,231.64,3.18932852,1
1505424179,21242783,233.81,3.88646148,1
1505424178,21242782,233.00,16.10912335,0
1505424174,21242774,233.00,52.55961000,0
1505424174,21242773,233.00,19.28169768,0
1505424173,21242772,232.99,4.63993332,0
1505424171,21242771,232.99,0.62006668,0
1505424162,21242755,233.00,2.00000000,0
1505424156,21242745,233.00,5.98728367,0
1505424143,21242658,233.96,6.14265547,0
1505424129,21242614,233.98,0.02938637,0
1505424124,21242597,234.00,8.34000000,0
1505424122,21242586,234.41,3.09444981,0
1505424122,21242585,234.40,29.02043900,0
1505424121,21242584,231.00,10.72862553,0
1505424121,21242581,231.00,1.16295769,0
1505424120,21242577,231.00,16.96745297,0
1505424120,21242574,231.00,0.93290043,0
1505424120,21242573,230.99,0.05000000,0
1505424118,21242568,231.00,4.00000000,0
1505424117,21242562,231.00,2.44178896,0
1505424116,21242560,231.00,0.59343412,0
1505424116,21242558,231.00,6.04748917,0
1505424115,21242552,231.00,3.39838523,0
1505424111,21242537,231.00,37.18744036,0
1505424109,21242530,231.00,1.17135127,0
1505424108,21242518,231.00,13.72346970,0
1505424106,21242501,231.00,2.04036000,0
1505424104,21242497,231.00,73.66000000,0
1505424104,21242495,231.00,1.10879783,0
1505424102,21242493,231.00,77.70000000,0
1505424102,21242491,231.00,91.91887445,0
1505424100,21242474,231.00,0.07885086,0
1505424099,21242473,230.33,2.61119332,1
1505424098,21242471,231.00,1.30168300,0
1505424098,21242470,231.00,96.29043103,0
1505424097,21242467,231.00,0.34666100,0
1505424094,21242462,231.00,12.30096246,0
1505424094,21242461,230.90,65.39903754,0
1505424088,21242449,230.90,28.72571300,0
1505424087,21242442,230.90,5.87524946,0
1505424085,21242435,230.99,18.01070000,1
1505424085,21242434,231.00,0.28636363,0
1505424085,21242430,231.00,1.65879838,0
1505424083,21242421,231.00,77.70000000,0
1505424083,21242417,230.99,3.62654189,0
1505424081,21242412,231.00,0.14372294,0
1505424080,21242401,231.00,4.73969696,0
1505424079,21242396,231.00,7.00658008,0
1505424078,21242389,231.00,11.57041500,0
1505424077,21242383,230.99,8.40000000,1
1505424074,21242365,231.00,11.70176000,0
1505424073,21242364,231.00,28.22017400,0
1505424070,21242357,231.00,12.26027200,0
1505424070,21242356,230.98,5.35972800,0
1505424069,21242354,230.98,3.04027200,0
1505424066,21242348,230.98,2.00000000,0
1505424057,21242318,231.00,20.98496190,0
1505424056,21242317,230.99,11.70400000,0
1505424056,21242316,230.99,34.50448200,0
1505424052,21242304,230.82,1.44429525,0
1505424046,21242285,229.55,1.32975533,1
1505424046,21242284,229.55,7.07024467,1
1505424045,21242283,230.83,8.40000000,0
1505424039,21242274,230.84,0.30402174,0
1505424037,21242271,230.00,5.88245421,0
1505424037,21242270,230.00,0.97136000,0
1505424036,21242269,229.87,0.05000000,0
1505424033,21242261,229.79,7.37932000,1
1505424031,21242260,229.79,8.37550969,0
1505424030,21242257,229.79,0.02449031,0
1505424029,21242255,229.01,0.00059247,1
1505424029,21242254,229.50,0.84645153,1
1505424024,21242243,229.00,9.15354847,0
1505424019,21242229,229.00,3.72010920,0
1505424018,21242226,229.00,3.04027100,0
1505424016,21242216,229.00,1.64912100,0
1505424015,21242210,229.00,0.77330000,0
1505424010,21242197,229.00,30.00000000,0
1505424004,21242180,229.00,0.96365033,0
1505424003,21242177,229.00,0.10000000,0
1505424003,21242176,229.00,0.10000000,0
1505424002,21242175,229.00,1.00000000,1
1505424001,21242173,229.78,13.46630884,0
1505423997,21242166,229.78,1.77841679,0
1505423997,21242165,229.03,0.50000000,0
1505423997,21242164,229.02,0.53075000,0
1505423993,21242162,229.02,0.43290000,0
1505423937,21242097,229.20,1.94076198,1
1505423937,21242096,229.20,0.09995002,1
1505423937,21242095,229.21,0.96365000,1
1505423926,21242066,229.53,0.65000000,1
1505423920,21242058,229.87,9.92595756,0
1505423920,21242057,229.86,0.96089000,0
1505423920,21242056,229.86,9.11310916,0
1505423916,21242049,229.87,8.42811576,0
1505423906,21242032,229.76,0.65255000,1
1505423906,21242031,229.76,0.98443200,1
1505423904,21242027,229.76,1.26239800,1
1505423901,21242019,229.20,0.50322631,0
1505423901,21242015,229.20,2.40118600,0
1505423899,21242005,229.50,0.10000000,1
1505423890,21241996,229.90,6.25295672,0
1505423889,21241995,229.89,0.19700000,0
1505423889,21241994,229.89,0.23000000,0
1505423889,21241992,229.89,13.32000000,0
1505423859,21241949,229.70,0.10000000,1
1505423859,21241947,229.70,1.00000000,1
1505423851,21241930,229.70,1.00000000,1
1505423851,21241929,229.85,0.10000000,1
1505423851,21241928,229.95,0.10000000,1
1505423845,21241919,230.00,4.32760869,1
1505423845,21241917,230.00,1.00000000,1
1505423845,21241915,230.00,0.15000000,1
1505423845,21241914,230.00,0.02826086,1
1505423845,21241913,230.00,7.64031624,1
1505423838,21241903,230.00,0.22286100,1
1505423837,21241901,230.00,20.00000000,1
1505423836,21241900,230.00,3.50336260,1
1505423835,21241899,230.00,62.33338900,1
1505423831,21241895,230.00,2.43199200,1
1505423827,21241883,230.00,24.00000000,1
1505423825,21241879,230.00,1.05971300,1
1505423821,21241876,230.00,0.39050000,1
1505423820,21241875,230.00,20.44232500,1
1505423813,21241870,230.00,1.79939200,1
1505423813,21241867,230.00,33.59100000,1
1505423812,21241866,230.00,2.36214900,1
1505423810,21241863,230.00,1.53482500,1
1505423810,21241860,230.00,0.46551600,1
1505423775,21241800,230.87,3.29888854,0
1505423771,21241796,230.92,0.43354530,1
1505423762,21241777,230.15,8.31106032,1
1505423757,21241758,230.00,58.22265916,1
1505423756,21241756,230.00,0.15000000,1
1505423756,21241755,230.00,0.79671497,1
1505423756,21241754,230.01,2.40000000,1
1505423756,21241753,230.04,5.00000000,1
1505423756,21241752,230.15,1.98757487,1
1505423747,21241729,230.46,0.04000000,1
1505423739,21241713,230.71,3.03381400,1
1505423739,21241712,230.71,1.96618600,1
1505423719,21241662,230.61,4.84000000,1
1505423719,21241660,230.68,1.00000000,1
1505423707,21241640,231.00,0.50000000,1
1505423705,21241638,231.09,0.02159901,1
1505423699,21241629,231.15,0.19700000,1
1505423695,21241619,231.15,8.20300000,1
1505423688,21241606,231.16,0.19700000,1
1505423685,21241596,231.15,2.39000000,1
1505423680,21241584,232.01,5.00000000,1
1505423670,21241571,231.10,5.73141400,1
1505423670,21241569,232.01,0.23000000,1
1505423669,21241568,232.88,9.98810000,0
1505423669,21241567,232.88,0.19500000,0
1505423664,21241562,231.88,2.00000000,1
1505423664,21241561,232.00,4.00000000,1
1505423663,21241558,232.00,1.00000000,1
1505423663,21241556,232.00,0.45000000,1
1505423663,21241555,232.00,4.50000000,1
1505423663,21241554,232.00,0.50000000,1
1505423663,21241552,232.73,0.03858600,1
1505423662,21241546,232.73,0.19141400,1
1505423655,21241535,232.95,0.61000000,0
1505423634,21241496,232.09,11.53490391,1
1505423634,21241495,232.71,0.42971939,1
1505423634,21241494,232.72,0.23000000,1
1505423609,21241455,232.79,0.40078000,1
1505423601,21241445,232.78,0.23000000,1
1505423583,21241408,232.73,4.83999986,1
1505423583,21241407,232.76,0.23000000,1
1505423583,21241406,232.77,7.07083714,1
1505423580,21241380,233.25,0.10000000,0
1505423580,21241377,233.25,0.10000000,0
1505423580,21241376,233.25,0.10000000,0
1505423579,21241373,233.25,0.10000000,0
1505423564,21241342,232.77,0.50000000,1
1505423563,21241341,233.05,0.57000000,1
1505423563,21241338,233.05,4.27000000,1
1505423562,21241337,233.15,0.50000000,1
1505423562,21241335,233.26,0.23000000,1
1505423560,21241326,233.27,0.19500000,0
1505423559,21241325,233.27,0.17343964,0
1505423559,21241323,234.60,0.21257460,0
1505423541,21241286,233.82,0.48575712,1
1505423531,21241248,233.69,2.01948000,1
1505423531,21241247,233.74,0.23000000,1
1505423530,21241244,233.79,5.00000000,1
1505423495,21241167,234.23,7.90000000,1
1505423457,21241097,234.93,1.43775000,1
1505423452,21241095,234.93,6.70799489,0
1505423443,21241038,234.39,7.27207663,0
1505423443,21241037,234.39,1.22792337,0
1505423441,21241035,234.05,0.83000000,1
1505423424,21241014,234.37,0.83203300,1
1505423424,21241013,234.44,0.20000000,1
1505423420,21241011,235.00,0.15634043,1
1505423420,21241010,235.00,2.00000000,1
1505423419,21241009,235.00,14.48621452,1
1505423419,21241008,235.00,1.30168600,1
1505423419,21241007,235.00,5.00000000,1
1505423418,21241004,235.00,6.50000000,1
1505423409,21240983,235.00,0.45308300,1
1505423393,21240962,235.00,27.78899100,1
1505423387,21240957,235.00,14.55511910,1
1505423381,21240951,235.00,1.37645049,1
1505423379,21240950,235.00,4.06843041,1
1505423366,21240935,235.00,1.46314500,1
1505423366,21240934,235.03,0.39011000,1
1505423345,21240905,235.41,0.56998451,1
1505423343,21240903,235.41,0.38946000,1
1505423340,21240899,235.02,0.93288000,1
1505423337,21240892,235.41,0.57000000,1
1505423334,21240886,235.40,0.57000000,1
1505423275,21240822,235.64,13.10000000,0
1505423253,21240806,235.45,3.87051069,0
1505423252,21240805,235.45,0.29687831,0
1505423241,21240791,235.45,0.83261100,0
1505423231,21240780,235.66,0.74494100,0
1505423231,21240779,235.66,2.91032956,0
1505423231,21240778,235.66,0.37119200,0
1505423231,21240777,235.44,0.95934000,0
1505423144,21240673,235.00,4.79409600,1
1505423135,21240669,235.01,3.59427671,1
1505423122,21240640,235.00,0.99000200,1
1505423118,21240621,235.00,30.00000000,1
1505423113,21240609,235.51,4.84000000,0
1505423112,21240607,235.51,3.56000000,0
1505423112,21240603,235.51,4.84000000,0
1505423111,21240601,235.51,3.56000000,0
1505423111,21240600,235.00,76.61200000,1
1505423110,21240598,235.51,4.84000000,0
1505423110,21240595,235.52,2.29000000,1
1505423109,21240594,235.51,1.27000000,0
1505423109,21240593,235.51,3.57000000,0
1505423109,21240591,235.51,1.27000000,0
1505423108,21240588,235.51,3.56000000,0
1505423108,21240587,235.51,4.84000000,0
1505423106,21240579,235.00,10.61078248,1
1505423106,21240578,235.50,10.09037452,1
1505423105,21240571,235.51,9.90962600,1
1505423105,21240569,235.51,10.09037400,1
1505423103,21240558,235.97,0.98000000,0
1505423102,21240556,235.97,3.28152156,0
1505423099,21240550,235.99,4.80700000,0
1505423099,21240549,235.99,0.19300000,0
1505423098,21240547,235.57,0.11003211,0
1505423095,21240541,235.58,2.53913756,1
1505423095,21240538,235.58,0.37119200,1
1505423092,21240533,235.58,0.09408275,1
1505423092,21240532,235.61,2.91032956,1
1505423084,21240515,235.61,2.88991500,1
1505423082,21240514,235.61,32.31258800,1
1505423082,21240513,235.62,9.89000000,1
1505423080,21240503,235.64,1.39065200,1
1505423052,21240431,236.00,0.71217780,0
1505423052,21240428,236.00,1.62286460,1
1505423052,21240427,236.03,0.36287760,1
1505423044,21240408,236.60,0.00004076,1
1505423044,21240406,236.89,0.00013887,1
1505423043,21240405,236.89,0.60986113,1
1505423040,21240399,236.60,0.16225924,1
1505423040,21240398,236.60,0.00004000,1
1505422981,21240328,236.82,1.07502005,1
1505422980,21240326,236.82,3.76497995,1
1505422980,21240325,237.00,0.00000005,1
1505422980,21240324,237.01,0.23000000,1
1505422974,21240315,237.00,16.24153700,1
1505422973,21240313,237.00,3.48740700,1
1505422973,21240311,237.01,0.23000000,1
1505422914,21240216,237.04,0.11003211,1
1505422900,21240192,237.40,0.95934000,1
1505422889,21240172,236.68,17.64597600,1
1505422889,21240170,236.68,0.19300000,1
1505422889,21240169,236.69,7.07083714,1
1505422873,21240148,237.75,2.75958200,1
1505422842,21240122,237.75,0.24041800,1
1505422834,21240114,238.00,1.98765000,0
1505422824,21240098,237.76,1.56682400,0
1505422800,21240066,237.97,0.03931166,0
1505422731,21239965,237.80,1.56284550,0
1505422731,21239964,237.79,0.95781000,0
1505422689,21239948,237.80,1.74073417,0
1505422677,21239939,237.95,0.11983000,0
1505422660,21239933,237.66,1.99578200,1
1505422483,21239819,238.01,0.01417813,1
1505422483,21239818,238.01,0.94363187,1
1505422481,21239815,238.00,0.94837374,1
1505422455,21239792,238.00,0.00000567,0
1505422395,21239753,238.00,1.86517000,0
1505422386,21239744,238.00,4.74753100,0
1505422386,21239743,237.99,0.95787000,0
1505422360,21239718,237.68,1.26085419,1
1505422360,21239717,237.68,0.13914581,1
1505422329,21239690,237.54,2.84421768,0
1505422328,21239689,237.59,0.59000000,1
1505422328,21239688,237.62,1.82353200,1
1505422328,21239687,237.64,2.31504132,1
1505422328,21239686,237.64,2.00000000,1
1505422318,21239668,237.66,0.36303220,1
1505422308,21239656,237.64,0.52495868,1
1505422307,21239655,237.65,0.95787000,1
1505422290,21239645,237.62,1.60646800,1
1505422281,21239641,238.00,11.38729333,0
1505422281,21239640,237.99,1.83000000,0
1505422281,21239639,237.95,2.42129867,0
1505422281,21239638,237.95,0.19200000,0
1505422281,21239637,237.94,4.15519200,0
1505422271,21239629,237.94,0.57867873,1
1505422271,21239628,237.94,1.04942127,1
1505422270,21239625,237.94,2.04000000,1
1505422255,21239617,237.17,2.52039645,1
1505422079,21239459,238.29,0.00000751,1
1505422078,21239457,238.29,3.30357216,1
1505421955,21239309,236.83,1.63479555,0
1505421955,21239305,236.84,0.19200000,1
1505421890,21239190,237.85,2.09379407,0
1505421890,21239189,237.83,5.61940593,0
1505421875,21239170,237.91,1.45143121,1
1505421873,21239157,236.93,0.15503679,0
1505421866,21239149,236.44,0.16226000,0
1505421862,21239144,236.45,0.80049000,1
1505421854,21239130,236.45,0.14000000,0
1505421821,21239069,236.00,1.51779290,1
1505421819,21239065,236.00,1.28876472,1
1505421819,21239064,236.02,0.96275000,1
1505421819,21239063,236.84,5.07505366,1
1505421817,21239061,236.52,0.00000027,0
1505421788,21239011,236.52,0.08144100,0
1505421788,21239010,236.45,0.96100000,0
1505421779,21238994,236.01,1.04379456,1
1505421772,21238990,236.46,0.39124694,1
1505421770,21238984,236.46,5.15051206,0
1505421768,21238979,236.46,0.39125200,0
1505421760,21238958,236.00,0.25426100,1
1505421759,21238951,236.00,15.56525647,1
1505421759,21238950,236.00,3.93428497,1
1505421758,21238946,236.00,0.05151319,1
1505421757,21238942,236.00,0.32514424,1
1505421755,21238938,236.01,1.48015000,1
1505421753,21238928,236.04,0.35165200,1
1505421748,21238920,236.03,0.73925716,1
1505421743,21238899,236.03,1.70053808,1
1505421736,21238880,236.46,2.00000000,1
1505421731,21238869,236.46,3.45997200,0
1505421731,21238868,236.46,2.88667133,0
1505421728,21238859,236.46,0.15503679,1
1505421728,21238858,236.46,0.32829188,1
1505421717,21238822,236.46,0.89422681,1
1505421708,21238771,236.52,0.94081841,0
1505421708,21238769,236.52,0.10199583,1
1505421701,21238756,236.99,1.62111041,1
1505421699,21238754,237.00,0.76900000,1
1505421697,21238743,237.00,0.19200000,1
1505421695,21238733,236.99,1.62192690,0
1505421692,21238729,237.00,0.19200000,1
1505421692,21238728,237.01,1.38882799,1
1505421692,21238727,238.66,0.94081841,0
1505421683,21238705,236.56,2.24966368,1
1505421683,21238704,236.98,0.69419632,1
1505421682,21238699,238.77,1.41897000,0
1505421677,21238682,239.11,0.19000000,0
1505421677,21238681,236.98,0.86106000,0
1505421672,21238674,239.12,1.38882799,0
1505421665,21238659,236.98,0.10000000,0
1505421663,21238654,236.51,1.60900000,1
1505421641,21238637,236.46,7.06425463,0
1505421639,21238633,236.46,0.19000000,0
1505421639,21238631,236.46,0.81574537,1
1505421632,21238623,236.46,0.50562765,1
1505421632,21238622,237.33,0.59000000,1
1505421626,21238607,237.45,0.46000000,1
1505421625,21238605,237.53,1.00307000,0
1505421621,21238598,237.53,0.22999958,1
1505421621,21238596,237.53,0.77076000,1
1505421621,21238595,237.54,0.23000000,1
1505421615,21238583,237.53,1.21646120,0
1505421613,21238580,237.53,0.23000000,1
1505421608,21238572,237.52,0.23000000,1
1505421589,21238543,237.51,3.46146099,1
1505421582,21238538,237.51,0.10000000,0
1505421571,21238526,237.50,0.76000000,1
1505421570,21238525,237.52,0.04000000,1
1505421569,21238518,237.52,0.80000000,1
1505421568,21238517,237.52,0.80000000,1
1505421568,21238516,237.52,0.80000000,1
1505421567,21238515,237.52,0.80000000,1
1505421567,21238514,237.52,0.80000000,1
1505421566,21238513,237.52,0.80000000,1
1505421565,21238511,237.50,0.80000000,1
1505421564,21238509,237.50,0.80000000,1
1505421563,21238508,237.50,0.80000000,1
1505421562,21238507,237.50,0.80000000,1
1505421561,21238505,237.34,0.63894000,0
1505421561,21238503,237.34,0.16106000,1
1505421560,21238502,237.34,0.80000000,1
1505421560,21238501,237.63,0.80000000,0
1505421544,21238488,239.46,0.80000000,0
1505421526,21238473,237.65,1.00031823,0
1505421478,21238406,237.71,2.46114276,0
1505421478,21238405,237.00,0.30085724,0
1505421473,21238401,237.00,0.58429800,0
1505421456,21238364,237.00,0.60724622,1
1505421456,21238360,237.00,0.96241622,1
1505421456,21238359,237.00,0.00001378,1
1505421455,21238356,237.00,2.77278120,0
1505421455,21238355,236.89,1.32137302,0
1505421454,21238351,236.47,0.00001354,0
1505421452,21238341,236.47,2.99421009,0
1505421429,21238297,236.57,4.84000000,1
1505421416,21238251,236.55,2.88999500,1
1505421416,21238248,236.54,4.84000000,1
1505421415,21238247,236.55,8.07000000,1
1505421407,21238233,237.00,0.33000000,0
1505421403,21238229,237.03,0.42332431,0
1505421402,21238226,237.02,0.19377186,1
1505421402,21238225,237.04,7.07083714,1
1505421400,21238216,237.49,1.41647534,1
1505421399,21238215,237.51,0.53243000,1
1505421399,21238213,237.51,0.43000000,1
1505421398,21238211,237.49,1.08037776,1
1505421397,21238207,237.49,1.15871828,1
1505421394,21238198,237.00,2.59455432,1
1505421392,21238193,237.00,5.71650600,1
1505421392,21238192,237.23,0.23000000,1
1505421391,21238190,237.24,0.23000000,1
1505421391,21238187,237.50,1.61287653,1
1505421391,21238184,237.50,1.61611151,1
1505421384,21238169,237.50,0.42961777,0
1505421383,21238164,237.50,1.21569274,0
1505421382,21238162,237.50,10.22759844,0
1505421372,21238144,237.75,0.63924260,1
1505421372,21238143,237.75,0.22999440,1
1505421372,21238142,237.76,0.23000000,1
1505421361,21238123,238.00,0.15847672,0
1505421361,21238122,238.00,0.00000528,0
1505421361,21238120,238.00,0.28271987,0
1505421358,21238115,237.75,0.63956260,0
1505421356,21238114,237.75,0.23000000,0
1505421355,21238111,237.76,0.09190038,1
1505421351,21238101,238.00,2.21631148,0
1505421350,21238100,237.99,0.18445653,0
1505421347,21238093,238.00,2.50096337,0
1505421347,21238092,238.00,0.69456809,0
1505421347,21238087,237.99,6.47083714,0
1505421346,21238081,238.00,3.97181936,0
1505421346,21238079,237.76,1.02817564,0
1505421344,21238075,237.76,0.58000000,1
1505421344,21238073,238.00,0.33361255,0
1505421344,21238071,237.77,4.66636218,0
1505421343,21238066,237.77,0.09189651,0
1505421342,21238059,237.77,0.08174131,0
1505421342,21238058,237.77,4.52825219,0
1505421341,21238055,237.77,0.08174781,0
1505421339,21238049,237.77,0.23000000,1
1505421324,21237985,238.50,0.02977506,1
1505421316,21237969,238.50,4.78045600,1
1505421312,21237965,238.50,0.02976894,1
1505421283,21237900,239.00,1.49978503,0
1505421262,21237872,239.36,0.60000000,0
1505421252,21237857,238.61,1.32137302,1
1505421252,21237856,238.62,0.18000000,1
1505421092,21237732,238.33,0.46117079,0
1505421091,21237731,238.33,4.84000000,1
1505421091,21237730,238.48,0.17078000,1
1505421042,21237673,238.45,0.18955088,1
1505421037,21237640,238.45,0.60113210,1
1505421032,21237628,238.45,0.00445653,1
1505421032,21237626,238.46,7.07083714,1
1505420986,21237525,239.93,19.98578400,0
1505420961,21237509,240.00,0.41887389,0
1505420960,21237508,240.00,0.50000000,0
1505420960,21237507,239.00,3.45817945,0
1505420960,21237506,238.95,8.07000000,0
1505420955,21237505,238.95,0.63994000,1
1505420953,21237503,238.80,0.18006000,0
1505420933,21237494,238.80,0.78000000,0
1505420926,21237490,239.00,4.78390397,0
1505420926,21237489,238.97,8.07000000,0
1505420926,21237488,238.96,6.90188003,0
1505420926,21237487,238.81,0.23000000,0
1505420800,21237411,238.21,1.04200000,1
1505420768,21237348,239.12,1.21095711,0
1505420767,21237345,239.14,0.42909437,0
1505420767,21237344,239.13,12.36500000,0
1505420759,21237329,239.18,0.64656730,1
1505420758,21237327,239.19,0.54083639,1
1505420749,21237304,239.19,0.41922361,0
1505420739,21237287,239.18,2.36137900,1
1505420738,21237281,239.18,0.37000000,1
1505420737,21237278,239.18,1.01656700,1
1505420736,21237277,239.18,2.00000000,1
1505420736,21237275,239.18,4.84000000,1
1505420735,21237273,239.18,0.96011000,1
1505420703,21237177,239.18,0.23000000,1
1505420700,21237163,239.22,0.46011000,1
1505420694,21237157,239.24,3.13504527,1
1505420694,21237156,239.25,1.70495473,1
1505420672,21237144,239.36,0.50000000,1
1505420609,21237082,240.23,0.74740873,0
1505420508,21236938,239.71,0.95754600,0
1505420506,21236936,239.72,2.50281600,0
1505420498,21236932,239.73,0.02500000,0
1505420483,21236905,238.00,0.73000000,0
1505420481,21236901,238.00,3.53596500,0
1505420470,21236886,238.00,2.89635800,0
1505420464,21236877,238.00,1.85742127,0
1505420464,21236875,238.00,5.51132473,0
1505420459,21236864,237.52,0.60000000,1
1505420455,21236860,238.00,1.21317235,0
1505420393,21236756,237.39,0.35000000,1
1505420389,21236753,238.00,4.06407563,0
1505420388,21236750,237.99,0.96538000,0
1505420382,21236745,238.00,1.31021900,0
1505420382,21236744,238.00,0.07227700,0
1505420381,21236743,238.00,0.30341600,0
1505420381,21236742,238.00,0.32790100,0
1505420380,21236741,238.00,0.53419500,0
1505420380,21236740,238.00,0.54439200,0
1505420379,21236738,238.00,0.25907000,0
1505420379,21236737,238.00,4.80975500,0
1505420372,21236731,238.00,20.04000000,0
1505420372,21236730,237.99,12.96000000,0
1505420369,21236725,238.00,4.84000000,0
1505420369,21236722,238.06,4.84000000,1
1505420325,21236681,238.15,6.84565000,1
1505420313,21236679,238.15,1.05000000,1
1505420313,21236678,238.15,7.02240851,1
1505420305,21236667,238.15,1.04759149,1
1505420239,21236611,238.08,0.02500000,1
1505420232,21236609,238.64,1.24000000,1
1505420232,21236608,238.64,0.43000000,1
1505420232,21236607,238.64,0.46000000,1
1505420232,21236606,238.64,0.48000000,1
1505420232,21236605,238.64,1.17000000,1
1505420232,21236604,238.64,4.28944600,1
1505420221,21236588,238.64,1.24161100,1
1505420216,21236585,238.64,0.42788000,1
1505420214,21236581,238.64,0.46106300,1
1505420213,21236580,238.94,0.61000000,1
1505420197,21236568,238.64,0.48000000,1
1505420196,21236567,238.33,0.48920900,1
1505420196,21236566,238.64,1.17000000,1
1505420196,21236565,238.64,6.90179100,1
1505420174,21236506,238.64,1.16820900,1
1505420174,21236503,238.64,0.96538000,1
1505420171,21236492,239.66,0.30317950,0
1505420170,21236488,239.64,8.26399600,1
1505420170,21236486,239.38,0.18800000,0
1505420168,21236482,239.00,0.76767961,0
1505420155,21236469,238.99,0.96397000,0
1505420155,21236468,238.99,0.23000000,0
1505420137,21236455,238.63,0.61037000,1
1505420137,21236454,238.64,0.23000000,1
1505420131,21236453,238.63,2.79240000,1
1505420100,21236432,239.00,5.00000000,1
1505420095,21236429,239.00,4.84000000,1
1505420093,21236427,239.00,4.84000000,1
1505420092,21236426,239.00,4.84000000,1
1505420079,21236412,239.00,4.03603000,1
1505420079,21236411,239.03,0.96397000,1
1505420076,21236408,239.92,2.49110424,0
1505420069,21236402,239.95,1.66301313,0
1505420062,21236392,239.00,61.49803822,1
1505420062,21236391,239.01,15.00000000,1
1505420061,21236390,239.16,0.25000000,1
1505420061,21236387,239.19,5.00000000,1
1505420061,21236386,239.20,1.67359429,1
1505420059,21236381,240.08,0.10000000,0
1505420058,21236380,240.08,0.10000000,0
1505420058,21236379,239.99,0.96004000,0
1505420047,21236374,239.98,1.67359429,1
1505420038,21236359,239.14,3.53743258,1
1505420038,21236358,239.15,1.46256742,1
1505420034,21236355,240.00,10.00000000,1
1505420015,21236334,240.03,0.96004000,0
1505420012,21236323,239.02,0.30900000,1
1505419993,21236252,240.03,1.08000000,1
1505419987,21236232,239.07,0.48716844,1
1505419985,21236215,241.08,0.02159901,0
1505419984,21236212,241.05,1.00000000,0
1505419984,21236211,240.03,0.13000000,0
1505419984,21236210,240.00,0.00000033,0
1505419984,21236208,239.97,0.96033000,0
1505419984,21236207,239.96,0.12000000,0
1505419978,21236186,239.97,0.11000000,0
1505419974,21236163,239.08,0.30900000,1
1505419970,21236141,239.07,0.99705739,1
1505419970,21236140,239.10,0.19686333,1
1505419968,21236125,239.07,0.11799331,1
1505419966,21236119,239.07,1.20244548,1
1505419965,21236110,239.07,1.20226608,1
1505419964,21236107,239.07,0.11794354,1
1505419964,21236106,239.07,1.20229420,1
1505419962,21236102,239.05,0.55762209,1
1505419961,21236096,239.05,1.20266244,1
1505419960,21236093,240.00,5.45882001,0
1505419960,21236092,239.99,0.11754099,0
1505419958,21236088,239.06,0.96033000,1
1505419956,21236076,239.06,0.23000000,1
1505419955,21236075,240.00,2.46287966,0
1505419954,21236071,239.99,1.13736890,1
1505419954,21236070,239.99,1.20164982,1
1505419953,21236068,239.99,0.19810162,0
1505419953,21236067,239.99,0.30100000,0
1505419952,21236066,239.06,1.20161145,1
1505419951,21236060,239.05,3.07971547,1
1505419948,21236045,239.99,9.70837990,1
1505419947,21236042,239.99,1.23231963,1
1505419947,21236041,240.00,0.69000000,0
1505419946,21236036,239.88,6.72255159,0
1505419944,21236029,239.88,2.33674888,0
1505419943,21236027,239.88,0.83956200,0
1505419943,21236025,239.85,0.95719000,0
1505419941,21236018,239.02,2.12252547,1
1505419937,21236003,239.84,0.50250000,0
1505419936,21235997,239.00,1.97128192,1
1505419935,21235996,239.03,5.00000000,1
1505419933,21235984,239.00,1.92028453,1
1505419932,21235975,239.02,0.95719000,1
1505419931,21235974,239.02,2.12252547,1
1505419928,21235962,239.02,2.87747453,1
1505419924,21235939,239.01,2.34343473,1
1505419923,21235932,239.01,0.47225894,1
1505419919,21235903,239.00,7.02605946,1
1505419919,21235900,239.01,2.51035500,0
1505419909,21235873,238.14,1.79152211,1
1505419904,21235859,238.13,1.60277315,1
1505419904,21235858,238.14,0.18800000,1
1505419903,21235852,238.13,0.30100000,1
1505419902,21235850,238.13,1.79069856,1
1505419901,21235844,238.11,16.54976627,1
1505419901,21235842,238.12,0.94431773,1
1505419901,21235839,238.12,8.07000000,1
1505419899,21235834,238.99,2.14873385,0
1505419899,21235833,238.13,3.49997258,1
1505419897,21235824,238.11,1.79012461,1
1505419896,21235819,238.98,3.50000000,0
1505419892,21235791,238.09,23.65869317,1
1505419892,21235790,238.10,5.39757245,1
1505419892,21235786,238.10,2.87242755,1
1505419891,21235785,238.11,2.50422559,1
1505419863,21235669,239.02,2.50422559,0
1505419834,21235617,237.79,4.69000000,1
1505419833,21235616,238.04,0.14768424,1
1505419801,21235560,239.42,6.67601814,0
1505419788,21235526,237.94,0.13633400,1
1505419786,21235519,237.94,0.50668700,1
1505419786,21235517,237.94,0.85330800,1
1505419783,21235509,237.94,0.00495286,1
1505419783,21235507,237.95,7.07083714,1
1505419783,21235500,239.09,1.15442988,0
1505419782,21235498,238.32,0.94785088,0
1505419775,21235478,239.10,1.00000000,0
1505419775,21235477,238.03,0.47217521,0
1505419773,21235471,237.26,1.05786000,1
1505419773,21235470,237.51,0.58000000,1
1505419772,21235468,237.82,3.28000000,1
1505419772,21235466,237.82,0.22000000,0
1505419765,21235433,237.82,3.50000000,0
1505419729,21235333,237.92,8.07863686,1
1505419710,21235313,237.00,11.92136314,0
1505419709,21235311,237.00,5.00000000,0
1505419709,21235310,237.00,2.99000000,0
1505419703,21235303,236.86,0.50362611,0
1505419691,21235281,236.66,9.99036593,0
1505419689,21235276,236.66,19.50266800,0
1505419689,21235275,236.66,0.49733200,0
1505419681,21235259,236.67,0.14000000,0
1505419681,21235258,236.67,3.36000000,0
1505419665,21235238,236.75,0.29916300,0
1505419665,21235237,236.73,2.23083700,0
1505419657,21235232,236.35,2.05816100,0
1505419657,21235231,235.96,0.41248000,0
1505419657,21235230,235.96,0.99549051,0
1505419657,21235229,235.93,0.30268100,0
1505419656,21235226,235.92,0.96978000,0
1505419633,21235202,235.91,3.50000000,0
1505419633,21235200,235.92,1.40599907,1
1505419631,21235198,235.92,0.22946200,1
1505419626,21235193,235.92,0.38054300,1
1505419624,21235192,235.92,1.48399593,1
1505419622,21235190,235.92,1.24237100,1
1505419613,21235178,235.92,2.25762900,1
1505419601,21235162,235.92,1.79996055,1
1505419600,21235161,235.98,2.54255631,1
1505419596,21235157,236.60,0.39661400,0
1505419596,21235156,235.96,4.42752000,0
1505419596,21235155,235.93,0.17586600,0
1505419596,21235153,235.92,0.50362700,1
1505419575,21235120,235.92,0.31867945,1
1505419575,21235118,235.92,0.87773300,1
1505419575,21235116,235.95,1.43226700,1
1505419575,21235115,235.95,1.26174300,1
1505419574,21235113,235.93,0.22599500,0
1505419574,21235112,235.92,1.91999500,0
1505419573,21235110,235.92,0.97000000,1
1505419573,21235109,235.92,2.53000000,1
1505419573,21235106,235.93,1.25255000,0
1505419573,21235105,235.93,4.47828700,0
1505419572,21235102,235.96,1.11123700,1
1505419572,21235101,235.96,1.27918300,1
1505419572,21235099,235.96,2.44958000,1
1505419550,21235083,236.35,0.96978000,1
1505419526,21235058,236.46,0.31867945,1
1505419526,21235057,236.65,0.00000055,1
1505419519,21235046,236.65,11.71381000,1
1505419518,21235043,236.62,8.28618945,0
1505419513,21235040,236.62,1.80796496,0
1505419513,21235039,236.61,1.69203504,0
1505419512,21235038,236.62,3.50000000,0
1505419469,21234993,235.59,1.11168180,1
1505419469,21234992,235.59,3.56797073,1
1505419459,21234979,236.85,8.36910253,1
1505419459,21234975,236.85,0.42324882,1
1505419458,21234971,236.85,1.20764865,1
1505419452,21234955,236.86,6.19161213,0
1505419452,21234954,236.85,0.23000000,0
1505419450,21234952,236.85,5.43436313,0
1505419450,21234951,236.85,0.70724837,0
1505419450,21234950,236.85,0.90204119,0
1505419449,21234949,236.56,12.08064900,0
1505419449,21234948,236.56,4.84000000,0
1505419446,21234941,236.86,4.84000000,0
1505419437,21234925,236.57,1.22000000,0
1505419434,21234918,235.52,2.04467760,1
1505419433,21234917,236.59,4.24274061,0
1505419432,21234915,235.52,0.23000000,0
1505419405,21234864,234.64,0.12676300,1
1505419375,21234839,234.60,0.07138000,1
1505419355,21234827,234.53,0.11833000,0
1505419355,21234826,234.53,0.72749200,0
1505419351,21234825,234.30,0.63701846,0
1505419350,21234824,234.30,1.92380100,0
1505419343,21234819,234.36,0.12875116,0
1505419342,21234818,233.97,0.97963000,0
1505419280,21234776,233.30,9.90000000,1
1505419277,21234774,234.39,0.41614445,0
1505419274,21234765,233.30,0.71979771,1
1505419274,21234763,233.31,0.40020229,1
1505419273,21234762,233.31,3.46598716,0
1505419273,21234761,233.31,0.03401284,0
1505419273,21234760,233.31,0.36618945,0
1505419272,21234759,233.30,3.50000000,1
1505419271,21234756,233.30,3.50000000,1
1505419271,21234754,233.30,1.05000000,1
1505419270,21234753,233.31,8.19000000,0
1505419270,21234752,233.31,3.50000000,0
1505419270,21234751,233.31,1.23048191,0
1505419269,21234749,233.31,5.00000000,0
1505419267,21234745,233.31,1.23033134,0
1505419266,21234738,233.31,0.38998605,1
1505419266,21234736,233.31,3.11001395,1
1505419265,21234733,233.33,3.50000000,0
1505419264,21234732,233.31,3.11000000,0
1505419262,21234728,233.34,1.73000000,1
1505419262,21234726,233.31,3.27000000,0
1505419261,21234724,233.36,0.23000000,1
1505419259,21234723,233.31,4.84000000,1
1505419251,21234709,234.10,2.37884943,1
1505419249,21234703,234.53,1.05460500,1
1505419246,21234694,234.10,0.22043000,1
1505419246,21234693,234.53,3.50000000,1
1505419241,21234684,234.12,0.17612791,1
1505419241,21234683,234.53,1.17293500,1
1505419240,21234679,234.53,2.32706500,1
1505419238,21234671,234.10,0.39458180,1
1505419238,21234670,234.10,0.00613877,1
1505419238,21234669,234.53,3.50000000,1
1505419234,21234666,234.16,3.50497158,1
1505419233,21234662,234.53,3.50000000,1
1505419233,21234661,234.63,0.23000000,1
1505419228,21234655,234.54,3.50000000,1
1505419228,21234653,234.61,4.84000000,1
1505419228,21234652,234.62,0.23000000,1
1505419206,21234631,234.63,0.23000000,1
1505419178,21234615,236.00,52.56618235,1
1505419178,21234614,235.26,24.00400000,0
1505419178,21234613,235.25,16.72269900,0
1505419161,21234596,235.32,1.05970593,0
1505419129,21234532,234.60,1.48417400,1
1505419128,21234531,234.60,3.35582600,1
1505419128,21234530,234.70,5.00000000,1
1505419127,21234529,234.73,2.55588385,1
1505419127,21234528,234.80,0.97963000,1
1505419127,21234527,234.81,0.23000000,1
1505419127,21234526,234.82,7.07083714,1
1505419120,21234520,235.51,0.69000000,0
1505419120,21234519,235.51,4.07000000,0
1505419065,21234463,235.51,1.85340752,0
1505419065,21234462,235.51,2.91167926,0
1505419065,21234459,235.41,3.11000000,0
1505419059,21234451,235.42,1.72398109,1
1505419058,21234450,235.42,4.84000000,1
1505419056,21234448,235.38,0.23000000,0
1505419056,21234447,235.37,3.07699891,0
1505419052,21234441,234.60,0.98047000,0
1505419050,21234438,235.47,1.48971207,0
1505419050,21234437,235.47,1.05838323,0
1505419050,21234435,235.39,0.16281900,0
1505419041,21234422,234.61,3.99383823,1
1505419041,21234419,232.01,9.36016177,0
1505419040,21234418,232.68,0.42977480,1
1505419040,21234417,232.71,0.28938672,1
1505419040,21234415,232.71,0.68369098,1
1505419040,21234414,232.71,4.84000000,0
1505419039,21234413,233.19,0.59000000,1
1505419039,21234412,233.71,0.14289992,1
1505419039,21234411,233.71,1.11030889,1
1505419038,21234410,234.55,4.84000000,1
1505419038,21234408,234.60,2.48377692,1
1505419038,21234407,234.61,5.00000000,1
1505419036,21234405,234.62,0.23000000,1
1505418995,21234372,234.59,3.00000000,1
1505418993,21234371,234.58,2.90100000,1
1505418993,21234370,235.00,0.09900000,1
1505418962,21234324,234.91,0.07389547,1
1505418962,21234322,235.00,0.23000000,1
1505418960,21234319,235.09,0.98047000,1
1505418941,21234285,235.02,19.38154238,1
1505418939,21234279,235.89,0.14803510,0
1505418937,21234273,235.01,4.63911916,0
1505418936,21234269,235.01,7.07083714,0
1505418925,21234258,234.92,1.21714398,1
1505418842,21234117,235.91,59.73579713,0
1505418842,21234116,235.91,6.91000000,0
1505418809,21234070,234.97,3.00774213,0
1505418809,21234068,234.96,0.69100000,0
1505418808,21234066,234.96,17.18174500,0
1505418788,21234031,234.01,0.18315033,0
1505418780,21234003,234.01,14.25700388,1
1505418779,21234001,234.01,0.34911331,0
1505418779,21234000,233.73,2.56706456,0
1505418779,21233999,233.43,0.30836825,0
1505418778,21233996,233.43,0.31687102,0
1505418778,21233995,233.43,0.27476073,1
1505418772,21233975,233.41,1.10653215,0
1505418771,21233972,233.41,0.64063236,1
1505418767,21233961,233.43,0.31761127,1
1505418767,21233960,233.63,0.31942542,1
1505418766,21233953,233.40,0.68056564,0
1505418762,21233927,233.43,1.07960400,0
1505418761,21233919,233.43,1.13237586,0
1505418761,21233915,233.43,0.15681894,0
1505418761,21233912,233.42,2.95035954,0
1505418760,21233907,233.43,0.98615000,0
1505418758,21233903,233.44,1.31000000,1
1505418756,21233887,233.45,1.10676610,0
1505418756,21233886,233.45,1.07960883,1
1505418755,21233884,234.06,1.06955184,0
1505418754,21233881,234.05,3.01832785,0
1505418752,21233865,234.07,2.33152850,0
1505418751,21233863,233.09,1.19645117,0
1505418750,21233856,233.09,1.07801818,0
1505418749,21233845,233.09,2.56553065,1
1505418746,21233829,232.72,0.98930000,1
1505418745,21233818,236.97,0.00000417,0
1505418745,21233817,233.95,1.30584875,0
1505418745,21233816,233.93,1.31640708,0
1505418743,21233811,233.93,1.24846275,0
1505418743,21233810,233.92,15.94659200,0
1505418739,21233800,232.99,5.10977760,0
1505418739,21233799,232.01,3.63320977,1
1505418738,21233796,232.68,0.26211743,0
1505418738,21233792,232.68,0.42977480,1
1505418735,21233788,233.00,11.17552400,1
1505418729,21233773,232.01,17.53762020,1
1505418729,21233772,232.01,31.16739441,1
1505418728,21233771,232.64,3.50000000,1
1505418728,21233766,232.68,0.66702529,1
1505418728,21233764,232.68,0.63985194,0
1505418728,21233763,232.70,0.27027247,0
1505418728,21233762,232.70,0.34385000,0
1505418727,21233758,232.70,6.74622924,0
1505418727,21233756,232.70,1.31415380,0
1505418726,21233749,232.70,4.84000000,1
1505418726,21233748,233.01,0.83314020,1
1505418725,21233740,232.01,14.57460559,1
1505418725,21233737,232.14,2.00000000,1
1505418724,21233735,232.62,3.50000000,1
