date,tid,price,amount,type
1505433654,21260957,1.18357,116.69999,1
1505433400,21260691,1.18374,23.82481,1
1505433380,21260657,1.18366,8.15126,1
1505433377,21260647,1.18365,6.49182,1
1505433347,21260551,1.18997,8.85689,0
1505433307,21260377,1.18357,339.95519,1
1505433086,21259901,1.18966,1200.00000,0
1505433085,21259892,1.18967,220.78109,0
1505432996,21259598,1.18355,1054.76231,1
1505432995,21259597,1.18356,45.43514,1
1505432628,21258793,1.18357,96.96144,1
1505432628,21258791,1.18364,6.84855,1
1505432599,21258726,1.18525,227.14649,1
1505432599,21258725,1.18531,7.63890,1
1505432566,21258686,1.18450,0.00001,0
1505432565,21258684,1.18450,73.52288,0
1505432565,21258683,1.18449,153.62362,0
1505432556,21258661,1.18356,61.28130,1
1505432556,21258659,1.18358,12.28969,1
1505432555,21258653,1.18450,0.00001,0
1505432555,21258652,1.18450,172.44983,0
1505432555,21258651,1.18450,52.30093,0
1505432554,21258650,1.18450,159.96773,0
1505432544,21258637,1.18450,12.37139,1
1505432544,21258636,1.18458,12.37139,0
1505432543,21258628,1.18450,39.92955,1
1505432543,21258626,1.18450,780.04191,1
1505432543,21258625,1.18458,12.37139,1
1505432499,21258525,1.18450,253.78998,1
1505432485,21258490,1.18450,95.08773,1
1505432484,21258489,1.18456,13.45259,1
1505432434,21258259,1.18450,171.01144,1
1505432434,21258257,1.18456,14.34167,1
1505432281,21257885,1.18451,36.64784,1
1505432281,21257884,1.18600,84.41910,1
1505432280,21257883,1.18600,84.41910,1
1505432280,21257882,1.18600,28.16289,1
1505432180,21257619,1.18600,56.14773,1
1505432168,21257559,1.18598,84.37377,0
1505432164,21257545,1.18452,540.00000,1
1505432164,21257543,1.18600,84.20000,1
1505432091,21257389,1.18452,179.68099,1
1505432063,21257366,1.18452,80.86450,1
1505432063,21257365,1.18453,7.30467,1
1505432042,21257307,1.19032,142.12207,0
1505432040,21257300,1.19031,425.93149,0
1505432039,21257296,1.19031,114.06851,0
1505432030,21257275,1.18462,8.48334,1
1505431936,21257104,1.19031,229.22527,0
1505431723,21256629,1.18450,342.51529,1
1505431688,21256545,1.18450,185.28123,1
1505431688,21256544,1.18451,409.22170,1
1505431688,21256543,1.18455,81.85762,1
1505431688,21256541,1.18455,78.20484,1
1505431688,21256539,1.18455,29.47009,1
1505431687,21256537,1.18460,14.95452,1
1505431661,21256442,1.18455,36.22558,1
1505431660,21256439,1.18462,38.70854,1
1505431640,21256409,1.18455,36.50850,1
1505431638,21256408,1.18474,16.40150,1
1505431592,21256314,1.18455,33.59541,1
1505431592,21256313,1.18473,16.32459,1
1505431538,21256109,1.19055,53.67477,0
1505431537,21256094,1.19055,379.04858,0
1505431536,21256090,1.18456,101.90315,1
1505431536,21256089,1.18535,58.24685,1
1505431534,21256078,1.19054,204.33792,0
1505431529,21256059,1.19052,202.14402,0
1505431529,21256054,1.18535,77.70065,1
1505431529,21256052,1.18535,0.00005,1
1505431526,21256025,1.18553,93.66000,0
1505431524,21256017,1.18453,135.94745,0
1505431521,21256003,1.18556,77.70070,1
1505431519,21255989,1.19054,83.38327,0
1505431509,21255950,1.19049,122.01045,1
1505431508,21255944,1.19049,242.90923,1
1505431507,21255943,1.18560,218.09237,0
1505431507,21255942,1.18554,77.86446,0
1505431498,21255917,1.18554,135.10000,0
1505431401,21255632,1.18452,68.86465,1
1505431401,21255629,1.18500,18.34632,1
1505431401,21255622,1.18500,72.19227,1
1505431400,21255620,1.18500,28.01612,1
1505431400,21255619,1.18500,90.81576,1
1505431398,21255606,1.18501,17.21698,1
1505431393,21255583,1.18502,0.08866,1
1505431392,21255579,1.18502,17.64274,1
1505431384,21255558,1.18553,90.89069,0
1505431383,21255554,1.18504,18.09714,1
1505431378,21255541,1.18553,90.83109,0
1505431362,21255478,1.18553,254.83660,1
1505431359,21255466,1.18547,169.51778,0
1505431357,21255458,1.18450,145.53045,1
1505431354,21255445,1.18498,90.80776,0
1505431347,21255430,1.18498,121.47272,0
1505431339,21255409,1.18450,909.79737,1
1505431339,21255408,1.18450,32.46013,1
1505431339,21255407,1.18450,38.54000,1
1505431339,21255406,1.18450,22.96000,1
1505431338,21255405,1.18450,297.20581,1
1505431338,21255404,1.18450,116.48887,1
1505431338,21255403,1.18450,300.25144,1
1505431338,21255402,1.18450,56.00683,1
1505431338,21255401,1.18500,178.43678,1
1505431338,21255400,1.18500,637.44577,1
1505431338,21255398,1.18500,535.63108,1
1505431338,21255397,1.18500,237.55504,1
1505431338,21255396,1.18500,2931.64716,1
1505431326,21255353,1.18500,458.17473,1
1505431317,21255324,1.18500,21.10944,1
1505431312,21255292,1.18549,10.00721,1
1505431311,21255290,1.18549,176.93950,1
1505431311,21255289,1.18549,389.29101,1
1505431310,21255284,1.18549,176.94000,1
1505431309,21255274,1.18549,136.24000,1
1505431309,21255272,1.18549,1224.02898,1
1505431307,21255256,1.18549,886.55330,1
1505431307,21255254,1.18550,1115.94690,1
1505431306,21255247,1.18555,854.16102,1
1505431306,21255241,1.18556,7.09878,1
1505431305,21255229,1.18555,1263.67188,1
1505431304,21255217,1.18556,1549.85396,1
1505431303,21255213,1.18557,7.64770,1
1505431300,21255198,1.18556,346.10789,1
1505431300,21255196,1.18556,164.24567,1
1505431300,21255192,1.18556,7.64770,1
1505431296,21255158,1.18556,314.06388,1
1505431294,21255142,1.18555,251.01554,1
1505431292,21255134,1.18555,510.46350,1
1505431292,21255131,1.18557,743.28296,0
1505431291,21255128,1.18556,163.48221,1
1505431291,21255125,1.18558,8.14463,1
1505431289,21255115,1.18557,1573.50188,1
1505431288,21255110,1.18556,534.51845,0
1505431287,21255103,1.18556,220.58719,1
1505431286,21255090,1.18565,11.38375,1
1505431236,21254816,1.18556,209.18384,1
1505431218,21254758,1.18555,120.68806,1
1505431218,21254756,1.18558,6.00193,1
1505431206,21254727,1.18577,211.86237,0
1505431205,21254722,1.18578,6.02250,1
1505431129,21254528,1.18556,133.63160,1
1505431063,21254404,1.18556,99.67022,1
1505431031,21254346,1.19102,29.79399,1
1505431023,21254327,1.19102,85.58211,1
1505431022,21254322,1.19102,337.36864,1
1505430952,21254242,1.19150,1115.94690,0
1505430952,21254241,1.19140,6.76533,0
1505430952,21254240,1.19120,6.76647,0
1505430921,21254215,1.19100,6.76762,0
1505430921,21254213,1.19100,178.43678,0
1505430916,21254201,1.19100,637.44577,0
1505430911,21254192,1.19100,535.63108,0
1505430794,21254025,1.18556,50.00000,1
1505430765,21253973,1.19100,237.55504,0
1505430759,21253957,1.19099,400.46656,0
1505430729,21253869,1.18556,25.26629,1
1505430714,21253830,1.19098,271.47600,0
1505430502,21253127,1.18602,4.22569,0
1505430502,21253125,1.18602,99.42431,0
1505430497,21253107,1.18602,72.72000,0
1505430472,21253051,1.18556,374.81743,1
1505430470,21253040,1.18558,5.29083,1
1505430451,21252993,1.18602,5.00162,0
1505430451,21252988,1.18605,5.01746,1
1505430232,21252787,1.19100,3410.93133,0
1505430232,21252785,1.19099,460.00000,0
1505430232,21252784,1.19080,6.76876,0
1505430232,21252782,1.19060,6.76991,0
1505430231,21252780,1.19057,473.32437,0
1505430231,21252776,1.19057,651.03442,0
1505430230,21252774,1.19050,52.30094,0
1505430230,21252772,1.19050,2883.05540,0
1505430230,21252769,1.19015,52.30094,0
1505430211,21252738,1.19015,219.38000,0
1505429932,21252451,1.18551,172.05004,1
1505429755,21252254,1.18993,411.37864,1
1505429748,21252232,1.19017,271.25490,1
1505429667,21252137,1.19017,602.10767,1
1505429667,21252136,1.19017,98.42391,1
1505429667,21252134,1.19017,98.36582,1
1505429667,21252133,1.19017,702.03260,1
1505429665,21252130,1.19017,170.92038,1
1505429664,21252128,1.19017,39.93186,1
1505429650,21252115,1.19050,32.46013,0
1505429648,21252112,1.19049,12.14868,0
1505429621,21252080,1.19049,95.07000,0
1505429565,21252023,1.19017,50.00000,1
1505429534,21252011,1.19049,66.96000,0
1505429532,21252006,1.19049,466.74449,0
1505429522,21251982,1.19049,194.67000,0
1505429484,21251920,1.19049,246.34964,0
1505429482,21251916,1.19049,1678.58000,0
1505429481,21251914,1.19049,239.47719,0
1505429455,21251868,1.19050,38.54000,0
1505429452,21251863,1.19050,22.96000,0
1505429445,21251855,1.19017,13.00000,0
1505429444,21251852,1.19017,48.52121,0
1505429444,21251850,1.19015,672.84365,0
1505429444,21251847,1.19015,212.46752,0
1505429441,21251842,1.19015,218.24398,0
1505429424,21251827,1.19015,29.59726,0
1505429419,21251818,1.19015,1123.67000,0
1505429414,21251804,1.19015,61.52000,0
1505429402,21251789,1.19015,616.83018,0
1505429397,21251780,1.19017,317.62037,0
1505429397,21251779,1.19017,93.50338,0
1505429396,21251777,1.19015,2419.63000,0
1505429384,21251765,1.19014,49.40963,0
1505429384,21251764,1.19013,640.41037,0
1505429378,21251753,1.18981,942.63000,0
1505429318,21251647,1.18450,24.35519,1
1505429318,21251646,1.18450,375.60000,1
1505429318,21251645,1.18450,125.97137,1
1505429314,21251635,1.18450,467.92337,1
1505429314,21251634,1.18525,5.95663,1
1505429313,21251626,1.18450,206.88065,1
1505429312,21251625,1.18517,62.63915,1
1505429312,21251624,1.18524,6.18020,1
1505429273,21251539,1.18517,85.69000,1
1505429265,21251519,1.18517,62.69000,1
1505429261,21251509,1.18517,0.10085,1
1505429261,21251507,1.18518,148.26915,1
1505429258,21251501,1.18550,412.42275,1
1505429152,21251415,1.18548,529.27085,0
1505429137,21251366,1.18515,211.30539,0
1505429067,21251238,1.18517,1934.46925,1
1505429036,21251219,1.18517,149.10602,1
1505429012,21251196,1.18517,387.10999,1
1505428999,21251180,1.18517,529.31474,1
1505428994,21251174,1.18548,1335.99218,1
1505428993,21251172,1.18548,148.31229,1
1505428959,21251145,1.18548,412.31520,1
1505428891,21251086,1.18548,668.06999,1
1505428830,21251041,1.18548,157.53263,1
1505428790,21250953,1.18548,277.77771,1
1505428771,21250925,1.18549,1649.60390,0
1505428768,21250916,1.18549,2449.10810,1
1505428765,21250904,1.18549,1372.22996,0
1505428764,21250899,1.18549,227.56280,1
1505428722,21250831,1.18549,181.15000,1
1505428711,21250803,1.18549,278.41021,1
1505428705,21250790,1.19001,181.46000,0
1505428648,21250667,1.18554,98.34999,0
1505428647,21250665,1.18549,224.58999,1
1505428617,21250591,1.18558,11.07130,1
1505428402,21250255,1.18702,117.92585,1
1505428401,21250253,1.18702,228.18528,1
1505428396,21250236,1.18703,132.59092,1
1505428394,21250229,1.19015,13.00000,1
1505428391,21250225,1.18702,1.13254,1
1505428391,21250223,1.18703,331.53885,1
1505428349,21250139,1.18703,72.51709,1
1505428280,21250061,1.18703,402.73503,1
1505428272,21250051,1.18703,279.15999,1
1505428269,21250045,1.18703,279.07667,1
1505428262,21250019,1.18703,405.87994,1
1505428227,21249969,1.19001,172.13246,1
1505428219,21249948,1.19001,137.25936,1
1505428218,21249946,1.19001,93.82670,1
1505428216,21249939,1.19002,176.56847,1
1505428148,21249880,1.19002,20.74401,0
1505428147,21249877,1.19000,160.19113,0
1505428146,21249872,1.18999,187.33577,0
1505428146,21249871,1.18999,285.94642,0
1505428139,21249858,1.18999,39.84860,0
1505427808,21249455,1.19000,0.45978,0
1505427808,21249454,1.18999,431.32611,0
1505427808,21249453,1.18999,225.96411,0
1505427806,21249448,1.18990,92.71993,0
1505427806,21249447,1.18990,19.33214,0
1505427591,21249138,1.18990,223.70861,1
1505427586,21249125,1.18990,42.90971,1
1505427585,21249124,1.18992,93.53511,1
1505427585,21249123,1.18992,106.00647,1
1505427584,21249117,1.18992,79.80457,1
1505427580,21249113,1.18992,388.66351,1
1505427579,21249111,1.18992,197.41106,1
1505427578,21249109,1.18992,44.45001,1
1505427573,21249101,1.18992,241.26691,1
1505427571,21249098,1.18992,165.26540,1
1505427558,21249080,1.18992,33.30805,1
1505427557,21249079,1.18992,39.00000,1
1505427556,21249071,1.19002,88.39686,1
1505427550,21249064,1.19002,400.42324,1
1505427529,21249036,1.19017,131.61146,1
1505427528,21249035,1.19017,167.18621,1
1505427525,21249030,1.19019,30.08159,1
1505427525,21249029,1.19050,297.20581,0
1505427524,21249027,1.19019,116.48887,1
1505427524,21249023,1.19050,116.48887,0
1505427523,21249021,1.19019,219.21505,1
1505427463,21248900,1.19050,300.25144,0
1505427453,21248870,1.19050,80.36202,0
1505427452,21248868,1.19050,375.60000,0
1505427451,21248863,1.19050,800.77539,0
1505427451,21248862,1.19048,360.41785,0
1505427450,21248860,1.19017,299.52648,0
1505427450,21248856,1.19017,266.84811,0
1505427447,21248850,1.19017,1013.25020,0
1505427439,21248827,1.19017,254.57476,0
1505427432,21248814,1.19017,186.77163,0
1505427431,21248813,1.19017,271.42152,0
1505427431,21248810,1.19017,54.98267,0
1505427430,21248806,1.19017,107.58692,0
1505427426,21248795,1.19017,458.91556,0
1505427422,21248785,1.19017,86.12215,0
1505427421,21248783,1.19000,367.94780,0
1505427421,21248781,1.19000,93.48739,0
1505427416,21248768,1.19000,855.47282,0
1505427409,21248756,1.19000,11.36812,0
1505427408,21248755,1.18992,475.85979,1
1505427404,21248733,1.19000,2783.70829,0
1505427404,21248728,1.19000,27.61088,0
1505427396,21248692,1.19000,92.94979,0
1505427394,21248665,1.19000,398.79909,0
1505427391,21248650,1.19000,368.65582,0
1505427391,21248641,1.18992,225.66832,1
1505427389,21248620,1.18990,618.47621,0
1505427388,21248611,1.18703,93.40590,1
1505427386,21248597,1.18990,381.52379,0
1505427385,21248586,1.18819,93.62836,1
1505427385,21248585,1.18852,81.15533,1
1505427384,21248572,1.18851,70.18137,0
1505427383,21248571,1.18820,62.74388,0
1505427381,21248551,1.18851,399.69466,0
1505427378,21248534,1.18851,213.12498,0
1505427378,21248530,1.18851,506.41071,0
1505427377,21248524,1.18851,176.16000,0
1505427376,21248523,1.18851,252.41689,0
1505427375,21248512,1.18851,691.47000,0
1505427374,21248505,1.18851,379.12961,0
1505427373,21248499,1.18851,180.53437,0
1505427368,21248481,1.18851,116.91000,0
1505427368,21248475,1.18851,13.96741,0
1505427368,21248472,1.18850,165.46572,0
1505427366,21248465,1.18850,48.79000,0
1505427359,21248442,1.18850,873.18000,0
1505427358,21248437,1.18850,323.36000,0
1505427355,21248423,1.18850,2445.63503,0
1505427354,21248410,1.18850,33.42868,0
1505427349,21248384,1.18850,397.28749,0
1505427338,21248355,1.18850,240.60350,0
1505427336,21248343,1.18850,241.38532,0
1505427336,21248339,1.18850,230.86426,0
1505427334,21248324,1.18817,1907.98483,0
1505427333,21248321,1.18817,278.44623,0
1505427314,21248276,1.18817,136.17894,0
1505427314,21248275,1.18800,1080.00778,0
1505427314,21248274,1.18800,858.57320,0
1505427313,21248273,1.18703,80.04549,1
1505427287,21248218,1.18800,168.76000,0
1505427286,21248217,1.18800,585.85000,0
1505427284,21248212,1.18799,5.15684,0
1505427283,21248211,1.18799,290.29000,0
1505427282,21248207,1.18799,585.61000,0
1505427239,21248132,1.18799,1913.27000,0
1505427233,21248108,1.18799,155.03496,0
1505427233,21248104,1.18798,43.83014,0
1505427218,21248072,1.18799,1178.77820,0
1505427218,21248071,1.18700,65.38341,0
1505427218,21248070,1.18700,444.62744,0
1505427218,21248069,1.18700,702.30000,0
1505427218,21248068,1.18700,385.67000,0
1505427218,21248067,1.18700,37.51050,0
1505427206,21248037,1.18700,33.09000,0
1505427202,21248027,1.18700,210.90914,0
1505427202,21248024,1.18700,184.16555,0
1505427201,21248022,1.18700,188.84482,0
1505427201,21248017,1.18700,97.25000,0
1505427201,21248013,1.18700,280.70274,0
1505427199,21248002,1.18700,230.43563,0
1505427197,21247996,1.18700,410.74162,0
1505427197,21247995,1.18700,184.67000,0
1505427197,21247994,1.18700,519.29000,0
1505427196,21247992,1.18700,142.13998,0
1505427196,21247987,1.18700,1105.57002,0
1505427196,21247984,1.18700,257.06602,0
1505427191,21247975,1.18700,113.97638,0
1505427191,21247971,1.18700,897.46947,0
1505427185,21247959,1.18700,184.14489,0
1505427184,21247958,1.18700,207.10894,0
1505427184,21247957,1.18700,672.36430,0
1505427184,21247955,1.18700,71.02000,0
1505427184,21247954,1.18700,901.43730,0
1505427183,21247953,1.18700,206.42718,0
1505427183,21247950,1.18700,194.36134,0
1505427183,21247948,1.18700,140.97000,0
1505427182,21247945,1.18700,141.04360,0
1505427182,21247944,1.18700,644.82095,0
1505427176,21247915,1.18700,904.33239,0
1505427163,21247898,1.18700,237.48266,0
1505427163,21247897,1.18700,1007.74999,0
1505427163,21247894,1.18700,228.86401,0
1505427163,21247893,1.18700,1144.09988,0
1505427157,21247882,1.18700,140.27276,0
1505427156,21247877,1.18700,76.22413,0
1505427153,21247868,1.18700,1433.78921,0
1505427153,21247867,1.18700,1182.48523,0
1505427152,21247864,1.18700,188.57882,0
1505427152,21247859,1.18700,59.84000,0
1505427151,21247855,1.18700,112.08000,0
1505427147,21247836,1.18700,254.20524,0
1505427146,21247832,1.18700,76.15124,0
1505427145,21247827,1.18699,76.05000,0
1505427139,21247809,1.18200,65.38341,1
1505427137,21247803,1.18204,119.27819,1
1505427135,21247798,1.18700,151.96483,0
1505427135,21247797,1.18700,235.52517,0
1505427135,21247792,1.18700,737.86370,0
1505427135,21247788,1.18700,241.89976,0
1505427134,21247787,1.18700,546.23680,0
1505427134,21247784,1.18700,249.37147,0
1505427134,21247783,1.18700,22.58663,0
1505427134,21247781,1.18700,263.77072,0
1505427134,21247779,1.18699,285.60420,0
1505427132,21247766,1.18200,444.62744,1
1505427132,21247765,1.18698,2.28020,1
1505427131,21247763,1.18698,58.47236,1
1505427131,21247761,1.18700,32.00426,0
1505427131,21247760,1.18700,295.80625,0
1505427130,21247752,1.18698,60.87106,1
1505427130,21247750,1.18699,4038.03554,1
1505427129,21247745,1.18688,178.98446,0
1505427128,21247739,1.18699,127.75007,0
1505427125,21247727,1.18698,60.75465,1
1505427125,21247723,1.18698,60.75465,1
1505427118,21247696,1.18699,48.60000,0
1505427118,21247693,1.18699,349.38306,0
1505427118,21247689,1.18699,114.90000,0
1505427113,21247665,1.18698,60.75445,1
1505427113,21247663,1.18699,60.92127,1
1505427112,21247654,1.18699,220.70270,0
1505427112,21247650,1.18201,453.82000,1
1505427107,21247639,1.18699,878.51986,0
1505427107,21247638,1.18697,192.81053,0
1505427086,21247587,1.18696,252.74438,0
1505427085,21247582,1.18697,135.71214,0
1505427039,21247499,1.18200,702.30000,1
1505426991,21247409,1.18200,385.67000,1
1505426981,21247389,1.18200,281.50964,1
1505426980,21247387,1.18200,470.26037,1
1505426979,21247385,1.18200,921.87999,1
1505426979,21247384,1.18200,184.67000,1
1505426972,21247373,1.18200,519.29000,1
1505426898,21247257,1.18200,142.13998,1
1505426898,21247256,1.18200,1105.57002,1
1505426859,21247207,1.18200,2332.13000,1
1505426854,21247197,1.18200,71.02000,1
1505426826,21247154,1.18200,1302.22582,1
1505426821,21247140,1.18200,140.97000,1
1505426820,21247139,1.18200,141.04360,1
1505426818,21247135,1.18200,1786.63600,1
1505426817,21247129,1.18200,1007.74999,1
1505426806,21247108,1.18200,228.86401,1
1505426805,21247105,1.18200,2794.38598,1
1505426561,21246859,1.18200,2025.30536,1
1505426509,21246816,1.18200,973.38887,1
1505426507,21246812,1.18685,224.76262,0
1505426499,21246794,1.18200,241.89976,1
1505426491,21246784,1.18200,546.23680,1
1505426488,21246781,1.18200,249.37147,1
1505426487,21246777,1.18201,463.39276,1
1505426487,21246776,1.18201,1282.29341,1
1505426441,21246707,1.18201,500.61610,1
1505426435,21246691,1.18201,241.31282,1
1505426412,21246639,1.18201,245.25687,1
1505426403,21246585,1.18200,22.58663,1
1505426402,21246581,1.18201,188.26406,1
1505426292,21246470,1.18506,15.31982,1
1505426287,21246465,1.18519,15.31982,1
1505426286,21246459,1.18518,15.31982,1
1505426223,21246296,1.18702,266.19818,1
1505426222,21246291,1.18702,29.06888,1
1505426203,21246257,1.18700,0.00681,0
1505426200,21246239,1.18700,295.78000,0
1505426115,21246093,1.18200,295.78681,1
1505426113,21246091,1.18201,244.28999,1
1505426105,21246079,1.18201,119.36999,1
1505425879,21245802,1.18201,8.43188,1
1505425870,21245794,1.18201,141.74154,1
1505425818,21245735,1.18201,1505.50515,1
1505425818,21245734,1.18201,1080.00778,1
1505425808,21245716,1.18202,30.05530,1
1505425808,21245714,1.18202,322.27460,1
1505425633,21245499,1.18506,18.54223,1
1505425503,21245252,1.18797,332.06790,0
1505425503,21245247,1.18794,242.91986,0
1505425502,21245243,1.18794,140.35860,0
1505425495,21245225,1.18201,1366.28999,1
1505425450,21245056,1.18202,470.56126,1
1505425416,21245019,1.18202,81.02049,1
1505425320,21244805,1.18202,70.94793,1
1505425320,21244804,1.18203,149.05207,1
1505425279,21244714,1.18220,39.42419,1
1505425279,21244712,1.18467,12.27254,1
1505425278,21244710,1.18511,18.30327,1
1505425201,21244561,1.18800,10.66414,0
1505425189,21244554,1.18800,187.76000,0
1505425175,21244527,1.18800,0.16163,0
1505425175,21244526,1.18799,82.56912,0
1505425175,21244525,1.18799,156.48925,0
1505425134,21244459,1.18799,178.05000,0
1505425118,21244439,1.18800,63.64000,0
1505425115,21244436,1.18800,196.34000,0
1505425110,21244432,1.18634,29.88724,1
1505425102,21244421,1.18630,29.86337,1
1505425101,21244419,1.18629,234.22235,1
1505425034,21244345,1.18595,74.04629,1
1505424985,21244305,1.18800,566.10079,0
1505424876,21244156,1.18800,49.89980,0
1505424876,21244155,1.18789,506.87020,0
1505424867,21244141,1.18789,29.57521,0
1505424866,21244140,1.18787,230.14320,0
1505424839,21244044,1.18787,0.18960,0
1505424838,21244043,1.18700,451.13302,0
1505424838,21244042,1.18700,361.63738,0
1505424836,21244039,1.18700,114.46258,0
1505424836,21244038,1.18700,223.85742,0
1505424810,21243991,1.18700,205.40000,0
1505424805,21243982,1.18700,180.07669,0
1505424805,21243980,1.18700,724.32190,0
1505424805,21243978,1.18700,10.51033,0
1505424805,21243977,1.18700,320.14000,0
1505424804,21243976,1.18700,123.79777,0
1505424802,21243968,1.18700,171.44000,0
1505424768,21243869,1.18700,210.25163,0
1505424756,21243853,1.18700,58.27060,0
1505424756,21243851,1.18700,19.44000,0
1505424756,21243850,1.18700,19.42057,0
1505424756,21243849,1.18700,27.94648,0
1505424751,21243838,1.18700,210.05650,0
1505424750,21243836,1.18700,88.59226,0
1505424750,21243835,1.18700,282.34000,0
1505424750,21243834,1.18700,576.13981,0
1505424745,21243830,1.18700,135.80019,0
1505424745,21243828,1.18700,74.79224,0
1505424741,21243815,1.18700,100.30100,0
1505424737,21243801,1.18700,147.61525,0
1505424736,21243798,1.18700,38.93655,0
1505424730,21243785,1.18700,209.70211,0
1505424728,21243779,1.18700,75.77000,0
1505424726,21243775,1.18700,64.42771,0
1505424726,21243772,1.18700,152.49211,0
1505424724,21243767,1.18700,209.58470,0
1505424724,21243762,1.18700,391.93000,0
1505424723,21243759,1.18700,196.29453,0
1505424723,21243757,1.18700,40.05210,0
1505424700,21243696,1.18700,1013.83656,0
1505424700,21243695,1.18700,98.32904,0
1505424700,21243694,1.18700,405.16000,0
1505424700,21243693,1.18700,557.48003,0
1505424700,21243691,1.18700,3179.90999,0
1505424699,21243689,1.18700,25.67998,0
1505424699,21243688,1.18700,534.28001,0
1505424699,21243687,1.18700,51.37000,0
1505424699,21243686,1.18700,304.35439,0
1505424698,21243680,1.18700,4049.82560,0
1505424697,21243679,1.18700,534.28000,0
1505424697,21243678,1.18700,641.71440,0
1505424694,21243667,1.18700,210.04655,0
1505424694,21243666,1.18700,240.92973,0
1505424693,21243662,1.18700,1680.14000,0
1505424692,21243657,1.18700,11.28932,0
1505424692,21243655,1.18700,382.57455,0
1505424676,21243611,1.18700,151.70544,0
1505424675,21243609,1.18700,96.22894,0
1505424675,21243608,1.18700,273.38562,0
1505424672,21243597,1.18220,358.72999,0
1505424670,21243590,1.18700,522.02100,0
1505424670,21243589,1.18700,1445.17999,0
1505424670,21243588,1.18700,933.95901,0
1505424667,21243571,1.18700,442.61352,0
1505424667,21243570,1.18699,152.27648,0
1505424651,21243518,1.18699,83.90000,0
1505424629,21243485,1.18699,66.92221,0
1505424590,21243413,1.18699,51.19911,0
1505424489,21243258,1.18202,19.10918,1
1505424377,21243074,1.18224,17.38867,1
1505424376,21243072,1.18224,13.41042,1
1505424158,21242750,1.18697,60.00000,1
1505424153,21242734,1.18700,160.67000,0
1505424146,21242674,1.18700,151.96247,0
1505424145,21242673,1.18700,481.51999,0
1505424145,21242672,1.18700,73.14754,0
1505424141,21242654,1.18700,118.24245,0
1505424141,21242653,1.18700,121.44377,0
1505424139,21242649,1.18700,337.84622,0
1505424139,21242648,1.18700,163.77327,0
1505424139,21242646,1.18700,1932.17377,0
1505424138,21242642,1.18700,347.16634,0
1505424137,21242638,1.18699,172.44000,0
1505424136,21242637,1.18698,520.00000,0
1505424084,21242426,1.18201,56.02629,1
1505424084,21242424,1.18696,402.64796,0
1505424083,21242420,1.18698,115.59393,0
1505424081,21242406,1.18202,28.12704,1
1505424080,21242404,1.18699,28.12704,1
1505424079,21242398,1.18202,405.15999,1
1505424079,21242395,1.18200,451.13302,1
1505424078,21242394,1.18200,476.09996,1
1505424078,21242392,1.18200,1333.65601,1
1505424078,21242390,1.18201,23.84005,1
1505424078,21242388,1.18671,41.49462,1
1505424076,21242380,1.18699,5478.91578,0
1505424076,21242377,1.18698,355.21718,0
1505424068,21242352,1.18201,4.62995,1
1505424068,21242351,1.18202,23.84005,1
1505424064,21242339,1.18200,10.51033,1
1505424064,21242337,1.18201,30.92898,1
1505424063,21242335,1.18668,41.43931,0
1505424061,21242330,1.18669,30.07523,0
1505424009,21242193,1.18200,320.14000,1
1505423907,21242038,1.18200,563.76000,1
1505423905,21242029,1.18200,19.44000,1
1505423903,21242023,1.18200,19.42057,1
1505423901,21242018,1.18200,326.59524,1
1505423830,21241893,1.18200,282.34000,1
1505423828,21241889,1.18200,711.94000,1
1505423827,21241884,1.18200,322.70849,1
1505423813,21241869,1.18200,388.83637,1
1505423727,21241690,1.18200,2004.19000,1
1505423724,21241676,1.18200,98.32904,1
1505423723,21241675,1.18201,5.80096,1
1505423676,21241582,1.18200,405.16000,1
1505423649,21241521,1.18200,557.48003,1
1505423648,21241519,1.18200,3179.90999,1
1505423648,21241516,1.18200,25.67998,1
1505423601,21241444,1.18200,534.28001,1
1505423600,21241441,1.18200,51.37000,1
1505423582,21241393,1.18200,4354.17999,1
1505423580,21241381,1.18200,534.28000,1
1505423563,21241340,1.18200,2784.12000,1
1505423562,21241330,1.18200,534.27999,1
1505423539,21241280,1.18200,96.22894,1
1505423537,21241277,1.18201,5.90425,1
1505423476,21241144,1.18200,795.40662,1
1505423476,21241142,1.18201,567.30433,1
1505423449,21241091,1.18200,1445.17999,1
1505423447,21241088,1.18200,1689.20500,1
1505423399,21240972,1.18200,481.51999,1
1505423348,21240909,1.18200,191.38999,1
1505423107,21240586,1.18200,459.28999,1
1505423107,21240584,1.18200,163.77327,1
1505423104,21240564,1.18200,2279.34011,1
1505423085,21240517,1.18201,22.76504,1
1505423075,21240492,1.18201,565.41500,1
1505423073,21240479,1.18201,401.55716,1
1505423055,21240442,1.18201,72.57999,1
1505422994,21240360,1.18409,184.43622,1
1505422990,21240354,1.18409,203.91358,1
1505422986,21240346,1.18409,182.29000,1
1505422986,21240343,1.18410,166.01130,1
1505422985,21240340,1.18410,198.77267,1
1505422984,21240338,1.18410,5.15092,1
1505422960,21240294,1.18410,70.00000,1
1505422901,21240196,1.18410,89.75429,1
1505422869,21240145,1.18410,100.00000,1
1505422667,21239935,1.18787,108.86920,0
1505422525,21239876,1.18788,150.76000,0
1505422482,21239816,1.18788,129.98817,0
1505422272,21239632,1.18789,253.55882,0
1505422272,21239630,1.18789,209.99577,0
1505422270,21239624,1.18788,346.73926,0
1505422079,21239460,1.18760,662.18000,0
1505421955,21239306,1.18774,363.88434,1
1505421942,21239260,1.18817,677.39000,0
1505421940,21239251,1.18789,472.16492,1
1505421825,21239077,1.18377,18.49305,0
1505421825,21239076,1.18377,18.40680,0
1505421825,21239075,1.18376,533.73995,0
1505421754,21238934,1.18151,525.74590,1
1505421754,21238933,1.18200,49.50409,1
1505421740,21238893,1.18200,459.55999,1
1505421739,21238887,1.18200,1245.43149,1
1505421732,21238871,1.18200,1271.54999,1
1505421730,21238862,1.18200,560.23997,1
1505421724,21238842,1.18200,334.26104,1
1505421717,21238819,1.18200,564.54546,1
1505421716,21238808,1.18200,1049.46841,1
1505421696,21238739,1.18200,325.58313,1
1505421695,21238735,1.18200,325.90999,1
1505421688,21238719,1.18376,593.35408,0
1505421683,21238701,1.18201,139.70657,1
1505421679,21238692,1.18376,100.32287,0
1505421677,21238683,1.18376,225.90790,0
1505421642,21238640,1.18201,244.83365,1
1505421641,21238636,1.18201,234.14858,1
1505421640,21238635,1.18202,9.09246,1
1505421620,21238594,1.18200,201.77392,1
1505421617,21238589,1.18200,201.57228,1
1505421615,21238585,1.18200,178.60985,1
1505421603,21238558,1.18346,177.40798,0
1505421587,21238541,1.18200,20.16600,1
1505421572,21238529,1.18346,145.22000,0
1505421454,21238352,1.18200,492.84632,1
1505421453,21238347,1.18200,27.85285,1
1505421453,21238345,1.18200,79.19082,1
1505421440,21238325,1.18200,37.87499,1
1505421437,21238320,1.18200,836.79999,1
1505421436,21238318,1.18200,840.20000,1
1505421436,21238315,1.18200,47.05000,1
1505421435,21238311,1.18200,925.12497,1
1505421423,21238281,1.18346,410.84662,0
1505421423,21238280,1.18346,89.34665,0
1505421423,21238278,1.18346,253.49399,0
1505421420,21238265,1.18346,392.13505,0
1505421417,21238252,1.18200,423.54999,1
1505421406,21238232,1.18200,837.47151,1
1505421395,21238200,1.18200,242.70254,1
1505421391,21238189,1.18200,1108.90997,1
1505421391,21238185,1.18201,11.05963,1
1505421391,21238183,1.18201,16.58944,1
1505421384,21238167,1.18348,2014.87294,1
1505421383,21238165,1.18348,40.77207,1
1505421381,21238158,1.18348,717.56999,1
1505421377,21238150,1.18348,16.47279,1
1505421362,21238124,1.18348,56.91999,1
1505421359,21238117,1.18348,128.63446,1
1505421354,21238108,1.18348,24.75776,1
1505421354,21238106,1.18349,12.38223,1
1505421353,21238105,1.18376,36.89984,0
1505421353,21238104,1.18376,206.74536,0
1505421353,21238103,1.18376,274.56000,0
1505421348,21238097,1.18351,1789.59102,1
1505421348,21238096,1.18352,17.29823,1
1505421346,21238085,1.18351,203.91135,1
1505421345,21238077,1.18351,1006.49763,1
1505421344,21238072,1.18363,17.29823,0
1505421343,21238069,1.18363,1104.23492,1
1505421343,21238067,1.18363,140.70999,1
1505421343,21238065,1.18370,274.56000,1
1505421342,21238060,1.18380,0.08547,1
1505421340,21238054,1.18380,17.00891,1
1505421232,21237838,1.18364,149.99494,1
1505421179,21237800,1.18411,45.65000,0
1505421109,21237746,1.18379,19.49167,1
1505421004,21237572,1.18363,2227.07070,1
1505421002,21237569,1.18363,820.55128,1
1505421002,21237568,1.18364,32.99872,1
1505420998,21237553,1.18365,31.16600,1
1505420988,21237536,1.18363,459.98231,1
1505420988,21237534,1.18363,1874.55820,1
1505420988,21237533,1.18363,1874.55820,1
1505420988,21237532,1.18363,278.39597,1
1505420988,21237531,1.18410,0.00422,1
1505420988,21237530,1.18411,45.26211,1
1505420865,21237453,1.18410,349.99578,1
1505420797,21237403,1.18363,466.59627,1
1505420790,21237394,1.18363,235.25328,1
1505420790,21237393,1.18364,53.97914,1
1505420768,21237352,1.18363,247.43930,1
1505420768,21237350,1.18363,646.87338,1
1505420768,21237349,1.18363,1874.55820,1
1505420768,21237347,1.18363,67.05840,1
1505420759,21237331,1.18364,62.62878,1
1505420754,21237318,1.18364,226.09348,0
1505420753,21237311,1.18364,2521.96348,1
1505420753,21237310,1.18365,1.89513,1
1505420743,21237294,1.18365,41.46915,1
1505420740,21237290,1.18365,29.91006,1
1505420738,21237285,1.18366,19.50385,1
1505420738,21237282,1.18366,270.49615,1
1505420733,21237270,1.18364,241.58112,1
1505420733,21237267,1.18364,73.27434,1
1505420728,21237247,1.18363,1394.71795,1
1505420725,21237241,1.18364,66.44777,1
1505420725,21237238,1.18366,73.48395,1
1505420721,21237232,1.18366,255.12686,1
1505420720,21237231,1.18365,311.99669,1
1505420718,21237220,1.18364,99.74315,1
1505420718,21237219,1.18364,92.89016,1
1505420715,21237213,1.18365,75.05541,0
1505420714,21237210,1.18364,2378.75458,0
1505420714,21237207,1.18363,70.56016,1
1505420714,21237206,1.18365,75.05541,1
1505420712,21237201,1.18366,74.68013,1
1505420709,21237193,1.18364,314.05180,1
1505420706,21237187,1.18363,88.35287,1
1505420705,21237185,1.18363,253.86882,1
1505420705,21237184,1.18356,871.12532,0
1505420705,21237183,1.18352,1003.43288,0
1505420704,21237182,1.18352,1874.55820,0
1505420704,21237180,1.18355,88.79220,1
1505420702,21237171,1.18356,624.82835,1
1505420701,21237166,1.18356,245.17165,1
1505420455,21236859,1.18353,479.80309,1
1505420173,21236497,1.18513,255.11905,0
1505420094,21236428,1.18902,20.70000,1
1505420087,21236422,1.18902,71.58000,1
1505419998,21236282,1.19048,217.75452,0
1505419969,21236132,1.19048,23.67000,0
1505419968,21236129,1.19048,241.16489,0
1505419967,21236122,1.19048,241.60156,0
1505419965,21236111,1.19048,352.55064,0
1505419965,21236108,1.19048,23.66000,0
1505419963,21236103,1.19048,240.30369,0
1505419962,21236100,1.19048,23.67000,0
1505419961,21236099,1.19048,50.32864,0
1505419960,21236091,1.19048,142.48758,0
1505419957,21236081,1.19048,47.73064,0
1505419956,21236077,1.19048,481.77842,0
1505419954,21236072,1.19048,227.89461,0
1505419952,21236065,1.19048,244.89002,0
1505419949,21236054,1.19048,80.09694,0
1505419949,21236053,1.19040,6.77105,0
1505419949,21236052,1.19020,6.77220,0
1505419948,21236051,1.19000,6.77335,0
1505419932,21235977,1.18990,186.51486,0
1505419930,21235971,1.18990,390.92209,0
1505419926,21235949,1.18990,422.56305,0
1505419925,21235948,1.18980,6.77449,0
1505419925,21235947,1.18960,6.77564,0
1505419925,21235946,1.18950,6.77622,0
1505419925,21235945,1.18940,6.77679,0
1505419925,21235943,1.18930,6.77736,0
1505419925,21235942,1.18920,6.77794,0
1505419925,21235941,1.18910,6.77851,0
1505419923,21235934,1.18900,0.00837,0
1505419921,21235916,1.18900,6.77072,0
1505419921,21235914,1.18900,1404.11928,0
1505419910,21235876,1.18900,358.44000,0
1505419905,21235862,1.18900,358.29000,0
1505419905,21235860,1.18900,4781.34495,0
1505419903,21235853,1.18900,358.26000,0
1505419901,21235847,1.18900,1471.87776,0
1505419901,21235846,1.18900,71.59999,0
1505419901,21235843,1.18900,1888.65710,0
1505419901,21235840,1.18900,1423.70778,0
1505419901,21235838,1.18900,851.10642,0
1505419900,21235837,1.18900,107.64095,0
1505419898,21235831,1.18900,86.12650,0
1505419898,21235829,1.18900,272.00350,0
1505419895,21235815,1.18900,154.89862,0
1505419895,21235814,1.18900,382.55913,0
1505419895,21235813,1.18900,160.43849,0
1505419895,21235812,1.18900,383.02365,0
1505419895,21235810,1.18900,1872.10305,0
1505419894,21235809,1.18900,447.87647,0
1505419894,21235808,1.18900,486.28999,0
1505419894,21235806,1.18900,500.00000,0
1505419894,21235803,1.18900,79.85210,0
1505419894,21235802,1.18900,273.95115,0
1505419894,21235800,1.18900,249.45999,0
1505419893,21235799,1.18900,84.31999,0
1505419893,21235798,1.18900,229.29899,0
1505419893,21235796,1.18900,143.76845,0
1505419893,21235795,1.18900,58.47851,0
1505419893,21235794,1.18900,85.33000,0
1505419893,21235793,1.18900,220.87142,0
1505419871,21235695,1.18900,379.05385,0
1505419871,21235694,1.18900,3662.50511,0
1505419871,21235693,1.18900,31.60280,0
1505419871,21235691,1.18900,233.23350,0
1505419871,21235690,1.18900,322.01015,0
1505419870,21235689,1.18900,145.79240,0
1505419843,21235638,1.18900,85.41000,0
1505419808,21235589,1.18900,85.08000,0
1505419808,21235588,1.18900,30.21395,0
1505419808,21235587,1.18900,204.01411,0
1505419807,21235584,1.18900,110.11650,0
1505419807,21235583,1.18900,221.98649,0
1505419807,21235582,1.18900,103.63254,0
1505419807,21235581,1.18900,431.48142,0
1505419807,21235580,1.18900,243.17512,0
1505419806,21235579,1.18900,1003.91740,0
1505419806,21235578,1.18900,31.80000,0
1505419806,21235576,1.18900,332.24659,0
1505419806,21235574,1.18900,61.88001,0
1505419806,21235573,1.18900,52.96000,0
1505419806,21235572,1.18900,39.40473,0
1505419805,21235571,1.18857,0.00388,0
1505419783,21235505,1.18857,146.11000,0
1505419778,21235486,1.18857,142.53000,0
1505419778,21235483,1.18857,981.74312,0
1505419777,21235481,1.18857,675.16000,0
1505419776,21235480,1.18857,189.20999,0
1505419773,21235472,1.18857,498.08496,0
1505419771,21235463,1.18857,367.15805,0
1505419764,21235431,1.18850,905.47815,0
1505419763,21235426,1.18850,249.35949,0
1505419762,21235422,1.18850,380.88752,0
1505419760,21235411,1.18850,2556.91000,0
1505419759,21235409,1.18850,248.82903,0
1505419757,21235401,1.18850,658.53581,0
1505419757,21235400,1.18850,1895.26419,0
1505419755,21235390,1.18850,249.63880,0
1505419753,21235382,1.18850,999.52000,0
1505419752,21235381,1.18850,250.42420,0
1505419751,21235374,1.18850,494.15417,0
1505419750,21235372,1.18850,872.32917,0
1505419750,21235371,1.18850,1677.16083,0
1505419734,21235345,1.18850,1179.53713,0
1505419734,21235344,1.18848,437.69302,0
1505419725,21235325,1.18847,96.48000,1
1505419723,21235321,1.18848,601.65000,0
1505419723,21235320,1.18848,1634.15127,0
1505419723,21235319,1.18848,0.00873,0
1505419723,21235318,1.18846,1130.00000,0
1505419539,21235072,1.18035,435.62898,1
1505419539,21235071,1.18545,38.82870,1
1505419538,21235070,1.18848,509.38000,0
1505419525,21235055,1.18848,158.15000,0
1505419525,21235054,1.18848,2332.46127,0
1505419520,21235048,1.18847,240.89679,0
1505419458,21234972,1.18840,264.34258,0
1505419447,21234944,1.18550,100.00000,0
1505419422,21234887,1.18539,569.30000,0
1505419421,21234882,1.18539,99.99000,0
1505419285,21234794,1.18004,1328.31431,1
1505419283,21234784,1.18003,119.91487,1
1505419275,21234771,1.18003,1188.09889,1
1505419274,21234769,1.18004,72.35569,1
1505419274,21234768,1.18004,49.51146,1
1505419274,21234767,1.18010,0.16224,1
1505419274,21234766,1.18010,32.28620,1
1505419272,21234757,1.18009,36.02290,1
1505419205,21234629,1.18009,6.21906,0
1505419204,21234628,1.18009,43.78094,1
1505419073,21234476,1.18003,357.17950,1
1505419073,21234474,1.18003,51.04487,1
1505419072,21234472,1.18006,34.02992,1
1505419065,21234460,1.18539,330.71000,0
1505419065,21234458,1.18516,0.01000,0
1505419044,21234432,1.18004,0.00339,0
1505419044,21234431,1.18003,32.28000,1
1505419043,21234430,1.18004,32.28000,0
1505419042,21234425,1.18004,52.90848,1
1505419040,21234416,1.18516,43.77000,0
1505418986,21234358,1.18516,2269.77000,0
1505418967,21234331,1.18516,686.45000,0
1505418946,21234295,1.18004,2.17375,1
1505418946,21234294,1.18435,37.05234,1
1505418943,21234292,1.18511,19.72303,1
1505418942,21234288,1.18515,3839.59000,0
1505418941,21234280,1.18511,17.32931,1
1505418925,21234256,1.18002,631.10562,1
1505418925,21234253,1.18003,40.52157,1
1505418925,21234251,1.18004,90.90722,1
1505418923,21234247,1.18438,45.45361,1
1505418879,21234178,1.18003,1.71977,1
1505418879,21234177,1.18004,88.06625,1
1505418878,21234174,1.18433,28.23911,1
1505418878,21234173,1.18444,53.28024,1
1505418869,21234154,1.18457,39.87215,1
1505418864,21234140,1.18440,36.37997,1
1505418816,21234086,1.18449,681.69690,1
1505418816,21234084,1.18449,681.69690,1
1505418789,21234033,1.18452,387.30003,1
1505418788,21234029,1.18452,36.38000,1
1505418788,21234028,1.18451,645.31697,0
1505418787,21234027,1.18452,1068.99700,0
1505418774,21233988,1.18433,617.07789,1
1505418774,21233987,1.18434,645.31700,1
1505418774,21233986,1.18434,645.31700,1
1505418774,21233984,1.18434,645.31700,1
1505418774,21233982,1.18434,107.26841,1
1505418774,21233980,1.18440,645.31700,1
1505418774,21233979,1.18440,151.82188,1
1505418771,21233974,1.18440,218.03512,1
1505418769,21233970,1.18440,275.46000,1
1505418769,21233969,1.18434,538.04859,1
1505418769,21233965,1.18434,223.70860,1
1505418769,21233964,1.18441,0.77281,1
1505418766,21233954,1.18441,62.93806,1
1505418765,21233951,1.18441,62.66784,1
1505418765,21233950,1.18441,135.13216,1
1505418761,21233916,1.18441,223.13702,1
1505418760,21233906,1.18443,645.31700,1
1505418756,21233891,1.18441,160.66911,1
1505418756,21233890,1.18441,57.44948,1
1505418755,21233882,1.18441,519.57377,1
1505418754,21233880,1.18441,68.29375,1
1505418754,21233879,1.18441,144.09052,1
1505418754,21233877,1.18441,451.21000,1
1505418754,21233875,1.18441,42.24134,1
1505418753,21233873,1.18441,7.77514,1
1505418753,21233872,1.18441,124.38926,1
1505418753,21233870,1.18441,36.93999,1
1505418751,21233860,1.18441,483.98775,1
1505418750,21233853,1.18434,212.12540,1
1505418746,21233831,1.18434,209.48300,1
1505418746,21233830,1.18434,645.31700,1
1505418741,21233808,1.18005,18.08135,1
1505418741,21233806,1.18006,67.07423,1
1505418738,21233795,1.18004,51.48792,1
1505418730,21233781,1.18003,14.96679,1
1505418730,21233780,1.18438,66.08220,1
1505418730,21233779,1.18438,0.00001,1
1505418730,21233778,1.18439,4.10658,1
1505418729,21233774,1.18439,53.10155,1
1505418728,21233768,1.18438,66.08219,1
1505418728,21233765,1.18438,66.08220,1
1505418728,21233761,1.18438,66.08220,1
1505418727,21233753,1.18438,66.08220,1
1505418727,21233752,1.18438,66.08220,1
1505418726,21233750,1.18002,84.77823,1
1505418726,21233747,1.18002,627.76116,1
1505418726,21233745,1.18438,66.08220,1
1505418726,21233744,1.18438,66.08220,1
1505418726,21233743,1.18438,66.08220,1
1505418725,21233741,1.18438,66.08219,1
1505418725,21233739,1.18125,0.00001,0
1505418725,21233738,1.18125,66.08220,0
1505418722,21233726,1.18457,67.91406,1
1505418719,21233715,1.18456,734.91188,1
1505418718,21233712,1.18456,84.76215,1
1505418718,21233711,1.18456,228.14000,1
1505418716,21233706,1.18440,36.93997,0
1505418716,21233705,1.18440,0.00003,0
1505418716,21233703,1.18440,372.73000,0
1505418716,21233701,1.18440,533.87040,0
1505418716,21233699,1.18440,58.91723,0
1505418715,21233698,1.18440,44.64708,0
1505418715,21233697,1.18440,74.58926,0
1505418713,21233690,1.18002,228.14000,1
1505418712,21233688,1.18002,102.90650,1
1505418711,21233687,1.18003,49.65978,1
1505418711,21233684,1.18003,75.57372,1
1505418710,21233674,1.18003,13.45551,1
1505418708,21233665,1.18003,10.29033,1
1505418708,21233664,1.18003,74.48967,1
1505418704,21233654,1.18002,2564.81234,1
1505418679,21233571,1.18002,226.70000,1
1505418675,21233548,1.18002,226.70000,1
1505418675,21233544,1.18002,20.41292,1
1505418671,21233522,1.18002,1195.98638,1
1505418668,21233512,1.18441,64.89351,1
1505418665,21233493,1.18440,3233.90351,1
1505418665,21233491,1.18440,26.10079,1
1505418664,21233489,1.18440,58.91723,1
1505418664,21233486,1.18440,44.65000,1
1505418664,21233484,1.18440,195.65677,1
1505418663,21233482,1.18440,939.43323,1
1505418660,21233464,1.18440,224.63000,1
1505418658,21233451,1.18440,318.96836,1
1505418655,21233431,1.18440,221.76000,1
1505418654,21233421,1.18440,710.26752,1
1505418651,21233409,1.18440,221.76000,1
1505418650,21233398,1.18440,323.96119,1
1505418649,21233393,1.18016,85.11915,0
1505418649,21233391,1.18016,934.99885,0
1505418649,21233390,1.18015,94.95631,0
1505418649,21233389,1.18014,2144.92999,0
1505418635,21233299,1.18002,5924.93741,1
1505418634,21233290,1.18002,223.71363,1
1505418630,21233264,1.18002,255.93460,1
1505418629,21233255,1.18002,216.13709,1
1505418624,21233233,1.18002,221.84000,1
1505418624,21233230,1.18002,42.20560,1
1505418622,21233220,1.18002,446.88000,1
1505418618,21233203,1.18002,678.54169,1
1505418616,21233195,1.18002,232.76042,1
1505418540,21233041,1.18002,247.60186,1
1505418538,21233035,1.18002,474.51489,1
1505418536,21233030,1.18002,1746.30001,1
1505418535,21233019,1.18002,4025.57003,1
1505418534,21233018,1.18004,2570.40138,1
1505418534,21233016,1.18016,1775.97259,1
1505418532,21233006,1.18016,213.48742,1
1505418530,21232996,1.18017,657.57899,1
1505418488,21232950,1.18016,1010.53999,1
1505418409,21232785,1.18017,1089.94706,0
1505418407,21232781,1.18017,1317.51215,1
1505418324,21232707,1.18017,1154.06637,1
1505418324,21232706,1.18018,165.51148,1
1505418313,21232691,1.18017,499.23214,1
1505418306,21232662,1.18170,0.61165,0
1505418306,21232658,1.18170,121.71835,0
1505418296,21232641,1.18170,73.17000,0
1505418286,21232622,1.18017,526.41787,0
1505418284,21232615,1.18017,955.48212,1
1505418172,21232517,1.18017,79.99000,1
1505418043,21232359,1.18495,95.06731,1
1505417969,21232264,1.18514,2647.61091,0
1505417968,21232256,1.18514,352.38909,0
1505417966,21232244,1.18513,156.86684,0
1505417955,21232218,1.18513,2120.22458,0
1505417950,21232201,1.18495,31.40373,1
1505417950,21232199,1.18494,68.74627,0
1505417948,21232196,1.18492,45.84000,0
1505417947,21232189,1.18493,399.23622,1
1505417945,21232183,1.18493,68.74000,0
1505417945,21232181,1.18493,420.07934,0
1505417943,21232169,1.18493,420.09000,0
1505417942,21232167,1.18493,2371.07066,0
1505417882,21232084,1.18492,94.75627,0
1505417880,21232081,1.18493,139.63273,0
1505417824,21231979,1.18004,166.79944,1
1505417733,21231816,1.18004,253.64999,1
1505417714,21231788,1.18004,8.69574,1
1505417713,21231787,1.18004,845.40000,1
1505417689,21231754,1.18004,324.03290,1
1505417684,21231746,1.18004,131.49999,1
1505417654,21231686,1.18004,699.52056,1
1505417654,21231685,1.18008,43.24000,1
1505417654,21231684,1.18010,6.77909,1
1505417654,21231683,1.18014,1181.64415,1
1505417654,21231682,1.18015,41.30000,1
1505417653,21231681,1.18020,6.77851,1
1505417653,21231680,1.18030,6.77794,1
1505417653,21231679,1.18040,54.21949,1
1505417653,21231678,1.18040,71.25000,1
1505417653,21231677,1.18040,23.44000,1
1505417651,21231675,1.18040,136.78395,1
1505417642,21231643,1.18040,255.68460,1
1505417620,21231574,1.18040,434.65515,1
1505417620,21231570,1.18040,17.19576,1
1505417619,21231567,1.18040,6.77105,1
1505417619,21231566,1.18040,6.77736,1
1505417619,21231565,1.18045,932.78961,1
1505417619,21231561,1.18045,7.93039,1
1505417618,21231557,1.18045,59.28000,1
1505417618,21231555,1.18050,6.77679,1
1505417618,21231554,1.18060,6.77622,1
1505417618,21231553,1.18070,6.77564,1
1505417618,21231552,1.18090,6.77449,1
1505417617,21231551,1.18110,6.77335,1
1505417617,21231549,1.18130,6.77220,1
1505417617,21231547,1.18150,6.77105,1
1505417617,21231546,1.18153,1610.35511,1
1505417616,21231543,1.18153,39.43837,1
1505417615,21231539,1.18153,244.10146,1
1505417613,21231538,1.18153,94.43459,1
1505417613,21231537,1.18154,0.09194,1
1505417611,21231524,1.18154,18.29700,1
1505417607,21231508,1.18154,186.74907,1
1505417598,21231467,1.18154,40.67060,1
1505417598,21231466,1.18154,176.04877,1
1505417593,21231440,1.18495,26.38277,0
1505417593,21231438,1.18494,68.74627,0
1505417592,21231436,1.18494,68.74337,0
1505417574,21231398,1.18496,68.49810,1
1505417572,21231396,1.18495,95.90695,0
1505417565,21231372,1.18157,922.33000,1
1505417565,21231371,1.18168,177.67000,1
1505417560,21231338,1.18166,628.41464,1
1505417559,21231323,1.18168,231.03949,1
1505417557,21231311,1.18167,132.05618,1
1505417556,21231310,1.18495,20.45498,1
1505417556,21231309,1.18495,20.73902,1
1505417556,21231307,1.18495,20.85179,1
1505417556,21231305,1.18495,21.08733,1
1505417556,21231304,1.18495,7.46023,1
1505417556,21231303,1.18495,27.84194,1
1505417556,21231301,1.18495,236.13224,1
1505417556,21231299,1.18495,94.74125,1
1505417555,21231297,1.18495,45.98504,1
1505417547,21231267,1.18495,95.81104,1
1505417547,21231266,1.18495,34.74392,1
1505417547,21231263,1.18495,59.52717,1
1505417545,21231256,1.18495,45.85000,1
1505417545,21231253,1.18495,360.20466,1
1505417539,21231231,1.18495,16.55476,1
1505417538,21231230,1.18847,16.55476,0
1505417537,21231229,1.18495,20.28453,1
1505417537,21231226,1.18848,20.28453,0
1505417536,21231225,1.18495,44.09000,1
1505417536,21231224,1.18495,20.45498,1
1505417535,21231222,1.18850,20.45498,0
1505417535,21231221,1.18495,20.56690,1
1505417534,21231218,1.18848,20.56690,0
1505417533,21231216,1.18495,20.73902,1
1505417533,21231211,1.18850,20.73902,0
1505417532,21231207,1.18495,20.85179,1
1505417531,21231202,1.18850,20.85179,0
1505417530,21231201,1.18495,20.96490,1
1505417529,21231198,1.18847,20.96490,0
1505417528,21231196,1.18495,21.07385,1
1505417527,21231191,1.18848,20.97385,0
1505417527,21231190,1.18495,44.10000,1
1505417527,21231189,1.18495,21.08733,1
1505417525,21231182,1.18850,21.08733,0
1505417524,21231180,1.18495,21.21404,1
1505417524,21231177,1.18495,597.93344,1
1505417524,21231176,1.18496,64.33252,1
1505417523,21231172,1.18496,94.22299,1
1505417517,21231129,1.18495,554.80394,1
1505417512,21231082,1.18497,158.31095,1
1505417492,21231043,1.18850,27.84194,0
1505417452,21230954,1.18497,84.80860,1
1505417420,21230776,1.18496,84.89600,1
1505417413,21230739,1.18850,236.13224,0
1505417413,21230738,1.18850,94.74125,0
1505417412,21230737,1.18495,59.35685,1
1505417412,21230735,1.18495,11.96102,1
1505417412,21230732,1.18590,18.39670,1
1505417411,21230724,1.18850,176.54000,0
1505417407,21230697,1.18850,1981.61918,0
1505417407,21230696,1.18657,2156.37291,0
1505417407,21230695,1.18656,910.00000,0
1505417405,21230687,1.18353,177.67351,0
1505417404,21230680,1.18657,94.54045,0
1505417402,21230658,1.18657,211.18705,0
1505417400,21230645,1.18657,537.89959,0
1505417399,21230631,1.18487,100.21880,0
1505417398,21230624,1.18423,282.63133,0
1505417398,21230621,1.18423,49.23970,0
1505417397,21230617,1.18425,37.70240,1
1505417397,21230615,1.18425,37.70240,1
1505417397,21230612,1.18425,0.00003,1
1505417397,21230611,1.18488,117.93063,1
1505417396,21230607,1.18488,46.40912,1
1505417396,21230605,1.18655,702.88000,0
1505417388,21230547,1.18532,17.31092,1
1505417386,21230530,1.18484,219.01071,0
1505417385,21230520,1.18423,16.70934,0
1505417385,21230518,1.18423,20.99303,0
1505417373,21230443,1.18485,120.96324,0
1505417362,21230417,1.18485,146.17098,0
1505417361,21230413,1.18485,296.83622,0
1505417358,21230405,1.18484,2.49235,0
1505417357,21230399,1.18484,427.45490,0
1505417357,21230398,1.18484,68.52330,0
1505417302,21230252,1.18153,96.96829,1
1505417302,21230251,1.18423,1564.25010,1
1505417299,21230237,1.18423,94.57028,1
1505417282,21230174,1.18484,200.08170,0
1505417280,21230166,1.18484,94.72934,0
1505417280,21230162,1.18484,389.24566,0
1505417278,21230149,1.18423,46.13792,1
1505417278,21230148,1.18423,14.33515,1
1505417278,21230147,1.18424,196.45693,1
1505417273,21230107,1.18423,17.82994,1
1505417273,21230104,1.18429,197.45969,1
1505417242,21229904,1.18358,372.07999,0
1505417242,21229903,1.18358,434.36270,0
1505417242,21229902,1.18357,136.21502,0
1505417242,21229900,1.18353,600.25047,0
1505417242,21229899,1.18157,129.88503,0
1505417240,21229883,1.18155,93.49394,0
1505417239,21229881,1.18154,99.39498,1
1505417228,21229800,1.18154,19.90715,1
1505417228,21229797,1.18154,14.87931,1
1505417226,21229776,1.18154,84.98492,1
1505417221,21229731,1.18154,129.63738,1
1505417215,21229685,1.18153,84.98492,1
1505417214,21229674,1.18153,56.98295,1
1505417207,21229629,1.18153,93.87013,1
1505417197,21229599,1.18153,138.38617,1
1505417193,21229588,1.18153,85.02538,1
1505417191,21229584,1.18153,233.98073,1
1505417186,21229569,1.18153,221.47190,1
1505417183,21229552,1.18157,714.97150,1
1505417183,21229550,1.18157,202.23263,1
1505417182,21229542,1.18157,85.07818,1
1505417179,21229518,1.18157,256.37786,1
1505417173,21229489,1.18157,1096.66697,1
1505417172,21229486,1.18157,322.51389,1
1505417172,21229479,1.18157,322.15897,1
1505417172,21229477,1.18170,6.76991,1
1505417171,21229476,1.18190,6.76876,1
1505417171,21229475,1.18210,6.76762,1
1505417171,21229474,1.18230,6.76647,1
1505417171,21229472,1.18250,6.76533,1
1505417171,21229470,1.18270,6.76418,1
1505417171,21229469,1.18290,6.76304,1
1505417171,21229468,1.18310,6.76190,1
1505417159,21229399,1.18311,235.60040,1
1505417138,21229345,1.18353,237.60881,0
1505417130,21229297,1.18353,538.38682,1
1505417130,21229295,1.18353,1615.16047,1
1505417129,21229285,1.18353,360.50932,1
1505417124,21229243,1.18353,123.70648,1
1505417124,21229242,1.18357,136.21692,1
1505417123,21229234,1.18358,431.43699,1
1505417118,21229208,1.18358,333.89660,1
1505417113,21229183,1.18357,144.06124,1
1505417109,21229157,1.18486,243.79421,1
1505417108,21229148,1.18357,2447.37984,1
1505417108,21229146,1.18485,1390.38610,1
1505417108,21229143,1.18485,430.73006,1
1505417107,21229139,1.18485,139.47269,1
1505417104,21229112,1.18485,642.22356,1
1505417102,21229100,1.18485,139.24287,1
1505417099,21229069,1.18485,38.71692,1
1505417099,21229067,1.18485,821.93308,1
1505417098,21229063,1.18485,85.25338,1
1505417097,21229048,1.18485,194.96122,1
1505417095,21229035,1.18485,145.06656,1
1505417090,21229002,1.18485,143.17186,1
1505417090,21228999,1.18487,441.55995,1
1505417090,21228998,1.18487,105.99916,1
1505417089,21228991,1.18487,1496.86537,1
1505417089,21228988,1.18487,48.56229,1
1505417088,21228981,1.18487,46.57306,1
1505417088,21228977,1.18487,981.31307,1
1505417088,21228976,1.18487,302.42283,1
1505417087,21228972,1.18487,84.85027,1
1505417081,21228931,1.18487,699.52759,1
1505417077,21228915,1.18487,251.65307,1
1505417076,21228911,1.18487,191.01837,1
1505417071,21228896,1.18487,221.39004,1
1505417069,21228887,1.18487,48.56000,1
1505417067,21228875,1.18487,546.47942,1
1505417067,21228873,1.18487,49.84514,1
1505417063,21228866,1.18487,143.95724,1
1505417061,21228858,1.18487,581.16893,1
1505417061,21228854,1.18487,2782.25591,1
1505417061,21228851,1.18487,338.61699,1
1505417061,21228850,1.18487,585.31301,1
1505417058,21228835,1.18487,140.96035,1
1505417056,21228828,1.18487,84.76677,1
1505417042,21228797,1.18487,275.00775,1
1505417038,21228784,1.18487,49.85000,1
1505417036,21228781,1.18487,383.52809,1
1505417033,21228772,1.18487,1601.44693,1
1505417033,21228771,1.18487,2253.47217,1
1505417031,21228763,1.18487,383.52809,1
1505417028,21228755,1.18487,84.79189,1
1505417028,21228754,1.18487,244.29010,1
1505417027,21228750,1.18487,154.79065,1
1505417026,21228749,1.18487,94.32935,1
1505417019,21228740,1.18487,182.10088,1
1505417014,21228726,1.18487,243.95637,1
1505417012,21228724,1.18487,244.06702,1
1505417011,21228720,1.18487,2356.41928,1
1505417011,21228718,1.18487,691.62365,1
1505417010,21228715,1.18487,33.70870,1
1505417009,21228703,1.18487,483.56313,1
1505417008,21228699,1.18487,242.52989,1
1505417007,21228684,1.18487,732.16000,1
1505417006,21228668,1.18487,423.08998,1
1505417006,21228663,1.18487,514.19755,1
1505417006,21228654,1.18487,129.91629,1
1505417006,21228647,1.18487,248.52935,1
1505417006,21228644,1.18487,120.27683,1
1505417005,21228640,1.18487,488.64007,1
1505417001,21228630,1.18487,736.86755,1
1505417001,21228628,1.18487,244.06970,1
1505417000,21228626,1.18487,241.00793,1
1505416995,21228609,1.18487,140.80940,1
1505416992,21228605,1.18487,49.36268,1
1505416982,21228586,1.18487,249.12000,1
1505416974,21228569,1.18487,79.45000,1
1505416972,21228562,1.18487,49.61693,1
1505416972,21228559,1.18487,248.53000,1
1505416970,21228557,1.18487,94.67617,1
1505416970,21228554,1.18487,50.44854,1
1505416962,21228529,1.18487,120.28000,1
1505416961,21228525,1.18487,116.19343,1
1505416961,21228523,1.18487,247.51657,1
1505416960,21228520,1.18487,286.80227,1
1505416960,21228518,1.18487,1242.30773,1
1505416960,21228517,1.18487,243.85440,1
1505416960,21228515,1.18487,813.46996,1
1505416959,21228513,1.18487,353.27005,1
1505416959,21228508,1.18487,454.34999,1
1505416957,21228498,1.18487,243.85575,1
1505416956,21228496,1.18487,102.74570,1
1505416956,21228490,1.18487,222.16733,1
1505416955,21228486,1.18487,245.54532,1
1505416954,21228479,1.18487,563.10961,1
1505416953,21228476,1.18487,444.50742,1
1505416951,21228470,1.18487,310.08321,1
1505416951,21228465,1.18487,181.23852,1
1505416951,21228463,1.18487,1787.40045,1
1505416951,21228461,1.18487,460.12895,1
1505416949,21228454,1.18487,622.96962,1
1505416945,21228425,1.18487,250.37388,1
1505416945,21228424,1.18487,193.76715,1
1505416944,21228415,1.18487,459.95582,1
1505416942,21228411,1.18487,622.38559,1
1505416940,21228407,1.18487,861.44145,1
1505416938,21228396,1.18487,145.55962,1
1505416936,21228388,1.18487,460.42643,1
1505416934,21228381,1.18487,258.62470,1
1505416934,21228379,1.18487,118.71214,1
1505416934,21228377,1.18487,503.08943,1
1505416933,21228370,1.18487,143.99765,1
1505416932,21228369,1.18487,714.66552,1
1505416929,21228350,1.18487,459.42794,1
1505416928,21228341,1.18487,147.60771,1
1505416927,21228336,1.18487,247.22544,1
1505416926,21228331,1.18487,621.07586,1
1505416926,21228326,1.18487,283.78335,1
1505416925,21228325,1.18487,1679.36784,1
1505416923,21228311,1.18487,459.23393,1
1505416922,21228309,1.18487,143.33558,1
1505416917,21228290,1.18487,149.50011,1
1505416917,21228289,1.18487,247.23000,1
1505416916,21228285,1.18487,215.26813,1
1505416915,21228283,1.18488,243.78100,1
1505416903,21228266,1.18488,183.60416,1
1505416902,21228264,1.18487,226.93731,1
1505416902,21228263,1.18487,19.05941,1
1505416902,21228262,1.18487,65.26999,1
1505416901,21228261,1.18487,58.81786,1
1505416897,21228249,1.18487,168.97995,1
1505416897,21228248,1.18495,240.62132,1
1505416844,21228196,1.18495,184.55766,1
1505416844,21228194,1.18495,64.67234,1
1505416796,21228112,1.18495,602.92924,1
1505416795,21228110,1.18495,125.74076,1
1505416792,21228106,1.18495,190.41000,1
1505416760,21228039,1.18495,148.47000,1
1505416758,21228037,1.18495,724.69397,1
1505416758,21228035,1.18495,356.67259,1
1505416758,21228034,1.18495,446.74627,1
1505416758,21228033,1.18496,353.12717,1
1505416757,21228031,1.18496,67.85000,1
1505416722,21227975,1.18487,145.03075,1
1505416722,21227974,1.18487,492.19925,1
1505416700,21227934,1.18473,67.19998,0
1505416700,21227933,1.18473,431.81434,0
1505416700,21227932,1.18473,79.90375,0
1505416700,21227931,1.18472,724.69000,0
1505416699,21227929,1.18472,670.74601,0
1505416699,21227928,1.18472,140.12000,0
1505416699,21227927,1.18470,0.60203,0
1505416699,21227926,1.18449,56.43958,0
1505416685,21227903,1.18450,209.60312,1
1505416677,21227883,1.18450,228.72171,1
1505416677,21227882,1.18450,599.94698,1
1505416677,21227881,1.18450,168.62999,1
1505416677,21227880,1.18450,145.51488,1
1505416677,21227878,1.18450,26.79644,1
1505416676,21227877,1.18450,135.31000,1
1505416668,21227844,1.18450,47.29000,1
1505416668,21227843,1.18450,135.46000,1
1505416667,21227841,1.18450,206.11687,1
1505416667,21227840,1.18450,120.45614,1
1505416667,21227839,1.18451,419.75281,1
1505416648,21227785,1.18450,67.22696,1
1505416641,21227766,1.18469,426.66918,0
1505416640,21227764,1.18450,459.68359,1
1505416640,21227763,1.18450,75.10641,1
1505416640,21227762,1.18450,84.87801,1
1505416640,21227761,1.18450,283.16610,1
1505416640,21227760,1.18450,70.69390,1
1505416637,21227747,1.18469,75.97148,1
1505416637,21227746,1.18469,529.88294,1
1505416636,21227745,1.18469,73.60957,1
1505416636,21227741,1.18469,67.26000,1
1505416635,21227737,1.18469,116.01041,1
1505416635,21227735,1.18469,185.69828,1
1505416635,21227731,1.18470,429.34652,0
1505416628,21227700,1.18469,84.75534,1
1505416627,21227696,1.18469,128.65551,1
1505416627,21227694,1.18469,238.79057,1
1505416626,21227693,1.18475,429.95240,1
1505416588,21227597,1.18470,24.81999,1
1505416586,21227588,1.18470,139.61704,1
1505416583,21227581,1.18469,224.83470,1
1505416583,21227579,1.18469,777.97820,1
1505416583,21227578,1.18469,777.97820,1
1505416582,21227576,1.18469,194.16132,1
1505416581,21227568,1.18469,24.26000,1
1505416580,21227560,1.18469,559.55688,1
1505416580,21227559,1.18469,777.97820,1
1505416580,21227556,1.18469,777.97820,1
1505416580,21227554,1.18469,777.97820,1
1505416580,21227553,1.18469,777.97820,1
1505416579,21227552,1.18469,668.42928,1
1505416579,21227550,1.18467,84.75620,0
1505416579,21227548,1.18467,0.00004,0
1505416579,21227546,1.18464,24.79268,0
1505416578,21227538,1.18467,1.09067,0
1505416578,21227536,1.18454,776.88753,0
1505416577,21227531,1.18450,10.00380,1
1505416577,21227530,1.18450,100.60016,1
1505416576,21227528,1.18450,252.41902,1
1505416576,21227526,1.18450,131.06840,1
1505416576,21227525,1.18450,171.92862,1
1505416575,21227519,1.18450,794.43298,1
1505416575,21227517,1.18454,18.26751,1
1505416575,21227515,1.18454,758.62002,1
1505416575,21227508,1.18468,492.90459,1
1505416489,21227305,1.18452,485.54886,0
1505416460,21227205,1.18852,333.99741,1
1505416424,21227048,1.18899,267.12974,0
1505416422,21227029,1.18900,13.43311,0
1505416421,21227028,1.18900,889.22350,0
1505416421,21227026,1.18900,45.49350,0
1505416421,21227024,1.18900,44.04500,0
1505416421,21227020,1.18900,218.19500,0
1505416420,21227018,1.18900,48.66781,0
1505416419,21227013,1.18900,100.30197,0
1505416394,21226944,1.18850,372.34878,0
1505416393,21226939,1.18850,702.05552,0
1505416393,21226937,1.18850,1688.76483,0
1505416373,21226879,1.18850,135.49000,0
1505416371,21226867,1.18850,135.49000,0
1505416330,21226710,1.18850,26.92517,0
1505416330,21226709,1.18850,438.32483,0
1505416320,21226673,1.18850,914.09185,0
1505416313,21226655,1.18850,550.97331,0
1505416313,21226653,1.18850,647.36669,0
1505416313,21226651,1.18850,443.15052,0
1505416311,21226637,1.18850,80.69770,0
1505416310,21226626,1.18850,100.60016,0
1505416310,21226623,1.18850,252.41902,0
1505416283,21226513,1.18850,131.06840,0
1505416283,21226512,1.18850,966.36160,0
1505416278,21226504,1.18848,161.69641,0
1505416179,21226323,1.18701,13.03418,1
1505416161,21226289,1.18848,602.04000,0
1505416160,21226283,1.18701,148.90355,1
1505416135,21226251,1.18357,190.95999,1
1505416048,21226151,1.18357,81.38201,1
1505416047,21226146,1.18438,0.00698,1
1505416046,21226142,1.18438,47.23147,1
1505416043,21226138,1.18438,32.48675,1
1505416042,21226136,1.18438,48.85522,1
1505416042,21226133,1.18438,30.86998,1
1505416042,21226132,1.18438,0.00001,1
1505416040,21226129,1.18398,79.72519,0
1505416036,21226118,1.18400,8732.33199,1
1505416035,21226111,1.18400,71.59999,1
1505416015,21226074,1.18400,1888.65710,1
1505416011,21226067,1.18400,1423.70778,1
1505416008,21226062,1.18400,851.10642,1
1505416007,21226057,1.18400,193.76745,1
1505416001,21226048,1.18400,426.90212,1
1505415995,21226043,1.18400,382.55913,1
1505415989,21226037,1.18400,160.43849,1
1505415988,21226034,1.18400,383.02365,1
1505415988,21226031,1.18400,1872.10305,1
1505415986,21226024,1.18400,447.87647,1
1505415985,21226023,1.18400,486.28999,1
1505415966,21225999,1.18400,500.00000,1
1505415961,21225991,1.18400,79.85210,1
1505415950,21225975,1.18400,273.95115,1
1505415949,21225973,1.18400,249.45999,1
1505415949,21225972,1.18400,84.31999,1
1505415939,21225960,1.18400,229.29899,1
1505415939,21225956,1.18400,143.76845,1
1505415938,21225953,1.18400,58.47851,1
1505415938,21225952,1.18401,459.71406,1
1505415933,21225939,1.18400,85.33000,1
1505415931,21225932,1.18402,96.87001,1
1505415931,21225929,1.18402,132.42999,1
1505415922,21225911,1.18401,132.43000,1
1505415911,21225888,1.18400,599.92527,1
1505415909,21225882,1.18400,3662.50511,1
1505415908,21225881,1.18401,929.58433,1
1505415906,21225870,1.18401,144.82000,1
1505415881,21225828,1.18401,629.28510,1
1505415881,21225827,1.18401,1357.38490,1
1505415864,21225797,1.18401,493.44000,1
1505415852,21225780,1.18401,1409.94999,1
1505415825,21225757,1.18401,1497.07999,1
1505415805,21225737,1.18401,106.38241,1
1505415804,21225735,1.18402,465.56759,1
1505415791,21225714,1.18401,51.84000,1
1505415780,21225694,1.18402,135.69000,1
1505415744,21225650,1.18402,107.33000,1
1505415730,21225633,1.18400,31.60280,1
1505415730,21225631,1.18410,13.76978,1
1505415729,21225629,1.18410,70.91464,1
1505415729,21225626,1.18410,375.58278,1
1505415691,21225555,1.18400,233.23350,1
1505415644,21225402,1.18400,322.01015,1
1505415644,21225400,1.18400,346.49635,1
1505415637,21225367,1.18400,204.01411,1
1505415620,21225321,1.18400,110.11650,1
1505415619,21225320,1.18400,221.98649,1
1505415619,21225319,1.18400,103.63254,1
1505415619,21225318,1.18401,59.31537,1
1505415578,21225252,1.18400,431.48142,1
1505415575,21225173,1.18400,243.17512,1
1505415575,21225171,1.18401,704.79404,1
1505415575,21225170,1.18402,469.86269,1
1505415568,21225157,1.18400,1003.91740,1
1505415557,21225130,1.18408,407.04911,0
1505415556,21225129,1.18507,0.00002,1
1505415556,21225125,1.18409,84.48238,0
1505415553,21225121,1.18400,31.80000,1
1505415552,21225117,1.18409,112.56270,1
1505415551,21225112,1.18409,359.23000,1
1505415549,21225104,1.18408,31.75000,1
1505415520,21225036,1.18402,400.00075,1
1505415512,21225023,1.18400,332.24659,1
1505415509,21225014,1.18401,418.12925,1
1505415500,21224983,1.18401,0.00140,1
1505415499,21224981,1.18403,651.27860,1
1505415494,21224968,1.18403,83.87337,1
1505415494,21224966,1.18404,491.24662,1
1505415488,21224930,1.18400,61.88001,1
1505415486,21224921,1.18401,968.86999,1
1505415477,21224894,1.18404,97.53000,1
1505415471,21224867,1.18403,98.92436,1
1505415470,21224862,1.18401,87.89255,1
1505415470,21224859,1.18524,11.43745,1
1505415465,21224843,1.18524,25.26805,1
1505415465,21224842,1.18524,36.70550,1
1505415465,21224838,1.18524,36.70550,1
1505415459,21224823,1.18401,98.79043,1
1505415459,21224821,1.18401,96.54000,1
1505415457,21224816,1.18400,52.96000,1
1505415456,21224807,1.18400,52.83784,1
1505415456,21224806,1.18400,889.22350,1
1505415455,21224802,1.18401,129.03367,0
1505415455,21224800,1.18401,252.32999,0
1505415454,21224788,1.18401,97.66999,1
1505415454,21224786,1.18401,2683.86348,1
1505415454,21224783,1.18401,28.48737,1
1505415454,21224782,1.18401,62.56671,1
1505415453,21224772,1.18400,45.49350,1
1505415452,21224770,1.18525,36.70550,1
1505415452,21224768,1.18525,36.70550,1
1505415452,21224766,1.18525,36.70550,1
1505415451,21224756,1.18402,47.50000,1
1505415449,21224752,1.18400,262.24000,1
1505415449,21224749,1.18401,62.62000,1
1505415449,21224748,1.18401,26.55855,1
1505415449,21224745,1.18432,12.61016,1
1505415448,21224744,1.18524,36.70550,1
1505415448,21224743,1.18524,36.70550,1
1505415448,21224742,1.18524,36.70550,1
1505415438,21224689,1.18431,11.94490,0
1505415438,21224688,1.18430,0.10278,0
1505415433,21224667,1.18430,24.65784,0
1505415426,21224652,1.18401,9.98497,1
1505415420,21224633,1.18401,63.93000,1
1505415358,21224418,1.18401,218.30000,0
1505415356,21224410,1.18402,28.57000,1
1505415356,21224406,1.18400,148.96978,1
1505415354,21224400,1.18401,784.60280,1
1505415354,21224398,1.18401,347.33367,1
1505415335,21224291,1.18401,459.16478,1
1505415335,21224290,1.18434,0.00752,1
1505415334,21224283,1.18434,537.65811,1
1505415333,21224273,1.18402,131.30369,1
1505415333,21224269,1.18443,775.14243,1
1505415332,21224262,1.18443,234.85757,1
1505415204,21223833,1.19057,278.61928,0
1505415204,21223831,1.19056,520.00000,0
1505415147,21223687,1.18898,283.02342,1
1505415145,21223685,1.18898,21.82999,1
1505415124,21223611,1.18898,256.64999,1
1505415120,21223588,1.18898,15.45319,1
1505415119,21223584,1.18898,38.17558,1
1505415117,21223562,1.19057,256.38230,0
1505415108,21223533,1.19057,255.74000,0
1505415099,21223504,1.19057,629.32000,0
1505415041,21223336,1.19057,455.57963,0
1505415041,21223335,1.19056,1190.00000,0
1505415041,21223331,1.18900,925.92848,0
1505415040,21223326,1.18900,26.29996,0
1505415040,21223325,1.18900,123.32193,0
1505415039,21223320,1.18900,175.93807,0
1505415039,21223318,1.18900,1385.08083,0
1505415039,21223316,1.18900,255.08000,0
1505415039,21223315,1.18900,138.08000,0
1505415039,21223314,1.18900,111.52339,0
1505415039,21223312,1.18900,1106.08476,0
1505415039,21223311,1.18899,290.09295,0
1505415038,21223307,1.18900,51.07000,0
1505415036,21223299,1.18899,785.45000,0
1505415031,21223288,1.18899,2122.47000,1
1505415029,21223277,1.18899,50.95000,0
1505415020,21223249,1.18900,1075.48728,0
1505415018,21223241,1.18899,513.97000,0
1505414998,21223148,1.18900,239.22886,0
1505414997,21223143,1.18896,524.29451,0
1505414996,21223134,1.18896,475.70549,0
1505414995,21223128,1.18893,18.85920,1
1505414994,21223118,1.18895,240.86485,0
1505414975,21223078,1.18893,150.00000,1
1505414911,21222963,1.18400,925.92848,1
1505414911,21222960,1.18895,2228.13962,0
1505414891,21222927,1.18400,26.29996,1
1505414891,21222925,1.18401,52.71371,1
1505414890,21222922,1.18401,65.76633,1
1505414887,21222910,1.18895,51.84000,0
1505414886,21222907,1.18401,291.39418,1
1505414882,21222891,1.18400,299.26000,1
1505414845,21222776,1.18400,1385.08083,1
1505414845,21222775,1.18503,358.36917,1
1505414797,21222725,1.18400,255.08000,1
1505414796,21222720,1.18400,138.08000,1
1505414795,21222715,1.18400,111.52339,1
1505414795,21222714,1.18499,199.95661,1
1505414739,21222573,1.18499,330.03999,1
1505414739,21222572,1.18499,0.00001,1
1505414737,21222566,1.18404,529.99659,0
1505414737,21222565,1.18401,207.77000,1
1505414733,21222554,1.18401,940.00000,0
1505414733,21222551,1.18400,2471.87090,1
1505414732,21222550,1.18402,372.35642,1
1505414732,21222548,1.18553,0.00341,1
1505414729,21222526,1.18560,80.00000,1
1505414603,21222301,1.18553,116.80852,1
1505414599,21222285,1.18553,1263.30840,1
1505414598,21222275,1.18553,739.07492,1
1505414598,21222273,1.18554,369.24794,1
1505414538,21222152,1.18553,46.37980,1
1505414538,21222150,1.18557,370.54766,1
1505414527,21222141,1.18554,373.19703,0
1505414526,21222139,1.18553,64.08548,1
1505414525,21222138,1.18554,373.20418,1
1505414522,21222130,1.18553,495.33964,1
1505414520,21222123,1.18556,58.11600,1
1505414505,21222105,1.18553,274.99983,1
1505414504,21222104,1.18557,0.03328,1
1505414502,21222095,1.18557,1106.11774,1
1505414502,21222094,1.18557,1893.84898,1
1505414502,21222093,1.18600,157.93682,1
1505414502,21222092,1.18600,579.66418,1
1505414499,21222073,1.18600,616.24582,1
1505414499,21222072,1.18600,226.92451,1
1505414494,21222049,1.18600,1132.01142,1
1505414494,21222045,1.18600,412.73116,1
1505414493,21222043,1.18601,32.83753,1
1505414482,21222028,1.18601,86.91400,1
1505414477,21222018,1.18601,255.71647,1
1505414476,21222016,1.18600,928.07519,1
1505414476,21222015,1.18600,946.41090,1
1505414476,21222014,1.18600,4063.08741,1
1505414430,21221945,1.18600,15.63600,1
1505414423,21221928,1.18608,140.96857,1
1505414353,21221807,1.18600,88.03446,1
1505414296,21221698,1.18601,200.00000,1
1505414186,21221539,1.18600,414.83543,1
1505414186,21221538,1.18600,32.31934,1
1505414186,21221536,1.18621,0.00001,1
1505414185,21221534,1.18621,338.44032,1
1505414184,21221530,1.18621,31.92804,1
1505413979,21221038,1.18600,244.63997,1
1505413978,21221035,1.18622,386.06554,0
1505413978,21221034,1.18601,157.16382,0
1505413978,21221031,1.18622,386.16631,1
1505413971,21221010,1.18620,82.12410,1
1505413970,21221007,1.18620,82.13486,0
1505413969,21221005,1.18620,163.11459,1
1505413956,21220982,1.18615,351.15997,1
1505413948,21220969,1.18612,428.96002,1
1505413929,21220949,1.18602,91.48597,0
1505413918,21220928,1.18601,254.59758,1
1505413916,21220923,1.18607,304.83867,0
1505413915,21220922,1.18602,315.96462,0
1505413913,21220917,1.18600,132.96069,1
1505413913,21220916,1.18600,8.48670,1
1505413913,21220915,1.18600,151.20388,1
1505413913,21220913,1.18600,194.70722,1
1505413913,21220912,1.18600,628.82046,1
1505413912,21220911,1.18600,60.99643,1
1505413911,21220905,1.18602,327.78000,0
1505413910,21220898,1.18602,114.02475,0
1505413909,21220896,1.18604,382.25464,1
1505413905,21220888,1.18609,263.63999,1
1505413904,21220887,1.18609,88.27901,1
1505413903,21220882,1.18609,293.94556,1
1505413902,21220876,1.18608,646.02999,1
1505413847,21220683,1.18603,438.70485,0
1505413841,21220652,1.18603,405.37000,0
1505413840,21220641,1.18603,2131.65993,1
1505413840,21220639,1.18700,781.31114,1
1505413825,21220589,1.18700,75.06428,1
1505413822,21220577,1.18700,172.21567,1
1505413822,21220572,1.18700,158.11220,1
1505413822,21220570,1.18700,97.62850,1
1505413790,21220460,1.18707,529.99402,1
1505413774,21220427,1.19200,39.38127,1
1505413680,21220239,1.19250,1186.70329,0
1505413672,21220228,1.19200,47.59786,1
1505413668,21220219,1.19250,97.62850,0
1505413668,21220218,1.19240,6.76075,0
1505413668,21220217,1.19220,6.76075,0
1505413659,21220192,1.19200,6.76190,0
1505413659,21220190,1.19200,157.93682,0
1505413602,21219990,1.19200,1195.91000,0
1505413590,21219964,1.19200,1358.93593,0
1505413590,21219962,1.19198,110.86214,0
1505413572,21219918,1.19197,251.68419,0
1505413282,21219163,1.18652,100.00000,1
1505413272,21219146,1.18647,100.00000,1
1505413204,21218994,1.19199,590.00000,0
1505413125,21218721,1.19200,1340.80635,0
1505413123,21218716,1.18634,489.53971,1
1505413097,21218628,1.19200,946.41090,0
1505413097,21218627,1.19180,6.76304,0
1505413097,21218625,1.19160,6.76418,0
1505413097,21218624,1.19150,4581.59330,0
1505413092,21218606,1.19150,409.92000,0
1505413017,21218140,1.19150,8.48670,0
1505413017,21218137,1.19140,6.76533,0
1505413017,21218135,1.19120,6.76647,0
1505413017,21218134,1.19100,6.76762,0
1505413017,21218133,1.19100,151.20388,0
1505413017,21218132,1.19100,194.70722,0
1505413017,21218130,1.19100,628.82046,0
1505413016,21218128,1.18600,10.91232,0
1505413016,21218124,1.18600,87.79287,1
1505413016,21218122,1.18600,10.91232,1
1505413015,21218116,1.19100,60.99643,0
1505413013,21218098,1.19100,98.70519,0
1505413013,21218091,1.19080,6.76876,0
1505413012,21218089,1.19060,6.76991,0
1505413012,21218087,1.19054,0.00614,0
1505413008,21218063,1.19054,2213.42000,0
1505413001,21218027,1.19054,650.00000,0
1505412996,21218002,1.19054,136.57386,0
1505412996,21218000,1.19053,77.79614,0
1505412995,21217997,1.19053,443.12862,0
1505412993,21217975,1.18504,10.91232,1
1505412992,21217957,1.18503,10.91232,1
1505412955,21217768,1.19053,97.96000,0
1505412955,21217766,1.19053,65.29000,0
1505412952,21217755,1.19053,65.29000,0
1505412944,21217734,1.19053,106.34562,0
1505412944,21217733,1.19052,12.42438,0
1505412916,21217664,1.19053,219.51723,0
1505412905,21217608,1.19053,169.69787,0
1505412905,21217604,1.19053,251.77000,0
1505412897,21217581,1.19053,224.10000,0
1505412867,21217520,1.19053,329.00770,0
1505412865,21217510,1.19052,896.17738,0
1505412865,21217507,1.18900,0.00408,0
1505412852,21217444,1.18900,62.74930,0
1505412851,21217442,1.18900,127.30070,0
1505412850,21217440,1.18900,1.41681,0
1505412850,21217439,1.18900,658.92802,0
1505412850,21217438,1.18900,96.98580,0
1505412849,21217437,1.18900,425.90548,0
1505412849,21217436,1.18900,731.23452,0
1505412849,21217435,1.18900,65.94006,0
1505412849,21217434,1.18900,40.86994,0
1505412849,21217433,1.18900,117.33937,0
1505412832,21217395,1.18900,488.75450,0
1505412832,21217393,1.18900,82.00890,0
1505412832,21217388,1.18900,720.57660,0
1505412829,21217385,1.18900,417.03876,0
1505412829,21217384,1.18900,277.33828,0
1505412829,21217381,1.18900,1746.53985,0
1505412824,21217365,1.18900,78.78048,0
1505412823,21217363,1.18900,160.95932,0
1505412823,21217362,1.18900,40.87000,0
1505412823,21217361,1.18900,215.06723,0
1505412768,21217254,1.18900,34.32398,0
1505412768,21217253,1.18900,5.02602,0
1505412761,21217226,1.18900,152.17451,0
1505412760,21217224,1.18900,392.22900,0
1505412740,21217176,1.18900,405.94651,0
1505412739,21217175,1.18900,128.97384,0
1505412739,21217174,1.18900,53.26548,0
1505412739,21217173,1.18900,188.57957,0
1505412739,21217172,1.18900,159.69000,0
1505412739,21217171,1.18900,132.69550,0
1505412739,21217170,1.18900,214.71000,0
1505412738,21217169,1.18900,212.95548,0
1505412738,21217168,1.18900,352.46366,0
1505412738,21217167,1.18900,233.17235,0
1505412738,21217166,1.18900,290.43103,0
1505412730,21217155,1.18900,521.01751,0
1505412729,21217154,1.18900,494.82436,0
1505412728,21217150,1.18900,33.57438,0
1505412728,21217147,1.18900,780.24210,0
1505412728,21217145,1.18900,252.31287,0
1505412687,21217025,1.18900,100.99278,0
1505412682,21217021,1.18456,0.11871,0
1505412681,21217015,1.18456,60.12784,0
1505412680,21217014,1.18402,354.09875,1
1505412680,21217009,1.18456,60.25389,0
1505412670,21216987,1.18900,58.90699,0
1505412631,21216896,1.18401,10.91232,1
1505412615,21216864,1.18900,238.34526,0
1505412615,21216862,1.18900,10.95348,0
1505412615,21216860,1.18900,104.84652,0
1505412615,21216858,1.18900,63.84395,0
1505412614,21216857,1.18900,55.54003,0
1505412612,21216845,1.18900,19.11602,0
1505412612,21216844,1.18900,42.17253,0
1505412611,21216843,1.18900,39.36025,0
1505412595,21216779,1.18900,35.84722,0
1505412595,21216778,1.18900,2.23368,0
1505412568,21216701,1.18900,301.78000,0
1505412567,21216694,1.18899,92.95702,0
1505412557,21216668,1.18899,18.86607,1
1505412556,21216665,1.18900,65.45704,0
1505412555,21216659,1.18899,127.23296,0
1505412520,21216527,1.18899,123.18858,0
1505412503,21216494,1.18899,2274.59420,1
1505412497,21216467,1.18899,42.89000,1
1505412494,21216453,1.18899,1812.38259,0
1505412487,21216417,1.18900,997.76579,0
1505412487,21216416,1.18900,10.95349,0
1505412486,21216414,1.18900,758.07142,0
1505412486,21216412,1.18900,606.93000,0
1505412486,21216410,1.18900,12.77858,0
1505412486,21216409,1.18900,10.29649,0
1505412486,21216408,1.18900,184.27879,0
1505412485,21216402,1.18900,563.72523,0
1505412485,21216400,1.18900,78.01754,0
1505412484,21216399,1.18900,12.87642,0
1505412472,21216354,1.18899,1746.75000,0
1505412471,21216351,1.18800,12.65069,0
1505412471,21216349,1.18800,362.93000,0
1505412471,21216348,1.18800,74.29000,0
1505412471,21216346,1.18800,342.54000,0
1505412471,21216344,1.18800,190.04291,0
1505412464,21216302,1.18800,364.95709,0
1505412464,21216300,1.18800,507.61708,0
1505412464,21216296,1.18800,471.47000,0
1505412463,21216293,1.18800,254.87524,0
1505412463,21216292,1.18800,149.55000,0
1505412463,21216291,1.18800,121.51000,0
1505412463,21216289,1.18800,819.71584,0
1505412463,21216288,1.18800,159.40475,0
1505412462,21216286,1.18800,160.56525,0
1505412462,21216284,1.18800,91.96000,0
1505412460,21216276,1.18800,3411.14587,0
1505412460,21216272,1.18800,144.40565,0
1505412460,21216269,1.18800,227.08507,0
1505412459,21216267,1.18800,867.10928,0
1505412452,21216250,1.18459,144.48882,0
1505412452,21216246,1.18400,62.75338,1
1505412445,21216201,1.18800,881.37000,0
1505412435,21216175,1.18400,128.71751,1
1505412435,21216173,1.18472,134.55020,1
1505412435,21216170,1.18800,2015.25068,0
1505412435,21216168,1.18800,1118.01932,0
1505412429,21216155,1.18400,658.92802,1
1505412429,21216154,1.18400,96.98580,1
1505412428,21216152,1.18401,201.82081,1
1505412428,21216150,1.18470,134.54720,1
1505412428,21216147,1.18800,2257.03554,0
1505412427,21216146,1.18800,3476.81198,0
1505412427,21216144,1.18800,1701.64000,0
1505412427,21216141,1.18800,370.60290,0
1505412427,21216140,1.18800,895.45427,0
1505412427,21216136,1.18800,1385.23531,0
1505412420,21216113,1.18800,64.68780,0
1505412420,21216111,1.18800,257.33780,0
1505412420,21216110,1.18800,205.58999,0
1505412420,21216107,1.18800,316.86999,0
1505412420,21216106,1.18800,56.32970,0
1505412372,21215982,1.18400,425.90548,1
1505412372,21215980,1.18400,731.23452,1
1505412371,21215974,1.18800,259.00574,0
1505412370,21215972,1.18800,764.05004,0
1505412370,21215971,1.18800,240.88422,0
1505412369,21215964,1.18400,65.94006,1
1505412369,21215958,1.18400,40.86994,1
1505412320,21215763,1.18400,606.09387,1
1505412318,21215752,1.18400,82.00890,1
1505412318,21215750,1.18400,1137.61536,1
1505412318,21215749,1.18400,277.33828,1
1505412315,21215737,1.18400,1986.27965,1
1505412315,21215735,1.18401,121.32951,1
1505412310,21215715,1.18400,40.87000,1
1505412307,21215703,1.18400,249.39121,1
1505412306,21215702,1.18401,6.24157,1
1505412306,21215699,1.18401,163.41166,1
1505412306,21215698,1.18401,16.45197,1
1505412306,21215697,1.18539,39.93000,1
1505412306,21215695,1.18539,39.93000,1
1505412306,21215693,1.18539,39.93000,1
1505412305,21215691,1.18539,39.93000,1
1505412305,21215690,1.18539,39.93000,1
1505412305,21215687,1.18539,39.93000,1
1505412305,21215686,1.18539,39.93000,1
1505412305,21215685,1.18539,39.93000,1
1505412305,21215683,1.18539,39.93000,1
1505412305,21215682,1.18539,39.93000,1
1505412304,21215681,1.18539,39.93000,1
1505412304,21215680,1.18539,39.93000,1
1505412304,21215678,1.18539,39.93000,1
1505412304,21215675,1.18539,4.28013,1
1505412304,21215672,1.18539,35.64987,1
1505412303,21215669,1.18540,124.07013,1
1505412301,21215651,1.18401,39.93000,0
1505412300,21215647,1.18400,157.20053,1
1505412300,21215645,1.18400,798.17551,1
1505412300,21215639,1.18400,128.97384,1
1505412300,21215638,1.18400,53.26548,1
1505412291,21215590,1.18400,188.57957,1
1505412291,21215588,1.18401,30.71616,1
1505412290,21215587,1.18401,132.69550,1
1505412268,21215505,1.18400,159.69000,1
1505412264,21215485,1.18400,132.69550,1
1505412263,21215476,1.18400,214.71000,1
1505412261,21215465,1.18400,212.95548,1
1505412258,21215445,1.18400,352.46366,1
1505412258,21215444,1.18400,233.17235,1
1505412247,21215390,1.18400,1339.84728,1
1505412242,21215366,1.18400,1430.80000,1
1505412240,21215353,1.18400,10.95348,1
1505412240,21215350,1.18400,104.84652,1
1505412237,21215334,1.18400,138.50000,1
1505412231,21215311,1.18400,117.38000,1
1505412226,21215280,1.18400,1367.23651,1
1505412226,21215274,1.18400,10.95349,1
1505412222,21215254,1.18400,1377.78000,1
1505412192,21215135,1.18400,10.29649,1
1505412134,21214905,1.18400,748.00402,1
1505412132,21214904,1.18400,78.01754,1
1505412132,21214903,1.18401,21.98246,1
1505412122,21214870,1.18401,100.00000,1
1505412099,21214821,1.18401,34.95999,1
1505412014,21214556,1.18400,12.87642,1
1505412013,21214548,1.18401,254.00262,1
1505412013,21214543,1.18500,12.65069,1
1505411985,21214464,1.18500,362.93000,1
1505411965,21214382,1.18500,74.29000,1
1505411961,21214375,1.18500,342.54000,1
1505411949,21214343,1.18500,555.00000,1
1505411946,21214332,1.18500,507.61708,1
1505411934,21214275,1.18500,471.47000,1
1505411926,21214248,1.18500,254.87524,1
1505411924,21214243,1.18500,149.55000,1
1505411923,21214240,1.18500,121.51000,1
1505411922,21214238,1.18500,819.71584,1
1505411913,21214195,1.18500,319.97000,1
1505411898,21214124,1.18500,91.96000,1
1505411897,21214120,1.18500,3555.55152,1
1505411896,21214116,1.18500,227.08507,1
1505411889,21214079,1.18500,3763.72996,1
1505411887,21214056,1.18500,3375.05486,1
1505411886,21214052,1.18500,3476.81198,1
1505411885,21214050,1.18500,1701.64000,1
1505411883,21214034,1.18500,370.60290,1
1505411883,21214031,1.18500,895.45427,1
1505411880,21214011,1.18500,1449.92311,1
1505411880,21214010,1.18501,82.73512,1
1505411879,21214008,1.18501,96.99999,1
1505411879,21214003,1.18500,257.33780,1
1505411878,21214001,1.18500,205.58999,1
1505411878,21213999,1.18500,316.86999,1
1505411878,21213993,1.18552,243.34976,1
1505411878,21213991,1.18552,96.99999,1
1505411877,21213989,1.18552,296.91460,1
1505411877,21213988,1.18552,54.77135,1
1505411877,21213987,1.18552,692.03570,1
1505411877,21213986,1.18552,139.26321,1
1505411871,21213959,1.18552,552.77249,1
1505411871,21213957,1.18552,692.03570,1
1505411871,21213954,1.18552,692.03570,1
1505411871,21213952,1.18552,692.03570,1
1505411871,21213950,1.18552,678.11031,1
1505411871,21213949,1.18553,192.40368,1
1505411869,21213937,1.18552,13.92539,1
1505411869,21213935,1.18552,692.03570,1
1505411869,21213932,1.18552,0.00001,1
1505411869,21213919,1.18552,13.92539,1
1505411868,21213909,1.18551,184.97115,0
1505411868,21213906,1.18551,306.82999,0
1505411868,21213903,1.18551,200.23456,0
1505411863,21213861,1.18551,186.30917,0
1505411863,21213859,1.18500,315.33544,1
1505411848,21213788,1.18500,764.05004,1
1505411848,21213787,1.18548,899.33760,1
1505411848,21213784,1.18548,899.33760,1
1505411848,21213782,1.18548,899.33760,1
1505411847,21213780,1.18548,31.77440,1
1505411847,21213779,1.18553,40.63222,1
1505411845,21213760,1.18552,126.59182,0
1505411845,21213759,1.18549,35.44999,0
1505411844,21213755,1.18548,351.46819,1
1505411824,21213689,1.18548,516.09501,1
1505411824,21213688,1.18548,899.33760,1
1505411824,21213687,1.18548,899.33760,1
1505411824,21213686,1.18548,577.58681,1
1505411824,21213684,1.18553,228.65611,1
1505411802,21213648,1.18549,35.45000,1
1505411798,21213639,1.18553,149.34265,1
1505411780,21213621,1.18548,8.40890,1
1505411780,21213618,1.18549,232.63110,1
1505411774,21213602,1.18548,313.34189,1
1505411774,21213601,1.18548,306.83000,1
1505411774,21213600,1.18548,306.83000,1
1505411773,21213599,1.18548,21.15236,1
1505411773,21213598,1.18551,232.27829,1
1505411761,21213571,1.18530,285.67764,0
1505411761,21213570,1.18530,306.83000,0
1505411760,21213566,1.18500,240.88422,1
1505411758,21213561,1.18530,302.05817,1
1505411757,21213559,1.18530,306.82999,1
1505411755,21213554,1.18530,507.35999,1
1505411751,21213550,1.18530,407.53650,1
1505411751,21213548,1.18530,506.88235,1
1505411749,21213542,1.18530,687.21349,1
1505411749,21213541,1.18530,411.17861,1
1505411743,21213528,1.18530,132.83107,1
1505411742,21213527,1.18530,274.70683,1
1505411732,21213517,1.18530,177.15176,1
1505411732,21213516,1.18531,233.64824,1
1505411730,21213512,1.18532,13.18999,1
1505411730,21213511,1.18532,35.48308,1
1505411720,21213494,1.18530,1660.04548,1
1505411720,21213491,1.18530,35.48803,1
1505411719,21213490,1.18532,0.00196,1
1505411719,21213489,1.18532,243.28452,1
1505411714,21213485,1.18530,302.58999,1
1505411712,21213477,1.18554,10.29649,1
1505411712,21213476,1.18554,232.98999,1
1505411609,21213335,1.18544,358.92207,1
1505411546,21213236,1.18542,253.07486,0
1505411538,21213217,1.18530,524.80440,1
1505411538,21213216,1.18544,348.99127,1
1505411484,21213087,1.19040,54.21949,0
1505411479,21213083,1.19040,71.25000,0
1505411429,21213004,1.19040,23.44000,0
1505411187,21212441,1.19040,827.12370,0
1505411178,21212410,1.19040,17.19576,0
1505411177,21212406,1.19040,6.77105,0
1505411161,21212351,1.19053,950.09682,0
1505411161,21212348,1.19040,6.77105,0
1505411127,21212267,1.18984,28.38080,1
1505411116,21212236,1.19020,6.77220,0
1505411116,21212235,1.19013,84.71001,0
1505411115,21212231,1.19013,118.89267,0
1505411115,21212230,1.19000,6.77335,0
1505411111,21212215,1.18985,508.67736,0
1505411111,21212213,1.18985,84.71000,0
1505411109,21212209,1.18985,83.70853,0
1505411101,21212187,1.18985,836.74411,0
1505411079,21212153,1.18984,334.32000,1
1505411076,21212142,1.18984,40.36996,0
1505411044,21212076,1.18426,52.45684,1
1505411044,21212075,1.18428,490.00000,1
1505411038,21212049,1.18980,962.63736,1
1505411037,21212038,1.18984,204.84209,0
1505411035,21212027,1.18422,60.88000,1
1505411033,21212023,1.18977,4912.16987,0
1505411020,21211994,1.18400,60.80920,1
1505411020,21211993,1.18421,5.28081,1
1505411020,21211992,1.18421,22.11999,1
1505411019,21211991,1.18421,195.92000,1
1505410943,21211824,1.18457,94.10999,0
1505410943,21211823,1.18456,60.42999,0
1505410930,21211797,1.18356,0.00002,0
1505410929,21211796,1.18356,58.12498,0
1505410929,21211795,1.18356,210.74532,0
1505410925,21211787,1.18354,260.74664,0
1505410925,21211786,1.18354,214.71553,0
1505410924,21211782,1.18354,667.03469,1
1505410924,21211779,1.18354,193.96468,1
1505410923,21211777,1.18356,210.74532,1
1505410908,21211743,1.18354,205.51999,1
1505410894,21211710,1.18354,100.00000,1
1505410814,21211526,1.18355,10.96716,1
1505410809,21211506,1.18355,58.12500,1
1505410806,21211481,1.18355,38.74999,1
1505410793,21211427,1.18355,79.74382,1
1505410788,21211409,1.18357,184.49357,1
1505410780,21211398,1.18354,197.71998,1
1505410777,21211389,1.18354,968.76000,0
1505410774,21211375,1.18354,70.97999,1
1505410766,21211357,1.18354,1075.36728,1
1505410766,21211356,1.18355,183.11492,1
1505410759,21211337,1.18353,35.06999,1
1505410758,21211335,1.18353,327.16692,1
1505410758,21211333,1.18381,213.77130,1
1505410758,21211332,1.18381,213.77130,1
1505410757,21211331,1.18381,213.77130,1
1505410757,21211329,1.18381,73.21652,1
1505410757,21211327,1.18382,181.71266,1
1505410754,21211317,1.18381,140.55478,1
1505410754,21211316,1.18381,213.77130,1
1505410754,21211315,1.18381,213.77130,1
1505410754,21211314,1.18381,213.77130,1
1505410754,21211312,1.18381,213.77130,1
1505410754,21211311,1.18381,0.00001,1
1505410746,21211291,1.18383,78.74002,0
1505410745,21211290,1.18383,35.06999,1
1505410745,21211289,1.18383,22.94999,1
1505410743,21211282,1.18382,2124.14971,1
1505410742,21211281,1.18383,174.23518,1
1505410718,21211220,1.18456,181.20610,1
1505410693,21211127,1.18451,58.31999,1
1505410678,21211098,1.18449,174.64725,1
1505410674,21211092,1.18383,149.29182,1
1505410671,21211069,1.18459,183.25665,1
1505410638,21210996,1.18383,22.66000,1
1505410623,21210974,1.18383,109.21670,1
1505410623,21210973,1.18452,191.05330,1
1505410603,21210943,1.18456,16.68000,1
1505410566,21210788,1.18452,58.24926,1
1505410547,21210747,1.18455,11.28000,1
1505410455,21210563,1.18451,19.47000,1
1505410454,21210561,1.18985,19.47000,0
1505410444,21210540,1.18383,34.06891,1
1505410444,21210539,1.18463,181.59109,1
1505410444,21210535,1.18985,1166.69000,0
1505410443,21210530,1.18984,310.43000,0
1505410237,21210146,1.18405,10.23975,1
1505410193,21210005,1.18387,470.42000,1
1505410192,21210001,1.18983,470.42000,0
1505410188,21209990,1.18385,30.94000,1
1505410182,21209966,1.18403,175.73074,1
1505410181,21209963,1.18983,391.23000,0
1505410178,21209951,1.18983,214.89000,0
1505410173,21209937,1.18383,276.29000,1
1505410173,21209935,1.18401,420.00000,1
1505410164,21209915,1.18399,15.19000,1
1505410163,21209914,1.18983,98.01000,0
1505410156,21209904,1.18983,398.95000,0
1505410148,21209892,1.18983,115.21000,0
1505410104,21209799,1.18382,149.12862,1
1505410104,21209798,1.18383,162.50138,1
1505410104,21209797,1.18383,102.19679,1
1505410104,21209796,1.18384,198.09405,1
1505410103,21209792,1.18383,135.30183,1
1505410103,21209791,1.18983,716.53000,0
1505410097,21209762,1.18368,195.72235,0
1505410097,21209760,1.18362,18.04894,0
1505410094,21209748,1.18354,154.63516,1
1505410094,21209747,1.18368,11.42355,1
1505410093,21209745,1.18984,568.33000,0
1505410093,21209744,1.18368,188.50544,1
1505410090,21209729,1.18367,191.39831,0
1505410064,21209642,1.18355,156.64471,1
1505410063,21209641,1.18373,201.56529,1
1505410005,21209426,1.18355,99.41218,1
1505410001,21209411,1.18418,196.73782,1
1505409978,21209298,1.18983,607.89000,0
1505409879,21208989,1.18355,67.39839,1
1505409879,21208988,1.18424,192.60161,1
1505409876,21208975,1.18423,192.60161,1
1505409733,21208558,1.18386,24.32553,0
1505409732,21208555,1.18386,113.78202,0
1505409729,21208550,1.18371,0.32433,0
1505409729,21208545,1.18371,64.54194,0
1505409727,21208538,1.18366,200.99531,1
1505409697,21208424,1.18853,0.67657,0
1505409696,21208418,1.18853,134.63665,0
1505409690,21208394,1.18852,109.61371,0
1505409690,21208392,1.18852,76.48214,0
1505409675,21208349,1.18396,60.00000,1
1505409664,21208319,1.18394,100.00000,1
1505409621,21208185,1.18355,78.59910,0
1505409620,21208184,1.18355,115.13403,0
1505409603,21208093,1.18385,50.34130,1
1505409602,21208091,1.18385,11.79102,1
1505409579,21207977,1.18383,78.88869,1
1505409578,21207976,1.18383,283.02015,1
1505409558,21207872,1.18380,76.64574,1
1505409554,21207855,1.18380,29.87159,1
1505409554,21207854,1.18381,76.64574,1
1505409456,21207467,1.18362,239.29827,1
1505409454,21207462,1.18362,130.17734,1
1505409454,21207461,1.18362,110.54887,1
1505409453,21207457,1.18362,421.21959,1
1505409453,21207456,1.18363,49.02732,1
1505409418,21207327,1.18407,10.29329,1
1505409388,21207257,1.18434,48.70594,1
1505409385,21207244,1.18433,0.89983,1
1505409377,21207233,1.18852,419.37119,1
1505409377,21207232,1.18852,51.45868,1
1505409340,21207184,1.18417,51.79000,1
1505409327,21207156,1.18853,2581.68062,0
1505409323,21207142,1.18852,2725.67872,0
1505409316,21207105,1.18851,498.28757,0
1505409315,21207102,1.18654,252.83598,1
1505409314,21207098,1.18852,920.12755,0
1505409295,21207031,1.18852,236.69259,0
1505409280,21206951,1.18852,473.41591,0
1505409277,21206922,1.18853,283.00616,0
1505409276,21206914,1.18852,97.19651,1
1505409274,21206901,1.18852,149.36273,0
1505409244,21206819,1.18851,470.73772,0
1505409242,21206805,1.18852,643.32000,0
1505409239,21206779,1.18407,103.15621,1
1505409239,21206777,1.18407,7.31418,1
1505409239,21206776,1.18408,61.14883,1
1505409238,21206775,1.18654,1959.67057,0
1505409238,21206768,1.18654,171.45474,0
1505409238,21206767,1.18653,0.16448,0
1505409234,21206747,1.18653,32.73133,0
1505409233,21206744,1.18653,236.37824,0
1505409231,21206735,1.18653,214.76654,0
1505409226,21206711,1.18407,23.42000,1
1505409226,21206704,1.18653,23.42000,0
1505409225,21206699,1.18653,23.34000,0
1505409224,21206691,1.18407,82.71532,1
1505409224,21206690,1.18407,56.20847,1
1505409223,21206686,1.18653,257.90941,0
1505409217,21206645,1.18442,0.00399,0
1505409207,21206568,1.18407,57.24103,1
1505409207,21206567,1.18407,113.44950,1
1505409207,21206565,1.18407,113.44947,1
1505409203,21206553,1.18362,0.00003,0
1505409202,21206551,1.18362,72.75997,0
1505409202,21206550,1.18362,40.68953,0
1505409197,21206514,1.18347,36.26582,1
1505409197,21206512,1.18349,1.45344,1
1505409193,21206475,1.18348,51.70041,0
1505409193,21206468,1.18348,37.71926,1
1505409186,21206368,1.18367,54.09982,1
1505409165,21206280,1.18362,113.54225,1
1505409164,21206274,1.18347,86.86727,1
1505409163,21206272,1.18347,291.15247,1
1505409162,21206263,1.18348,59.74519,1
1505409162,21206262,1.18412,0.00004,1
1505409161,21206260,1.18412,90.27999,1
1505409161,21206258,1.18402,80.36222,0
1505409161,21206257,1.18402,114.31075,0
1505409161,21206256,1.18375,30.51320,0
1505409161,21206254,1.18371,95.77515,0
1505409161,21206253,1.18362,34.89485,0
1505409160,21206252,1.18362,278.64010,0
1505409158,21206242,1.18347,280.77603,1
1505409151,21206204,1.18362,395.90737,0
1505409147,21206196,1.18347,130.66920,1
1505409130,21206122,1.18338,60.44615,0
1505409128,21206114,1.18337,250.37750,1
1505409122,21206086,1.18338,325.89530,1
1505409122,21206085,1.18338,325.89530,1
1505409122,21206084,1.18338,325.89530,1
1505409122,21206083,1.18338,325.89530,1
1505409121,21206082,1.18338,325.89530,1
1505409121,21206080,1.18338,325.89530,1
1505409121,21206078,1.18338,63.69559,1
1505409119,21206067,1.18338,59.09345,1
1505409116,21206043,1.18338,203.10626,1
1505409116,21206042,1.18338,325.89530,1
1505409115,21206040,1.18338,325.89530,1
1505409115,21206038,1.18338,97.79028,1
1505409115,21206037,1.18362,836.19510,1
1505409115,21206036,1.18362,384.92933,1
1505409107,21205975,1.18363,87.37806,0
1505409105,21205966,1.18362,255.24368,1
1505409102,21205952,1.18362,149.95999,1
1505409102,21205951,1.18362,46.06210,1
1505409102,21205950,1.18362,40.09731,1
1505409102,21205949,1.18362,80.24997,1
1505409102,21205948,1.18362,651.78082,1
1505409102,21205947,1.18362,59.51496,1
1505409101,21205945,1.18362,4.55204,1
1505409101,21205944,1.18362,149.38103,1
1505409101,21205937,1.18362,518.53632,1
1505409100,21205932,1.18362,83.84981,1
1505409100,21205931,1.18372,9.43018,1
1505409099,21205924,1.18372,86.16000,1
1505409093,21205890,1.18362,84.42794,1
1505409093,21205889,1.18362,22.82183,1
1505409093,21205888,1.18370,95.77646,1
1505409082,21205848,1.18371,65.46602,1
1505409081,21205841,1.18371,30.51000,1
1505409069,21205728,1.18362,345.71366,1
1505409068,21205725,1.18376,97.83279,1
1505409027,21205484,1.18401,104.41285,0
1505409027,21205480,1.18401,13.94418,0
1505409027,21205477,1.18401,239.43206,0
1505409021,21205443,1.18371,58.08000,1
1505408981,21205286,1.18362,59.09000,1
1505408981,21205285,1.18362,48.02147,1
1505408981,21205283,1.18362,104.95343,1
1505408980,21205281,1.18362,255.59471,1
1505408980,21205280,1.18362,836.19510,1
1505408980,21205279,1.18362,836.19510,1
1505408980,21205278,1.18362,287.61343,1
1505408980,21205277,1.18362,548.58167,1
1505408980,21205276,1.18362,695.47509,1
1505408979,21205271,1.18362,140.72001,1
1505408979,21205269,1.18362,79.75999,1
1505408976,21205260,1.18362,196.80000,1
1505408975,21205255,1.18362,172.63022,1
1505408975,21205253,1.18363,47.82978,1
1505408973,21205249,1.18363,68.70764,1
1505408970,21205247,1.18362,194.57848,1
1505408968,21205240,1.18362,192.42640,1
1505408965,21205231,1.18347,0.00001,0
1505408965,21205230,1.18347,149.04435,0
1505408965,21205228,1.18346,59.51000,0
1505408965,21205227,1.18346,627.64075,0
1505408958,21205215,1.18338,228.10502,1
1505408958,21205214,1.18338,146.28805,1
1505408948,21205182,1.18338,179.60725,1
1505408948,21205181,1.18338,85.48237,1
1505408945,21205164,1.18338,240.41293,1
1505408941,21205149,1.18340,325.89530,1
1505408940,21205148,1.18340,325.89530,1
1505408940,21205147,1.18340,325.89530,1
1505408940,21205146,1.18340,23.79222,1
1505408940,21205141,1.18340,302.10308,1
1505408939,21205140,1.18340,23.79222,1
1505408939,21205133,1.18340,30.32746,1
1505408938,21205130,1.18340,271.77562,1
1505408935,21205109,1.18343,8.24335,1
1505408933,21205101,1.18343,317.65195,1
1505408933,21205097,1.18343,301.75725,1
1505408928,21205073,1.18343,24.13805,1
1505408927,21205072,1.18343,126.63121,1
1505408927,21205069,1.18343,199.26409,1
1505408927,21205065,1.18343,325.89530,1
1505408927,21205064,1.18345,325.89530,1
1505408927,21205062,1.18345,325.89530,1
1505408926,21205058,1.18346,198.94267,1
1505408926,21205048,1.18346,94.22813,1
1505408925,21205047,1.18346,30.72687,1
1505408920,21205027,1.18346,124.95500,1
1505408920,21205020,1.18346,137.48893,1
1505408920,21205018,1.18346,293.17080,1
1505408920,21205015,1.18346,293.17080,1
1505408920,21205013,1.18346,293.17080,1
1505408919,21205011,1.18346,293.17080,1
1505408919,21205010,1.18346,287.89787,1
1505408919,21205005,1.18346,5.27293,1
1505408919,21205003,1.18346,293.17080,1
1505408919,21205001,1.18346,293.17080,1
1505408919,21204999,1.18346,131.19783,1
1505408918,21204995,1.18346,161.97297,1
1505408918,21204994,1.18346,76.97467,1
1505408916,21204986,1.18346,116.74988,1
1505408915,21204979,1.18346,99.44625,1
1505408915,21204977,1.18346,25.50875,1
1505408914,21204973,1.18346,267.66205,1
1505408913,21204958,1.18346,293.17080,1
1505408911,21204950,1.18346,157.42158,1
1505408910,21204942,1.18346,124.95500,1
1505408908,21204930,1.18346,10.79422,1
1505408908,21204929,1.18346,48.62589,1
1505408908,21204927,1.18347,57.32977,1
1505408907,21204924,1.18347,91.71459,1
1505408906,21204910,1.18346,185.55491,1
1505408906,21204908,1.18346,57.75993,1
1505408905,21204904,1.18148,117.43087,0
1505408905,21204902,1.18147,58.99000,0
1505408904,21204898,1.18100,124.95500,1
1505408902,21204892,1.18100,31.73012,1
1505408902,21204891,1.18100,389.23288,1
1505408901,21204884,1.18100,630.62553,1
1505408901,21204880,1.18100,70.89000,1
1505408896,21204848,1.18101,150.77245,1
1505408892,21204830,1.18100,3057.75345,1
1505408892,21204827,1.18101,264.11147,1
1505408892,21204826,1.18101,39.70000,1
1505408892,21204825,1.18110,6.77335,1
1505408892,21204824,1.18122,6.21391,1
1505408892,21204822,1.18130,6.77220,1
1505408892,21204820,1.18150,0.14711,1
1505408891,21204817,1.18150,29.27550,1
1505408889,21204810,1.18150,87.32727,1
1505408843,21204603,1.18150,35.19471,1
1505408842,21204601,1.18151,25.03529,1
1505408842,21204597,1.18151,151.18487,1
1505408839,21204583,1.18160,0.88037,1
1505408838,21204576,1.18160,175.19394,1
1505408822,21204524,1.18150,2605.76538,1
1505408822,21204523,1.18151,278.65824,1
1505408822,21204521,1.18156,177.95878,1
1505408792,21204422,1.18154,177.62842,1
1505408774,21204355,1.18152,100.00000,1
1505408767,21204345,1.18165,100.00000,1
1505408704,21204235,1.18150,100.00000,1
1505408702,21204232,1.18401,167.70425,1
1505408701,21204231,1.18401,57.54081,1
1505408701,21204230,1.18401,394.40570,1
1505408701,21204229,1.18401,954.93332,1
1505408669,21204189,1.18401,78.19253,1
1505408669,21204188,1.18402,184.02747,1
1505408664,21204178,1.18404,71.08418,1
1505408664,21204177,1.18404,20.62582,1
1505408632,21204141,1.18401,239.43206,1
1505408632,21204140,1.18403,185.39493,1
1505408518,21204028,1.18401,45.82732,1
1505408518,21204027,1.18401,240.23396,1
1505408467,21203905,1.18401,15.46520,1
1505408466,21203895,1.18401,20.05999,1
1505408466,21203891,1.18401,767.06003,1
1505408466,21203890,1.18401,261.93999,1
1505408466,21203887,1.18401,146.10999,1
1505408465,21203880,1.18401,238.19577,1
1505408462,21203873,1.18401,670.02838,1
1505408460,21203869,1.18401,15.45385,1
1505408458,21203864,1.18401,238.83240,1
1505408435,21203839,1.18401,114.91457,1
1505408421,21203825,1.18401,20.06000,1
1505408293,21203651,1.18442,254.85000,0
1505408192,21203484,1.18401,313.60988,1
1505408192,21203482,1.18401,5000.00000,1
1505408192,21203480,1.18401,1453.18059,1
1505408192,21203478,1.18442,0.00195,1
1505408190,21203468,1.18442,46.09085,1
1505408190,21203465,1.18442,46.09280,1
1505408190,21203462,1.18442,46.09280,1
1505408190,21203460,1.18442,46.09280,1
1505408190,21203458,1.18442,46.09280,1
1505408189,21203457,1.18442,46.09280,1
1505408189,21203456,1.18442,46.09280,1
1505408189,21203455,1.18442,46.09280,1
1505408189,21203453,1.18442,46.09280,1
1505408189,21203450,1.18442,46.09278,1
1505408146,21203353,1.18443,657.34280,1
1505408144,21203350,1.18474,10.00000,0
1505408099,21203289,1.18443,144.48917,1
1505408099,21203287,1.18458,0.00083,1
1505408065,21203210,1.18458,40.69000,1
1505408054,21203175,1.18458,426.13337,1
1505408054,21203174,1.18458,231.21819,1
1505408053,21203171,1.18458,235.60601,1
1505408053,21203163,1.18458,72.14399,1
1505408049,21203133,1.18458,394.68021,1
1505408048,21203132,1.18458,366.53474,1
1505408018,21203084,1.18458,146.38666,1
1505408018,21203083,1.18458,94.09365,1
1505408017,21203081,1.18458,418.82775,1
1505408017,21203080,1.18458,89.95223,1
1505408016,21203075,1.18458,242.07265,1
1505408012,21203063,1.18458,126.44000,1
1505408012,21203060,1.18458,54.45652,1
1505408012,21203059,1.18458,512.92140,1
1505408012,21203057,1.18458,9.19318,1
1505408011,21203056,1.18459,606.99890,1
1505408010,21203052,1.18458,36.90398,1
1505408009,21203051,1.18474,309.69274,1
1505408009,21203050,1.18474,475.58881,1
1505407964,21202985,1.18653,2211.29000,0
1505407940,21202939,1.18654,239.12629,0
1505407936,21202929,1.18654,240.63516,0
1505407933,21202916,1.18654,389.11324,0
1505407931,21202913,1.18467,86.38792,0
1505407929,21202910,1.18459,454.14885,1
1505407928,21202899,1.18454,205.19880,0
1505407928,21202897,1.18454,261.62544,0
1505407927,21202892,1.18443,46.09720,0
1505407921,21202881,1.18441,0.00002,0
1505407921,21202880,1.18441,46.09280,0
1505407877,21202752,1.18401,356.60172,1
1505407813,21202618,1.18401,5.94849,1
1505407776,21202507,1.18401,96.24454,1
1505407776,21202506,1.18401,113.20198,1
1505407776,21202505,1.18401,231.53521,1
1505407772,21202491,1.18401,484.67240,1
1505407771,21202489,1.18401,200.81761,1
1505407734,21202402,1.18401,484.77999,1
1505407728,21202379,1.18401,231.76000,1
1505407727,21202374,1.18401,107.89176,1
1505407727,21202372,1.18402,117.04824,1
1505407726,21202361,1.18401,70.98000,1
