date,tid,price,amount,type
1505433664,21261004,0.01434751,1.21443000,1
1505433664,21260999,0.01434751,7.46845300,1
1505433663,21260997,0.01434751,6.25174000,1
1505433661,21260982,0.01434751,5.96400000,1
1505433660,21260978,0.01434751,2.89536200,1
1505433658,21260965,0.01434751,3.39536268,1
1505433657,21260963,0.01434751,4.52074000,1
1505433654,21260956,0.01434751,2.98160500,1
1505433650,21260947,0.01434751,0.23124368,1
1505433640,21260939,0.01434751,15.52964900,1
1505433634,21260930,0.01434751,3.14960600,1
1505433624,21260920,0.01434751,37.23000000,1
1505433620,21260915,0.01434751,62.96038900,1
1505433620,21260914,0.01434751,3.14960576,1
1505433620,21260913,0.01434751,6.46472866,1
1505433594,21260871,0.01434751,1124.04044883,1
1505433513,21260794,0.01434751,42.90000000,1
1505433513,21260790,0.01434751,1.22659500,1
1505433512,21260787,0.01434751,1.92301100,1
1505433511,21260783,0.01434751,17.20145900,1
1505433511,21260782,0.01434751,3.27999500,1
1505433511,21260781,0.01434751,19.35705600,1
1505433511,21260780,0.01434751,4.88736847,1
1505433510,21260779,0.01434751,2.64526737,1
1505433510,21260777,0.01434751,13.84496100,1
1505433510,21260776,0.01434751,13.39496800,1
1505433500,21260762,0.01434751,2.64526700,1
1505433497,21260758,0.01434751,0.49950000,1
1505433486,21260746,0.01434751,2.80000000,1
1505433475,21260735,0.01434751,0.20000000,1
1505433456,21260720,0.01434751,13.39496800,1
1505433452,21260713,0.01434751,1.00000000,1
1505433408,21260695,0.01434751,15.00000000,1
1505433390,21260682,0.01434751,0.61269000,1
1505433389,21260680,0.01434751,0.56000000,1
1505433386,21260678,0.01434751,2.05378900,1
1505433386,21260677,0.01434751,1.22620581,1
1505433385,21260668,0.01434751,0.58263000,1
1505433382,21260659,0.01434751,1.22660000,1
1505433381,21260658,0.01434751,2.44190500,1
1505433378,21260648,0.01434751,2.42860000,1
1505433376,21260643,0.01434751,1.22046700,1
1505433373,21260636,0.01434751,1.13276500,1
1505433369,21260622,0.01434751,5.51429500,1
1505433367,21260617,0.01434751,0.61334685,1
1505433367,21260613,0.01434751,3.01999500,1
1505433366,21260606,0.01434751,0.59436000,1
1505433365,21260601,0.01434751,39.98799000,1
1505433361,21260586,0.01434751,20.92760300,1
1505433351,21260570,0.01434751,16.00000000,1
1505433348,21260562,0.01434751,36.48982100,1
1505433347,21260550,0.01434751,15.00000000,1
1505433346,21260548,0.01434751,14.57900000,1
1505433340,21260540,0.01434751,2.28189458,1
1505433340,21260539,0.01434751,8.48081200,1
1505433340,21260538,0.01434751,15.45744700,1
1505433338,21260533,0.01434751,3.10552100,1
1505433336,21260525,0.01434751,16.07999500,1
1505433334,21260520,0.01434751,89.30908500,1
1505433333,21260510,0.01434751,21.57432600,1
1505433331,21260506,0.01434890,2.97903315,0
1505433331,21260504,0.01434890,4.12941600,0
1505433329,21260491,0.01434751,0.22841000,1
1505433326,21260481,0.01434751,78.19823800,1
1505433325,21260471,0.01434751,7.26690900,1
1505433325,21260469,0.01434751,1.87272500,1
1505433323,21260454,0.01434751,8.58168300,1
1505433321,21260445,0.01434751,42.03210800,1
1505433318,21260437,0.01434751,0.62400000,1
1505433315,21260425,0.01434751,85.19077363,1
1505433314,21260419,0.01434751,38.12407300,1
1505433309,21260394,0.01434751,5.65286100,1
1505433309,21260393,0.01434751,3.92221369,1
1505433308,21260389,0.01434751,25.02402500,1
1505433307,21260381,0.01434751,1.23706000,1
1505433307,21260378,0.01434751,6.63276586,1
1505433306,21260370,0.01434751,80.73146400,1
1505433305,21260369,0.01434751,170.81732718,1
1505433305,21260366,0.01434751,64.88505000,1
1505433305,21260365,0.01434751,33.97723300,1
1505433304,21260362,0.01434751,10.62916100,1
1505433304,21260357,0.01434751,176.62779500,1
1505433303,21260353,0.01434751,171.36859089,1
1505433302,21260351,0.01434751,4.90057200,1
1505433301,21260349,0.01434751,34.06956900,1
1505433301,21260346,0.01434751,9.57714800,1
1505433301,21260344,0.01434751,54.22945400,1
1505433298,21260339,0.01434751,8.64880100,1
1505433288,21260317,0.01434751,341.75718984,1
1505433280,21260292,0.01434751,130.99086900,1
1505433278,21260282,0.01434751,29.84781700,1
1505433278,21260281,0.01434752,4.12941600,1
1505433278,21260279,0.01434752,9.57058400,1
1505433271,21260266,0.01434751,174.11667878,1
1505433267,21260254,0.01434751,4.16141896,1
1505433267,21260252,0.01434751,31.34711181,1
1505433260,21260234,0.01434751,347.23765036,1
1505433258,21260229,0.01434751,63.88997116,1
1505433258,21260225,0.01434751,4.12283800,1
1505433252,21260214,0.01434751,0.61764200,1
1505433252,21260212,0.01434751,18.86884902,1
1505433251,21260207,0.01434751,1.25510500,1
1505433239,21260132,0.01434751,8.06360500,1
1505433237,21260127,0.01434751,17.42462630,1
1505433210,21260104,0.01434751,10.40356438,1
1505433195,21260082,0.01434751,7.54680151,1
1505433189,21260074,0.01434751,3.26962658,1
1505433183,21260067,0.01434751,3.30999500,1
1505433180,21260058,0.01434751,26.47497720,1
1505433178,21260053,0.01434751,31.34711180,1
1505433163,21260042,0.01434751,9.88445200,1
1505433160,21260039,0.01434751,102.96608959,1
1505433155,21260033,0.01434751,79.98170956,1
1505433148,21260027,0.01434751,44.96889800,1
1505433144,21260018,0.01434751,200.37833604,1
1505433140,21260011,0.01434751,79.97178605,1
1505433137,21260004,0.01434751,31.34711180,1
1505433129,21259993,0.01434751,8.62530810,1
1505433128,21259991,0.01434751,16.61631400,1
1505433126,21259988,0.01434751,0.49950000,1
1505433124,21259986,0.01434751,15.00000000,1
1505433121,21259979,0.01434751,50.00000000,1
1505433113,21259969,0.01434751,49.90000000,1
1505433108,21259961,0.01434751,5.71115700,1
1505433106,21259951,0.01434751,3.27959347,1
1505433103,21259948,0.01434751,0.68040795,1
1505433102,21259945,0.01434751,50.00000000,1
1505433095,21259933,0.01434751,50.00000000,1
1505433094,21259929,0.01434751,0.44000000,1
1505433094,21259927,0.01434751,26.14112136,1
1505433092,21259925,0.01434751,8.05449300,1
1505433086,21259900,0.01434751,3.21958305,1
1505433084,21259884,0.01434751,0.56142100,1
1505433083,21259882,0.01434751,50.00000000,1
1505433076,21259871,0.01434751,50.00000000,1
1505433074,21259864,0.01434751,34.54747000,1
1505433073,21259857,0.01434751,28.99994494,1
1505433072,21259852,0.01434751,9.92999500,1
1505433066,21259830,0.01434751,1.25340000,1
1505433066,21259828,0.01434751,5.18745065,1
1505433064,21259822,0.01434751,4.72401500,1
1505433063,21259814,0.01434751,1.62142300,1
1505433060,21259810,0.01434751,15.00000000,1
1505433059,21259806,0.01434751,1.69632222,1
1505433059,21259803,0.01434751,4.72401500,1
1505433057,21259797,0.01434751,4.52700100,1
1505433057,21259796,0.01434751,10.66800000,1
1505433055,21259783,0.01434751,20.57498600,1
1505433051,21259756,0.01434751,14.08079500,1
1505433050,21259749,0.01434751,21.62485500,1
1505433049,21259743,0.01434751,6.59920810,1
1505433049,21259738,0.01434751,18.06535400,1
1505433047,21259732,0.01434751,95.91800000,1
1505433045,21259731,0.01434751,29.13030200,1
1505433044,21259724,0.01434751,200.00000000,1
1505433044,21259723,0.01434751,4.72401700,1
1505433042,21259715,0.01434751,5.73167000,1
1505433041,21259711,0.01434914,4.00000000,0
1505433038,21259707,0.01434751,255.74770400,1
1505433037,21259705,0.01434751,0.89616000,1
1505433036,21259699,0.01434751,19.01274600,1
1505433034,21259696,0.01434751,42.09005700,1
1505433033,21259694,0.01434751,50.00000000,1
1505433033,21259692,0.01434751,25.29052100,1
1505433033,21259689,0.01434751,470.45359400,1
1505433031,21259682,0.01434751,2.07229000,1
1505433031,21259680,0.01434751,186.50196700,1
1505433031,21259678,0.01434751,0.39505446,1
1505433029,21259674,0.01434751,31.29646600,1
1505433029,21259669,0.01434751,5.43000000,1
1505433023,21259660,0.01434751,181.33246375,1
1505433019,21259638,0.01434751,50.00000000,1
1505432996,21259600,0.01434751,3.64162000,1
1505432992,21259591,0.01434751,15.00000000,1
1505432973,21259551,0.01434751,12.01543100,1
1505432970,21259545,0.01434751,190.21030586,1
1505432957,21259521,0.01434895,0.52138240,0
1505432951,21259516,0.01434751,224.32440410,1
1505432933,21259488,0.01434751,14.69793800,1
1505432932,21259485,0.01434751,10.09959220,1
1505432927,21259477,0.01434751,15.00000000,1
1505432924,21259475,0.01434751,35.40000000,1
1505432916,21259460,0.01434751,22.20000000,1
1505432912,21259454,0.01434751,6.58616905,1
1505432911,21259452,0.01434751,30.00000000,1
1505432904,21259438,0.01434751,28.21259519,1
1505432892,21259422,0.01434751,48.80000000,1
1505432885,21259419,0.01434751,50.00000000,1
1505432878,21259410,0.01434751,50.00000000,1
1505432871,21259400,0.01434751,3.08964300,1
1505432871,21259398,0.01434751,30.84000000,1
1505432858,21259388,0.01434751,15.00000000,1
1505432848,21259354,0.01434751,50.00000000,1
1505432843,21259344,0.01434751,223.43892978,1
1505432843,21259340,0.01434751,2.96967200,1
1505432840,21259338,0.01434751,50.00000000,1
1505432837,21259316,0.01434751,16.07999500,1
1505432833,21259311,0.01434751,50.00000000,1
1505432829,21259306,0.01434751,8.95528100,1
1505432826,21259296,0.01434751,50.00000000,1
1505432824,21259290,0.01434751,3.11963540,1
1505432818,21259281,0.01434751,21.25000000,1
1505432811,21259270,0.01434751,35.24000000,1
1505432809,21259264,0.01434751,31.31605000,1
1505432809,21259260,0.01434751,2.07971700,1
1505432808,21259257,0.01434751,16.07999500,1
1505432804,21259252,0.01434751,3.06999500,1
1505432804,21259247,0.01434751,23.90000000,1
1505432801,21259232,0.01434751,7.70000000,1
1505432797,21259221,0.01434751,50.00000000,1
1505432790,21259207,0.01434751,20.80000000,1
1505432783,21259188,0.01434751,13.70000000,1
1505432783,21259187,0.01434751,15.00000000,1
1505432783,21259186,0.01434751,23.20000000,1
1505432779,21259182,0.01434751,29.69609361,1
1505432775,21259172,0.01434751,50.00000000,1
1505432774,21259167,0.01434751,16.08000000,1
1505432768,21259152,0.01434751,16.08077200,1
1505432768,21259150,0.01434751,50.00000000,1
1505432763,21259134,0.01434751,16.06392000,1
1505432763,21259131,0.01434751,19.19963814,1
1505432761,21259122,0.01434751,20.58000000,1
1505432759,21259115,0.01434751,16.07958455,1
1505432753,21259097,0.01434751,50.00000000,1
1505432746,21259077,0.01434751,20.20000000,1
1505432740,21259047,0.01434751,28.04000000,1
1505432732,21259031,0.01434751,50.00000000,1
1505432721,21259004,0.01434751,15.00000000,1
1505432716,21258996,0.01434751,17.92530800,1
1505432709,21258969,0.01434751,38.50000000,1
1505432707,21258962,0.01434751,3.03237287,1
1505432705,21258952,0.01434751,15.76963529,1
1505432703,21258940,0.01434751,15.77555967,1
1505432702,21258934,0.01434751,42.04000000,1
1505432701,21258932,0.01434751,19.99000000,1
1505432700,21258925,0.01434751,4.96216500,1
1505432699,21258919,0.01434751,2.30072000,1
1505432691,21258896,0.01434751,32.11661600,1
1505432689,21258891,0.01434751,16.28843751,1
1505432649,21258821,0.01434751,3.23999800,1
1505432628,21258792,0.01434917,6.18000000,0
1505432624,21258782,0.01434751,0.68040800,1
1505432612,21258759,0.01434751,2.99961457,1
1505432603,21258736,0.01434751,2.02337600,1
1505432588,21258712,0.01434751,15.00000000,1
1505432585,21258708,0.01434751,1.48200000,1
1505432565,21258685,0.01434751,7.45183400,1
1505432562,21258678,0.01434751,3.99761900,1
1505432561,21258677,0.01434751,7.70584400,1
1505432559,21258673,0.01434751,5.42845800,1
1505432557,21258668,0.01434751,6.63106600,1
1505432556,21258662,0.01434751,128.09307300,1
1505432556,21258658,0.01434751,24.58375100,1
1505432552,21258643,0.01434751,6.18000000,1
1505432543,21258630,0.01434751,9.10716500,1
1505432542,21258618,0.01434751,9.01204800,1
1505432542,21258616,0.01434751,1.44103600,1
1505432533,21258580,0.01434751,1.44103600,1
1505432530,21258571,0.01434751,19.56025000,1
1505432529,21258570,0.01434751,1.84212800,1
1505432524,21258557,0.01434751,1.03053900,1
1505432522,21258554,0.01434751,4.26846000,1
1505432517,21258544,0.01434751,3.02328055,1
1505432508,21258536,0.01434751,26.23036961,1
1505432508,21258535,0.01434751,0.92723269,1
1505432499,21258524,0.01434751,2.50000000,1
1505432492,21258507,0.01434751,36.92883700,1
1505432492,21258506,0.01434751,2.69499500,1
1505432489,21258495,0.01434751,11.48567800,1
1505432488,21258494,0.01434751,500.00000000,1
1505432487,21258493,0.01434751,5.00000000,1
1505432472,21258466,0.01434751,1.48690000,1
1505432472,21258463,0.01434751,1.16728700,1
1505432471,21258460,0.01434751,0.63982561,1
1505432459,21258422,0.01434751,4.90057200,1
1505432459,21258418,0.01434751,37.95937600,1
1505432459,21258415,0.01434751,40.85474700,1
1505432458,21258410,0.01434751,0.63982561,1
1505432457,21258401,0.01434751,4.76116300,1
1505432456,21258392,0.01434751,5.18760800,1
1505432455,21258389,0.01434751,8.86673800,1
1505432451,21258358,0.01434751,9.13263310,1
1505432450,21258357,0.01434751,5.05746293,1
1505432447,21258344,0.01434751,7.87142000,1
1505432446,21258341,0.01434751,1.48652972,1
1505432446,21258338,0.01434751,3.50735300,1
1505432444,21258331,0.01434751,50.00000000,1
1505432443,21258328,0.01434751,14.24018700,1
1505432443,21258327,0.01434751,3.92714700,1
1505432442,21258321,0.01434751,5.06695500,1
1505432442,21258314,0.01434751,25.28068200,1
1505432442,21258312,0.01434751,4.96204692,1
1505432441,21258307,0.01434751,207.56773700,1
1505432441,21258305,0.01434751,15.62561500,1
1505432441,21258304,0.01434751,7.87927700,1
1505432440,21258299,0.01434751,1.08513800,1
1505432439,21258291,0.01434751,123.49641900,1
1505432438,21258285,0.01434751,76.86193500,1
1505432438,21258283,0.01434751,46.39586700,1
1505432437,21258279,0.01434751,4.76116300,1
1505432436,21258269,0.01434751,1.16728747,1
1505432435,21258267,0.01434751,18.86695500,1
1505432435,21258263,0.01434751,4.96969426,1
1505432434,21258258,0.01434751,147.68772500,1
1505432433,21258255,0.01434751,92.99152800,1
1505432432,21258244,0.01434751,3.50108100,1
1505432432,21258240,0.01434751,72.04604400,1
1505432431,21258234,0.01434751,18.86695500,1
1505432430,21258229,0.01434751,4.85633958,1
1505432430,21258227,0.01434751,15.55864500,1
1505432429,21258223,0.01434751,18.86695500,1
1505432429,21258219,0.01434751,40.54420600,1
1505432427,21258214,0.01434751,150.81496328,1
1505432427,21258213,0.01434751,3.34873300,1
1505432427,21258209,0.01434751,21.60700000,1
1505432426,21258205,0.01434751,85.70531100,1
1505432425,21258204,0.01434751,17.47200000,1
1505432425,21258200,0.01434751,1.66589700,1
1505432425,21258199,0.01434751,16.07399500,1
1505432425,21258197,0.01434751,4.74414539,1
1505432424,21258191,0.01434751,5.62808700,1
1505432423,21258188,0.01434751,1.57902000,1
1505432423,21258187,0.01434751,18.86695500,1
1505432421,21258175,0.01434751,166.68300000,1
1505432419,21258160,0.01434751,2.00000000,1
1505432417,21258151,0.01434751,1.59484480,1
1505432416,21258150,0.01434751,1.95750000,1
1505432416,21258146,0.01434751,31.19844300,1
1505432414,21258144,0.01434751,12.84026400,1
1505432414,21258143,0.01434751,11.73989700,1
1505432414,21258141,0.01434751,14.02574600,1
1505432413,21258138,0.01434751,18.35660800,1
1505432413,21258137,0.01434751,18.49028100,1
1505432413,21258136,0.01434751,10.88028400,1
1505432412,21258134,0.01434751,29.37056500,1
1505432411,21258132,0.01434751,29.75226700,1
1505432411,21258131,0.01434751,1.59484441,1
1505432410,21258130,0.01434751,18.81352400,1
1505432408,21258128,0.01434751,2.50000000,1
1505432408,21258127,0.01434751,9.79544600,1
1505432407,21258126,0.01434751,65.55944100,1
1505432406,21258125,0.01434751,6.96880000,1
1505432406,21258124,0.01434751,2.25950900,1
1505432405,21258123,0.01434751,26.05315100,1
1505432405,21258122,0.01434751,9.61685300,1
1505432405,21258121,0.01434751,4.62173200,1
1505432405,21258120,0.01434751,18.35027600,1
1505432405,21258119,0.01434751,177.70000000,1
1505432405,21258118,0.01434751,84.82212700,1
1505432405,21258117,0.01434751,13.96359900,1
1505432404,21258116,0.01434751,75.30160000,1
1505432404,21258115,0.01434751,14.58859400,1
1505432404,21258114,0.01434751,35.87022800,1
1505432404,21258113,0.01434751,11.17863600,1
1505432404,21258112,0.01434751,6.69447000,1
1505432403,21258108,0.01434751,2.65578000,1
1505432402,21258107,0.01434751,18.84623693,1
1505432401,21258106,0.01434751,13.96360000,1
1505432401,21258105,0.01434751,9.67883400,1
1505432401,21258104,0.01434751,49.34129700,1
1505432401,21258103,0.01434751,5.71043000,1
1505432401,21258102,0.01434751,23.79669300,1
1505432400,21258101,0.01434751,4.91978300,1
1505432400,21258100,0.01434751,5.65800000,1
1505432396,21258091,0.01434751,0.24055000,1
1505432396,21258089,0.01434751,11.06360700,1
1505432394,21258083,0.01434751,5.09015661,1
1505432391,21258075,0.01434751,12.65845100,1
1505432391,21258074,0.01434751,32.32761100,1
1505432389,21258068,0.01434751,6.49210128,1
1505432387,21258061,0.01434751,3.51558311,1
1505432380,21258058,0.01434751,36.24363000,1
1505432372,21258046,0.01434751,10.91410600,1
1505432372,21258045,0.01434751,1.74434500,1
1505432369,21258038,0.01434751,30.89444800,1
1505432364,21258032,0.01434751,4.85444627,1
1505432361,21258030,0.01434751,34.00455000,1
1505432361,21258029,0.01434751,1.74434449,1
1505432361,21258028,0.01434751,35.60074300,1
1505432359,21258020,0.01434751,4.82578664,1
1505432359,21258017,0.01434751,1.76126200,1
1505432356,21258013,0.01434751,1.78819300,1
1505432355,21258010,0.01434751,32.41562200,1
1505432353,21258007,0.01434751,1.37419881,1
1505432351,21258002,0.01434751,0.99030000,1
1505432351,21258000,0.01434751,40.97938000,1
1505432350,21257994,0.01434751,0.56066100,1
1505432350,21257993,0.01434751,69.60740923,1
1505432331,21257964,0.01434751,120.90663453,1
1505432327,21257955,0.01434751,3.57352600,1
1505432307,21257926,0.01434751,50.00000000,1
1505432300,21257919,0.01434751,50.00000000,1
1505432293,21257906,0.01434751,50.00000000,1
1505432286,21257897,0.01434751,1.91793500,1
1505432286,21257895,0.01434751,1.83653000,1
1505432286,21257894,0.01434751,30.70000000,1
1505432281,21257886,0.01434751,2.02159400,1
1505432280,21257881,0.01434751,39.48375400,1
1505432279,21257874,0.01434751,16.75812300,1
1505432279,21257873,0.01434751,50.00000000,1
1505432272,21257867,0.01434751,9.60000000,1
1505432272,21257865,0.01434751,50.00000000,1
1505432271,21257861,0.01434751,4.91629807,1
1505432259,21257843,0.01434751,22.74777700,1
1505432258,21257840,0.01434751,50.00000000,1
1505432256,21257836,0.01434751,2.37000000,1
1505432250,21257825,0.01434751,50.00000000,1
1505432245,21257814,0.01434751,12.91964600,1
1505432243,21257805,0.01434751,50.00000000,1
1505432241,21257802,0.01434751,5.03627200,1
1505432241,21257801,0.01434751,75.42829900,1
1505432238,21257791,0.01434751,28.94426200,1
1505432236,21257787,0.01434751,50.00000000,1
1505432236,21257786,0.01434751,4.58658300,1
1505432229,21257778,0.01434751,50.00000000,1
1505432227,21257772,0.01434751,0.37136000,1
1505432225,21257768,0.01434751,6.71013900,1
1505432224,21257766,0.01434751,1.42431300,1
1505432223,21257765,0.01434751,75.35189033,1
1505432222,21257760,0.01434751,147.84321461,1
1505432221,21257756,0.01434751,23.76823494,1
1505432220,21257753,0.01434751,39.72138800,1
1505432219,21257749,0.01434751,25.14998400,1
1505432215,21257742,0.01434751,1.69510000,1
1505432213,21257738,0.01434751,95.34685600,1
1505432212,21257733,0.01434751,134.58706400,1
1505432211,21257732,0.01434751,15.12159200,1
1505432207,21257714,0.01434751,12.27319200,1
1505432204,21257711,0.01434751,14.36700000,1
1505432194,21257676,0.01434751,4.58659600,1
1505432191,21257667,0.01434751,9.66380500,1
1505432188,21257657,0.01434751,4.37156100,1
1505432187,21257652,0.01434751,8.01143100,1
1505432186,21257649,0.01434751,20.78312400,1
1505432185,21257640,0.01434751,2.30228103,1
1505432184,21257633,0.01434751,175.03400000,1
1505432177,21257610,0.01434751,26.00400000,1
1505432176,21257607,0.01434751,76.66942700,1
1505432174,21257593,0.01434751,9.99041900,1
1505432172,21257582,0.01434751,1.67999900,1
1505432171,21257579,0.01434751,4.29873800,1
1505432165,21257549,0.01434751,2.31610000,1
1505432164,21257547,0.01434751,9.75034000,1
1505432163,21257539,0.01434751,40.63790000,1
1505432163,21257537,0.01434751,132.96801300,1
1505432161,21257535,0.01434751,9.13423100,1
1505432160,21257530,0.01434751,34.45476000,1
1505432160,21257528,0.01434751,8.82628600,1
1505432158,21257525,0.01434751,95.66080000,1
1505432158,21257522,0.01434751,7.16228810,1
1505432157,21257518,0.01434751,67.06059500,1
1505432155,21257514,0.01434751,83.16322300,1
1505432155,21257512,0.01434751,5.25712800,1
1505432154,21257511,0.01434751,8.82914000,1
1505432154,21257507,0.01434751,129.21236800,1
1505432154,21257506,0.01434751,143.86911500,1
1505432154,21257505,0.01434751,90.91574000,1
1505432154,21257503,0.01434751,177.70000000,1
1505432153,21257498,0.01434751,3.45935700,1
1505432153,21257497,0.01434751,6.82299800,1
1505432153,21257496,0.01434751,21.31568500,1
1505432152,21257495,0.01434751,5.38393100,1
1505432152,21257494,0.01434751,5.86634300,1
1505432151,21257493,0.01434751,12.90292200,1
1505432149,21257488,0.01434751,29.66120000,1
1505432148,21257485,0.01434751,29.66120000,1
1505432147,21257484,0.01434751,29.66120000,1
1505432146,21257479,0.01434751,16.88710000,1
1505432145,21257476,0.01434751,5.96134000,1
1505432109,21257430,0.01434751,1.00000000,1
1505432076,21257381,0.01434751,1.23706000,1
1505432045,21257318,0.01434967,9.41365283,0
1505432044,21257317,0.01434751,15.10235000,1
1505432043,21257316,0.01434968,9.39252000,0
1505432042,21257309,0.01434968,1.23706000,0
1505432037,21257290,0.01434751,12.94885000,1
1505432034,21257282,0.01434751,3.98152711,1
1505432034,21257281,0.01434751,10.77085850,1
1505432032,21257276,0.01434751,0.65943227,1
1505432029,21257268,0.01434751,3.25631416,1
1505432011,21257235,0.01434751,15.00000000,1
1505431936,21257105,0.01434751,15.00000000,1
1505431915,21257092,0.01434751,6.40705196,1
1505431908,21257083,0.01434751,7.24556503,1
1505431907,21257082,0.01434751,22.52364391,1
1505431907,21257081,0.01434752,0.31484800,1
1505431899,21257073,0.01434752,6.36790500,1
1505431896,21257063,0.01434752,1.01724700,1
1505431890,21257050,0.01434751,3.00000000,1
1505431869,21256989,0.01434751,3.21793372,1
1505431869,21256988,0.01434752,11.78206628,1
1505431861,21256969,0.01434752,1.91793372,1
1505431825,21256901,0.01434751,3.01216000,1
1505431819,21256876,0.01434751,38.94018783,1
1505431817,21256866,0.01434751,36.52761809,1
1505431817,21256864,0.01434751,70.44857500,1
1505431805,21256836,0.01434751,0.34376000,1
1505431805,21256831,0.01434751,3.38257135,1
1505431804,21256828,0.01434751,10.00000000,1
1505431802,21256818,0.01434751,34.86250600,1
1505431781,21256771,0.01434751,6.92431000,1
1505431780,21256767,0.01434751,0.72000000,1
1505431773,21256749,0.01434751,1.65438915,1
1505431769,21256739,0.01434751,3.02856500,1
1505431747,21256693,0.01434751,1.41616100,1
1505431736,21256658,0.01434751,3.15999500,1
1505431734,21256651,0.01434751,10.00000000,1
1505431726,21256637,0.01434751,0.22164995,1
1505431725,21256630,0.01434751,0.22143000,1
1505431721,21256618,0.01434751,21.90316299,1
1505431707,21256583,0.01434751,0.28326639,1
1505431702,21256576,0.01434751,1.67669128,1
1505431699,21256570,0.01434751,4.98712700,1
1505431694,21256560,0.01434751,2.18268868,1
1505431689,21256553,0.01434751,5.64305000,1
1505431687,21256529,0.01434751,27.71424200,1
1505431680,21256516,0.01434751,2.73630000,1
1505431675,21256499,0.01434751,5.64797655,1
1505431675,21256498,0.01434751,2.02769838,1
1505431672,21256494,0.01434751,2.19799000,1
1505431671,21256489,0.01434751,8.98866773,1
1505431670,21256477,0.01434751,2.53063802,1
1505431668,21256468,0.01434751,10.00000000,1
1505431667,21256467,0.01434751,4.56814000,1
1505431667,21256466,0.01434751,6.76831000,1
1505431665,21256454,0.01434751,0.76087180,1
1505431663,21256450,0.01434751,2.21522000,1
1505431662,21256445,0.01434751,1.81731882,1
1505431658,21256435,0.01434751,3.18999500,1
1505431649,21256421,0.01434751,3.94563238,1
1505431631,21256394,0.01434751,3.58716404,1
1505431615,21256366,0.01434751,3.86037000,1
1505431614,21256365,0.01434751,6.91074619,1
1505431612,21256360,0.01434751,5.01212000,1
1505431607,21256344,0.01434751,4.98274000,1
1505431605,21256336,0.01434751,5.02589537,1
1505431592,21256312,0.01434751,87.27946522,1
1505431588,21256307,0.01434751,8.61325000,1
1505431586,21256302,0.01434751,24.74386800,1
1505431586,21256297,0.01434751,5.15701070,1
1505431585,21256295,0.01434751,70.18834628,1
1505431585,21256291,0.01434751,21.61720048,1
1505431584,21256287,0.01434751,13.45300000,1
1505431581,21256274,0.01434751,13.45300000,1
1505431580,21256267,0.01434751,5.05051722,1
1505431578,21256261,0.01434751,13.45300000,1
1505431576,21256255,0.01434751,3.75320000,1
1505431575,21256252,0.01434751,4.89460689,1
1505431570,21256239,0.01434751,5.36290444,1
1505431567,21256233,0.01434751,24.57687600,1
1505431565,21256228,0.01434751,24.47754800,1
1505431565,21256223,0.01434751,3.87092476,1
1505431563,21256215,0.01434751,24.37843700,1
1505431562,21256210,0.01434751,2.85543000,1
1505431562,21256208,0.01434751,6.51041667,1
1505431560,21256200,0.01434751,24.27975500,1
1505431559,21256197,0.01434751,5.14944083,1
1505431558,21256192,0.01434751,6.78729200,1
1505431558,21256189,0.01434751,6.87327000,1
1505431557,21256187,0.01434751,24.18593500,1
1505431554,21256178,0.01434751,1.91111429,1
1505431553,21256174,0.01434751,24.01170600,1
1505431551,21256162,0.01434751,13.26800000,1
1505431549,21256150,0.01434751,4.87105096,1
1505431548,21256146,0.01434751,23.84728600,1
1505431546,21256138,0.01434751,23.67879300,1
1505431544,21256132,0.01434751,5.01989812,1
1505431542,21256128,0.01434751,23.54088200,1
1505431541,21256121,0.01434751,1.27961000,1
1505431541,21256120,0.01434751,4.14868800,1
1505431541,21256119,0.01434751,14.19756411,1
1505431539,21256113,0.01434751,0.86230222,1
1505431537,21256099,0.01434751,5.00128900,1
1505431536,21256088,0.01434751,2.17075275,1
1505431536,21256086,0.01434751,10.00000000,1
1505431534,21256076,0.01434751,23.26846100,1
1505431530,21256060,0.01434751,13.04800000,1
1505431527,21256029,0.01434751,10.88682500,1
1505431526,21256027,0.01434751,13.04800000,1
1505431525,21256023,0.01434751,19.28683200,1
1505431525,21256021,0.01434751,24.43237000,1
1505431524,21256015,0.01434751,4.93368508,1
1505431523,21256013,0.01434751,11.73734000,1
1505431521,21256004,0.01434751,15.32988100,1
1505431520,21255994,0.01434751,11.76538647,1
1505431519,21255990,0.01434751,8.10442750,1
1505431518,21255984,0.01434751,38.09376300,1
1505431515,21255969,0.01434751,4.64410322,1
1505431514,21255960,0.01434751,2.29205239,1
1505431501,21255932,0.01434751,2.22977000,1
1505431499,21255922,0.01434751,1.16779845,1
1505431499,21255919,0.01434751,12.17859900,1
1505431498,21255915,0.01434751,2.16738350,1
1505431498,21255913,0.01434751,9.91036076,1
1505431497,21255910,0.01434751,2.01522600,1
1505431496,21255906,0.01434751,5.02120000,1
1505431494,21255896,0.01434751,6.73794200,1
1505431494,21255894,0.01434751,12.17859900,1
1505431493,21255884,0.01434751,1.36565636,1
1505431492,21255875,0.01434751,57.80621000,1
1505431488,21255868,0.01434751,1.80804893,1
1505431488,21255865,0.01434751,1.06937340,1
1505431483,21255831,0.01434751,4.88772124,1
1505431482,21255828,0.01434751,1.78637269,1
1505431481,21255824,0.01434751,45.53299566,1
1505431480,21255821,0.01434751,1.76692681,1
1505431478,21255813,0.01434751,57.69225000,1
1505431474,21255786,0.01434751,5.02123209,1
1505431456,21255764,0.01434751,10.00000000,1
1505431421,21255706,0.01434751,1.59433000,1
1505431412,21255692,0.01434751,4.41128810,1
1505431406,21255661,0.01434751,39.57179200,1
1505431406,21255658,0.01434751,2.89636188,1
1505431405,21255655,0.01434751,1.56152531,1
1505431404,21255650,0.01434751,40.33598863,1
1505431396,21255598,0.01434751,1.36513418,1
1505431394,21255592,0.01434751,1.26983707,1
1505431393,21255585,0.01434751,10.00000000,1
1505431392,21255576,0.01434751,0.60354698,1
1505431389,21255568,0.01434751,2.16026000,1
1505431385,21255561,0.01434751,5.21123583,1
1505431382,21255550,0.01434751,50.00000000,1
1505431382,21255549,0.01434751,98.01415019,1
1505431379,21255543,0.01434751,5.28071489,1
1505431376,21255531,0.01434751,24.10000000,1
1505431375,21255528,0.01434751,150.89099854,1
1505431374,21255523,0.01434751,2.11253874,1
1505431372,21255522,0.01434751,12.74069000,1
1505431370,21255520,0.01434751,10.80620000,1
1505431369,21255510,0.01434751,5.15236329,1
1505431368,21255508,0.01434751,50.00000000,1
1505431368,21255505,0.01434751,169.19781620,1
1505431364,21255489,0.01434751,1.20159700,1
1505431363,21255484,0.01434751,2.17535000,1
1505431362,21255481,0.01434751,9.91075451,1
1505431361,21255474,0.01434751,50.00000000,1
1505431354,21255444,0.01434751,31.00000000,1
1505431347,21255429,0.01434751,37.43000000,1
1505431340,21255411,0.01434751,47.90000000,1
1505431336,21255395,0.01434751,10.00000000,1
1505431332,21255374,0.01434751,50.00000000,1
1505431329,21255364,0.01434751,5.00000000,1
1505431325,21255350,0.01434751,50.00000000,1
1505431322,21255341,0.01434751,5.46957302,1
1505431312,21255298,0.01434751,57.42990000,1
1505431310,21255287,0.01434751,5.26402407,1
1505431310,21255282,0.01434751,236.33311561,1
1505431306,21255236,0.01434751,63.61335500,1
1505431302,21255207,0.01434751,53.92004527,1
1505431301,21255204,0.01434751,5.25714576,1
1505431297,21255161,0.01434751,8.03499303,1
1505431296,21255155,0.01434971,3.20376766,0
1505431294,21255146,0.01434971,6.44626888,0
1505431292,21255130,0.01434751,3.48987386,1
1505431287,21255101,0.01434751,4.20938000,1
1505431284,21255083,0.01434751,10.62270000,1
1505431284,21255081,0.01434751,5.39479919,1
1505431283,21255079,0.01434751,8.07733184,1
1505431280,21255069,0.01434751,34.87650471,1
1505431280,21255063,0.01434751,10.62270000,1
1505431278,21255059,0.01434751,39.96000000,1
1505431278,21255057,0.01434751,5.12307814,1
1505431276,21255048,0.01434751,1.87001090,1
1505431263,21254950,0.01434751,341.71056621,1
1505431262,21254946,0.01434751,1.26401000,1
1505431245,21254900,0.01434751,0.56000000,1
1505431243,21254891,0.01434751,37.98589442,1
1505431237,21254826,0.01434751,14.24501612,1
1505431225,21254783,0.01434751,526.87577461,1
1505431223,21254775,0.01434751,5.85941300,1
1505431219,21254762,0.01434751,3.21273008,1
1505431211,21254745,0.01434751,3.09999500,1
1505431209,21254739,0.01434751,5.56041200,1
1505431206,21254725,0.01434751,13.24347710,1
1505431199,21254707,0.01434751,4.81358787,1
1505431199,21254705,0.01434751,5.56610557,1
1505431195,21254695,0.01434751,2.45844400,1
1505431192,21254682,0.01434751,99.79027655,1
1505431188,21254675,0.01434751,0.43630000,1
1505431187,21254674,0.01434751,1.64907100,1
1505431184,21254666,0.01434751,36.77506602,1
1505431183,21254663,0.01434751,523.76979138,1
1505431182,21254659,0.01434751,3.22455591,1
1505431181,21254655,0.01434751,32.80414821,1
1505431174,21254631,0.01434751,5.50400000,1
1505431173,21254625,0.01434751,2.87142300,1
1505431169,21254621,0.01434972,5.61929538,0
1505431169,21254620,0.01434971,21.49093302,0
1505431167,21254610,0.01434751,14.40067385,1
1505431166,21254606,0.01434751,16.90056430,1
1505431166,21254604,0.01434751,10.99960900,1
1505431163,21254598,0.01434751,7.74000000,1
1505431150,21254581,0.01434751,3.07999500,1
1505431148,21254575,0.01434751,77.67529000,1
1505431146,21254572,0.01434751,6.32429600,1
1505431145,21254569,0.01434751,30.00000000,1
1505431145,21254568,0.01434751,2.96964422,1
1505431143,21254564,0.01434751,3.20665483,1
1505431141,21254558,0.01434751,11.91660433,1
1505431136,21254549,0.01434751,147.05098100,1
1505431135,21254546,0.01434751,11.19300000,1
1505431134,21254545,0.01434751,8.07754700,1
1505431134,21254544,0.01434751,1.89253000,1
1505431134,21254540,0.01434751,3.57099587,1
1505431132,21254532,0.01434751,117.02360492,1
1505431131,21254531,0.01434751,3.57570000,1
1505431128,21254525,0.01434751,681.55999999,1
1505431127,21254523,0.01434751,39.74122900,1
1505431126,21254522,0.01434751,3.66498000,1
1505431126,21254519,0.01434751,154.85920555,1
1505431125,21254516,0.01434751,47.26883600,1
1505431123,21254506,0.01434751,84.99962712,1
1505431122,21254504,0.01434751,10.39964426,1
1505431122,21254500,0.01434751,0.56760041,1
1505431065,21254409,0.01434751,30.99959506,1
1505431063,21254403,0.01434751,1.34831759,1
1505431060,21254395,0.01434751,20.04231000,1
1505431058,21254391,0.01434751,7.26030200,1
1505431053,21254383,0.01434751,10.96457600,1
1505431049,21254373,0.01434751,7.20937800,1
1505431042,21254369,0.01434751,10.15549040,1
1505431038,21254360,0.01434751,2.38930200,1
1505431036,21254357,0.01434751,4.93770000,1
1505431034,21254353,0.01434751,4.80471100,1
1505431031,21254340,0.01434751,7.10075000,1
1505431027,21254332,0.01434751,7.19079100,1
1505431022,21254325,0.01434751,1.91758000,1
1505431020,21254318,0.01434751,9.03686000,1
1505431015,21254313,0.01434751,0.42940000,1
1505431013,21254311,0.01434751,2.15347400,1
1505431008,21254307,0.01434751,2.05605800,1
1505431004,21254299,0.01434751,2.15724100,1
1505430995,21254294,0.01434751,6.69017100,1
1505430992,21254290,0.01434751,2.16100900,1
1505430984,21254280,0.01434751,1.87791500,1
1505430950,21254237,0.01434751,13.43259200,1
1505430946,21254230,0.01434751,3.14999500,1
1505430944,21254229,0.01434751,2.82964300,1
1505430919,21254210,0.01434751,12.54120100,1
1505430914,21254198,0.01434751,13.43542200,1
1505430906,21254189,0.01434751,31.34747500,1
1505430876,21254158,0.01434751,25.56707931,1
1505430875,21254157,0.01434751,7.86683400,1
1505430873,21254153,0.01434751,33.95962363,1
1505430865,21254139,0.01434751,7.87552200,1
1505430856,21254120,0.01434751,6.92479300,1
1505430852,21254114,0.01434751,5.49775400,1
1505430845,21254104,0.01434751,1.00000000,1
1505430825,21254068,0.01434751,0.21653889,1
1505430824,21254065,0.01434751,5.04000000,1
1505430804,21254037,0.01434751,1.51100000,1
1505430797,21254031,0.01434751,16.56900000,1
1505430795,21254028,0.01434751,16.34657000,1
1505430793,21254022,0.01434751,16.02085300,1
1505430792,21254020,0.01434751,23.97877000,1
1505430789,21254014,0.01434751,6.27049800,1
1505430784,21254008,0.01434751,7.30996100,1
1505430784,21254006,0.01434751,5.23557635,1
1505430783,21254001,0.01434751,6.81463800,1
1505430778,21253995,0.01434751,7.97521200,1
1505430777,21253993,0.01434751,3.24321200,1
1505430777,21253992,0.01434751,5.17954200,1
1505430775,21253988,0.01434751,3.28678800,1
1505430775,21253987,0.01434751,26.21500000,1
1505430769,21253979,0.01434751,12.15637700,1
1505430767,21253976,0.01434751,1.37200000,1
1505430764,21253971,0.01434751,2.46100000,1
1505430762,21253964,0.01434751,3.05259000,1
1505430760,21253962,0.01434751,7.30939700,1
1505430759,21253959,0.01434751,7.97521200,1
1505430755,21253951,0.01434751,2.25515900,1
1505430755,21253949,0.01434751,66.84374459,1
1505430754,21253944,0.01434751,170.23700000,1
1505430753,21253943,0.01434751,7.78244800,1
1505430750,21253940,0.01434751,10.00000000,1
1505430750,21253939,0.01434751,26.54181000,1
1505430748,21253936,0.01434751,57.90473900,1
1505430746,21253929,0.01434751,134.91672075,1
1505430746,21253926,0.01434751,5.52817915,1
1505430745,21253923,0.01434751,37.52442100,1
1505430744,21253919,0.01434751,48.56027283,1
1505430744,21253917,0.01434751,10.52460800,1
1505430743,21253913,0.01434751,37.52442100,1
1505430743,21253910,0.01434751,27.55690800,1
1505430742,21253907,0.01434751,22.34492257,1
1505430742,21253904,0.01434751,114.27392400,1
1505430740,21253899,0.01434751,9.62460800,1
1505430740,21253897,0.01434751,151.26771127,1
1505430739,21253895,0.01434751,51.38242100,1
1505430738,21253894,0.01434751,9.42460800,1
1505430737,21253892,0.01434751,58.27966200,1
1505430736,21253889,0.01434751,9.80830700,1
1505430735,21253888,0.01434751,46.94902900,1
1505430733,21253886,0.01434751,244.63352300,1
1505430733,21253884,0.01434751,24.21677500,1
1505430732,21253882,0.01434751,0.99800000,1
1505430731,21253879,0.01434751,9.15479500,1
1505430730,21253875,0.01434751,12.60000000,1
1505430728,21253865,0.01434751,5.95583100,1
1505430727,21253862,0.01434751,75.69712500,1
1505430727,21253860,0.01434751,1.49100000,1
1505430726,21253857,0.01434751,45.74907497,1
1505430725,21253855,0.01434751,10.00000000,1
1505430723,21253850,0.01434751,30.22868700,1
1505430722,21253847,0.01434751,2.86000000,1
1505430721,21253846,0.01434751,177.70000000,1
1505430721,21253845,0.01434751,39.47588900,1
1505430720,21253843,0.01434751,24.21516800,1
1505430719,21253840,0.01434751,1.69300000,1
1505430719,21253839,0.01434751,14.06831300,1
1505430718,21253838,0.01434751,7.05200000,1
1505430717,21253836,0.01434751,8.68000000,1
1505430716,21253834,0.01434751,10.22070300,1
1505430714,21253827,0.01434751,45.57000000,1
1505430713,21253823,0.01434751,33.95872300,1
1505430710,21253819,0.01434751,17.48406700,1
1505430710,21253818,0.01434751,55.73460000,1
1505430709,21253815,0.01434751,17.42800000,1
1505430708,21253813,0.01434751,2.00000000,1
1505430708,21253812,0.01434751,105.29218000,1
1505430707,21253810,0.01434751,12.44800000,1
1505430706,21253807,0.01434751,80.60693900,1
1505430706,21253805,0.01434751,0.99800000,1
1505430706,21253804,0.01434751,2.00000000,1
1505430704,21253798,0.01434751,31.34711180,1
1505430704,21253794,0.01434751,1.63900000,1
1505430703,21253791,0.01434751,2.00000000,1
1505430702,21253783,0.01434751,12.57583500,1
1505430701,21253782,0.01434751,2.00000000,1
1505430701,21253780,0.01434751,60.94535000,1
1505430699,21253778,0.01434751,7.92000000,1
1505430699,21253777,0.01434751,0.81000000,1
1505430698,21253776,0.01434751,3.65000000,1
1505430696,21253770,0.01434751,27.83330000,1
1505430695,21253768,0.01434751,9.70321600,1
1505430694,21253765,0.01434751,0.81000000,1
1505430693,21253763,0.01434751,1.94884992,1
1505430692,21253759,0.01434751,2.00000000,1
1505430691,21253755,0.01434751,36.13459600,1
1505430690,21253746,0.01434751,2.00000000,1
1505430689,21253740,0.01434751,8.62069300,1
1505430689,21253738,0.01434751,264.34800000,1
1505430688,21253734,0.01434751,2.00000000,1
1505430688,21253732,0.01434751,10.53293800,1
1505430687,21253729,0.01434751,0.81000000,1
1505430686,21253728,0.01434751,10.91030000,1
1505430685,21253724,0.01434751,0.81000000,1
1505430683,21253723,0.01434751,3.78960900,1
1505430683,21253722,0.01434751,2.00000000,1
1505430681,21253720,0.01434751,2.00000000,1
1505430679,21253711,0.01434751,2.00000000,1
1505430678,21253707,0.01434751,2.00000000,1
1505430678,21253705,0.01434751,48.65800000,1
1505430676,21253703,0.01434751,1.31733300,1
1505430676,21253702,0.01434751,110.71949800,1
1505430676,21253701,0.01434751,192.91546600,1
1505430675,21253700,0.01434751,9.00000000,1
1505430675,21253699,0.01434751,2.00000000,1
1505430674,21253695,0.01434751,160.73091800,1
1505430674,21253694,0.01434751,5.33234500,1
1505430674,21253693,0.01434751,155.33013100,1
1505430673,21253691,0.01434751,7.27727700,1
1505430673,21253687,0.01434751,0.91000000,1
1505430672,21253686,0.01434751,184.56522600,1
1505430670,21253681,0.01434751,5.33234500,1
1505430670,21253680,0.01434751,73.81500000,1
1505430670,21253679,0.01434751,2.00000000,1
1505430669,21253678,0.01434751,9.40495800,1
1505430669,21253677,0.01434751,6.77545700,1
1505430669,21253676,0.01434751,29.93549700,1
1505430667,21253668,0.01434751,6.77545700,1
1505430664,21253663,0.01434751,11.20000000,1
1505430664,21253659,0.01434751,71.54245860,1
1505430663,21253652,0.01434751,20.43629400,1
1505430661,21253645,0.01434751,20.31051700,1
1505430660,21253638,0.01434751,9.00000000,1
1505430659,21253630,0.01434751,0.87849998,1
1505430659,21253629,0.01434751,1.54800000,1
1505430657,21253625,0.01434751,1.54230000,1
1505430655,21253620,0.01434751,1.54230000,1
1505430653,21253615,0.01434751,1.26770000,1
1505430651,21253611,0.01434751,1.26770000,1
1505430649,21253603,0.01434751,258.10042700,1
1505430649,21253602,0.01434751,95.74162300,1
1505430648,21253600,0.01434751,13.40655300,1
1505430648,21253598,0.01434751,1.84790400,1
1505430648,21253595,0.01434751,80.08257900,1
1505430648,21253594,0.01434751,9.61981600,1
1505430648,21253592,0.01434751,9.37109500,1
1505430647,21253591,0.01434751,14.90758300,1
1505430647,21253590,0.01434751,14.55304800,1
1505430647,21253589,0.01434751,9.61981800,1
1505430646,21253586,0.01434751,2.00000000,1
1505430646,21253584,0.01434751,77.52981000,1
1505430645,21253582,0.01434751,2.00000000,1
1505430643,21253577,0.01434751,2.00000000,1
1505430641,21253571,0.01434751,2.00000000,1
1505430635,21253568,0.01434751,77.69229644,1
1505430635,21253566,0.01434751,4.16861000,1
1505430634,21253562,0.01434751,7.08197000,1
1505430634,21253560,0.01434751,2.70000000,1
1505430633,21253555,0.01434751,5.30732057,1
1505430631,21253553,0.01434751,85.41700000,1
1505430629,21253552,0.01434751,3.29756000,1
1505430626,21253551,0.01434751,174.01500000,1
1505430623,21253541,0.01434751,51.33280000,1
1505430621,21253535,0.01434751,10.55380000,1
1505430621,21253533,0.01434751,80.99960414,1
1505430620,21253528,0.01434751,2.00000000,1
1505430619,21253527,0.01434751,60.05040000,1
1505430619,21253523,0.01434751,5.45751715,1
1505430617,21253514,0.01434751,41.13600000,1
1505430615,21253503,0.01434751,2.00000000,1
1505430614,21253500,0.01434751,23.01310000,1
1505430610,21253486,0.01434751,2.00000000,1
1505430609,21253483,0.01434751,60.23340000,1
1505430605,21253467,0.01434751,79.99959575,1
1505430605,21253464,0.01434751,2.00000000,1
1505430603,21253461,0.01434751,4.30194000,1
1505430602,21253460,0.01434751,8.08826000,1
1505430600,21253459,0.01434751,2.00000000,1
1505430599,21253458,0.01434751,32.99959366,1
1505430598,21253454,0.01434751,9.76729806,1
1505430598,21253452,0.01434751,0.38723071,1
1505430595,21253446,0.01434751,2.00000000,1
1505430594,21253445,0.01434751,5.71714000,1
1505430590,21253438,0.01434751,2.00000000,1
1505430589,21253437,0.01434751,37.79910000,1
1505430587,21253434,0.01434751,9.76692123,1
1505430586,21253433,0.01434751,2.00000000,1
1505430585,21253426,0.01434751,88.99962433,1
1505430582,21253415,0.01434751,2.31129000,1
1505430581,21253410,0.01434751,30.04150000,1
1505430581,21253409,0.01434751,2.00000000,1
1505430578,21253374,0.01434751,5.74926000,1
1505430577,21253370,0.01434751,2.00000000,1
1505430576,21253367,0.01434751,5.16433297,1
1505430575,21253361,0.01434751,97.22810000,1
1505430573,21253357,0.01434751,2.00000000,1
1505430573,21253355,0.01434751,18.03905035,1
1505430572,21253354,0.01434751,0.48388000,1
1505430569,21253351,0.01434751,2.00000000,1
1505430565,21253340,0.01434751,2.00000000,1
1505430562,21253329,0.01434751,31.34711180,1
1505430561,21253325,0.01434751,32.94570000,1
1505430560,21253323,0.01434751,2.00000000,1
1505430559,21253321,0.01434751,8.20243000,1
1505430557,21253317,0.01434751,8.83389000,1
1505430556,21253314,0.01434751,25.81026256,1
1505430553,21253305,0.01434751,5.54099318,1
1505430550,21253299,0.01434751,17.53100000,1
1505430544,21253292,0.01434751,4.37562000,1
1505430540,21253288,0.01434751,2.00000000,1
1505430539,21253285,0.01434751,151.00900000,1
1505430537,21253282,0.01434751,2.18999674,1
1505430537,21253281,0.01434751,2.00000000,1
1505430535,21253279,0.01434751,2.00000000,1
1505430535,21253278,0.01434751,26.80855425,1
1505430534,21253275,0.01434751,2.45344000,1
1505430533,21253272,0.01434751,26.95631508,1
1505430533,21253271,0.01434751,2.00000000,1
1505430531,21253269,0.01434751,21.34320000,1
1505430531,21253266,0.01434751,2.00000000,1
1505430530,21253264,0.01434751,2.55831000,1
1505430530,21253263,0.01434751,50.00000000,1
1505430529,21253262,0.01434751,7.29000000,1
1505430528,21253259,0.01434751,2.00000000,1
1505430527,21253237,0.01434751,9.07328171,1
1505430525,21253218,0.01434751,35.76223332,1
1505430522,21253208,0.01434751,17.88261518,1
1505430521,21253203,0.01434751,7.68932000,1
1505430518,21253188,0.01434751,50.00000000,1
1505430517,21253186,0.01434751,19.78860000,1
1505430516,21253180,0.01434751,33.96002958,1
1505430515,21253175,0.01434751,16.07958455,1
1505430512,21253168,0.01434751,18.30071300,1
1505430511,21253162,0.01434751,142.07921794,1
1505430510,21253156,0.01434751,2.00000000,1
1505430509,21253154,0.01434751,9.01649500,1
1505430508,21253150,0.01434751,108.89924455,1
1505430505,21253139,0.01434751,2.00000000,1
1505430504,21253137,0.01434751,131.13421375,1
1505430503,21253132,0.01434751,2.00000000,1
1505430503,21253130,0.01434751,47.43046006,1
1505430501,21253121,0.01434751,2.00000000,1
1505430500,21253120,0.01434751,36.04990000,1
1505430500,21253118,0.01434751,1.45003700,1
1505430499,21253116,0.01434751,2.00000000,1
1505430498,21253110,0.01434751,106.07917333,1
1505430497,21253104,0.01434751,2.00000000,1
1505430494,21253102,0.01434751,31.99962921,1
1505430493,21253099,0.01434751,31.34711180,1
1505430492,21253097,0.01434751,283.56858770,1
1505430488,21253089,0.01434751,16.08000000,1
1505430485,21253085,0.01434751,13.70000000,1
1505430485,21253079,0.01434751,16.08040700,1
1505430482,21253073,0.01434751,32.68964441,1
1505430480,21253070,0.01434751,16.08000274,1
1505430478,21253065,0.01434751,4.73857681,1
1505430475,21253061,0.01434751,16.07958455,1
1505430464,21253027,0.01434751,16.07958455,1
1505430460,21253016,0.01434751,2.39176600,1
1505430459,21253012,0.01434751,5.89059000,1
1505430456,21253001,0.01434751,2.00000000,1
1505430455,21253000,0.01434751,7.97521200,1
1505430453,21252998,0.01434751,4.90000000,1
1505430448,21252980,0.01434751,7.01020000,1
1505430446,21252972,0.01434751,17.92957000,1
1505430430,21252950,0.01434751,17.21985900,1
1505430423,21252948,0.01434751,4.99977400,1
1505430414,21252944,0.01434751,10.15076000,1
1505430412,21252942,0.01434751,111.03600000,1
1505430411,21252941,0.01434751,9.44700000,1
1505430408,21252937,0.01434751,2.00000000,1
1505430407,21252936,0.01434751,11.39855100,1
1505430403,21252935,0.01434751,20.98000000,1
1505430400,21252934,0.01434751,10.00000000,1
1505430399,21252933,0.01434751,37.40757500,1
1505430390,21252931,0.01434751,8.14868800,1
1505430375,21252921,0.01434751,18.92811300,1
1505430364,21252913,0.01434751,158.50799900,1
1505430359,21252906,0.01434751,201.11618600,1
1505430355,21252901,0.01434751,6.20571800,1
1505430353,21252896,0.01434751,33.67402400,1
1505430344,21252887,0.01434751,86.34894700,1
1505430302,21252857,0.01434861,6.39908675,1
1505430174,21252684,0.01441751,0.46919200,0
1505430083,21252623,0.01440809,6.39950000,0
1505430083,21252621,0.01437484,1.34050000,0
1505429583,21252051,0.01421003,10.97800000,1
1505429583,21252050,0.01421003,39.02200000,1
1505429576,21252038,0.01421001,44.11035312,1
1505429576,21252037,0.01421002,5.88964688,1
1505429576,21252036,0.01429535,1.00000000,0
1505429569,21252029,0.01421000,34.85000635,1
1505429569,21252028,0.01425018,1.45178191,1
1505429569,21252027,0.01425019,13.69821174,1
1505429536,21252012,0.01427113,2.00000000,0
1505429516,21251972,0.01429534,5.60306373,0
1505429514,21251967,0.01429535,1.00000000,0
1505429462,21251875,0.01424833,13.70000000,0
1505429213,21251462,0.01415314,50.00000000,1
1505429206,21251453,0.01415314,47.73000000,1
1505429199,21251449,0.01415314,15.24000000,1
1505429192,21251444,0.01415314,15.24000000,1
1505429184,21251443,0.01415313,34.76100000,1
1505429184,21251442,0.01415314,15.23900000,1
1505429177,21251439,0.01415314,50.00000000,1
1505429169,21251431,0.01415314,50.00000000,1
1505429157,21251424,0.01415314,50.00000000,1
1505429150,21251410,0.01415313,15.58500000,1
1505429150,21251409,0.01415314,24.13000000,1
1505429150,21251408,0.01417323,10.28500000,1
1505429142,21251382,0.01417323,50.00000000,1
1505429135,21251362,0.01417323,50.00000000,1
1505429127,21251352,0.01417323,50.00000000,1
1505429121,21251338,0.01417321,39.17782461,1
1505429121,21251337,0.01417322,10.82217539,1
1505429113,21251332,0.01417319,50.00000000,1
1505429105,21251326,0.01415313,41.04000000,1
1505429098,21251319,0.01415012,7.96100000,1
1505429098,21251317,0.01415311,1.00000000,1
1505429098,21251316,0.01415312,41.03900000,1
1505429091,21251265,0.01415011,50.00000000,1
1505429089,21251263,0.01415011,2.33745802,1
1505429083,21251260,0.01415011,50.00000000,1
1505429071,21251247,0.01415009,49.00000000,1
1505429071,21251246,0.01421867,1.00000000,1
1505429064,21251236,0.01415009,21.80000000,1
1505429064,21251235,0.01421867,1.00000000,1
1505429057,21251233,0.01415007,46.40000000,1
1505429057,21251232,0.01421868,1.00000000,1
1505429050,21251229,0.01415006,49.00000000,1
1505429050,21251228,0.01421868,1.00000000,1
1505429043,21251226,0.01415004,49.00000000,1
1505429043,21251225,0.01421868,1.00000000,1
1505429036,21251218,0.01415004,31.16000000,1
1505429036,21251217,0.01421867,1.00000000,1
1505429029,21251214,0.01415003,20.38000000,1
1505429022,21251210,0.01415001,49.00000000,1
1505429021,21251208,0.01421913,1.00000000,1
1505429014,21251199,0.01415000,49.00000000,1
1505429014,21251198,0.01421913,1.00000000,1
1505429007,21251188,0.01419001,12.77000000,1
1505429001,21251184,0.01415002,28.69105995,1
1505429001,21251183,0.01418003,7.53594005,1
1505429001,21251182,0.01421913,1.00000000,1
1505429000,21251181,0.01422607,12.77300000,1
1505428993,21251171,0.01422607,50.00000000,1
1505428986,21251166,0.01422607,50.00000000,1
1505428973,21251157,0.01422607,50.00000000,1
1505428966,21251153,0.01422293,49.00000000,1
1505428966,21251152,0.01422606,1.00000000,1
1505428959,21251148,0.01422292,0.04900000,1
1505428959,21251147,0.01422293,15.61200000,1
1505428959,21251146,0.01423220,20.95900000,1
1505428952,21251142,0.01423220,50.00000000,1
1505428945,21251137,0.01423220,50.00000000,1
1505428938,21251124,0.01423220,44.96000000,1
1505428931,21251116,0.01422000,25.03700000,1
1505428931,21251115,0.01423219,1.00000000,1
1505428931,21251114,0.01423220,3.96300000,1
1505428923,21251104,0.01423220,50.00000000,1
1505428916,21251102,0.01423220,21.88000000,1
1505428909,21251100,0.01423220,41.07000000,1
1505428902,21251095,0.01423220,41.00100000,1
1505428902,21251094,0.01423222,0.06900000,1
1505428894,21251089,0.01423222,50.00000000,1
1505428885,21251085,0.01423222,50.00000000,1
1505428878,21251080,0.01423222,50.00000000,1
1505428871,21251078,0.01423222,26.92000000,1
1505428864,21251074,0.01418004,49.00000000,1
1505428864,21251073,0.01423221,1.00000000,1
1505428857,21251069,0.01418004,50.00000000,1
1505428850,21251061,0.01418002,49.00000000,1
1505428850,21251060,0.01423221,1.00000000,1
1505428843,21251055,0.01418002,33.00000000,1
1505428842,21251054,0.01423221,1.00000000,1
1505428835,21251046,0.01418001,34.00000000,1
1505428829,21251039,0.01415002,36.09900000,1
1505428828,21251038,0.01418000,0.00100000,1
1505428828,21251037,0.01423221,1.00000000,1
1505428821,21251034,0.01423222,29.70000000,1
1505428814,21250988,0.01418000,33.99900000,1
1505428814,21250987,0.01419003,3.10100000,1
1505428807,21250976,0.01419003,49.00000000,1
1505428807,21250975,0.01423221,1.00000000,1
1505428794,21250959,0.01419003,49.00000000,1
1505428794,21250958,0.01423221,1.00000000,1
1505428787,21250951,0.01419003,49.00000000,1
1505428787,21250950,0.01423221,1.00000000,1
1505428780,21250940,0.01419002,16.08900000,1
1505428780,21250939,0.01423223,14.90100000,1
1505428773,21250931,0.01419001,49.00000000,1
1505428773,21250930,0.01423221,1.00000000,1
1505428766,21250910,0.01419000,10.38000000,1
1505428766,21250909,0.01423221,1.00000000,1
1505428759,21250891,0.01415001,38.62089437,1
1505428759,21250890,0.01420000,11.37910563,1
1505428751,21250875,0.01420000,0.06900000,1
1505428751,21250874,0.01423079,1.00000000,1
1505428751,21250873,0.01423081,48.93100000,1
1505428744,21250868,0.01423080,42.49095057,1
1505428744,21250867,0.01423081,7.50904943,1
1505428736,21250850,0.01423080,50.00000000,1
1505428729,21250838,0.01423080,14.64000000,1
1505428722,21250830,0.01420003,14.02808080,1
1505428722,21250829,0.01420004,0.61191920,1
1505428715,21250813,0.01420004,44.30000000,1
1505428705,21250788,0.01420000,34.55189437,1
1505428705,21250787,0.01420000,2.10760563,1
1505428705,21250786,0.01420000,11.00000000,1
1505428705,21250784,0.01422964,1.34050000,1
1505428704,21250783,0.01423213,1.00000000,1
1505428704,21250778,0.01425475,11.28653448,1
1505428704,21250777,0.01425475,5.60346552,1
1505428698,21250752,0.01426768,0.97350810,1
1505428697,21250748,0.01425475,50.00000000,1
1505428690,21250732,0.01425475,50.00000000,1
1505428689,21250730,0.01426768,3.05148400,0
1505428685,21250719,0.01426768,0.88594000,0
1505428683,21250717,0.01425475,50.00000000,1
1505428679,21250707,0.01426768,5.82515200,0
1505428676,21250704,0.01424003,17.21000000,1
1505428676,21250703,0.01426000,0.90000000,1
1505428673,21250696,0.01426768,3.93742400,0
1505428669,21250692,0.01424003,15.67495788,1
1505428669,21250690,0.01424004,2.43504212,1
1505428661,21250683,0.01424001,50.00000000,1
1505428654,21250679,0.01424001,45.14131591,1
1505428653,21250678,0.01424002,4.85868409,1
1505428647,21250666,0.01424001,50.00000000,1
1505428639,21250655,0.01426767,45.80532435,1
1505428639,21250654,0.01426768,4.19467565,1
1505428632,21250632,0.01426763,20.39000000,1
1505428625,21250616,0.01426759,50.00000000,1
1505428601,21250555,0.01437336,4.16383454,0
1505428480,21250368,0.01424001,21.18381903,1
1505428480,21250367,0.01431556,8.60499717,1
1505428480,21250366,0.01431559,20.21118380,1
1505428402,21250257,0.01442104,19.82994327,0
1505428149,21249881,0.01430842,33.29000000,1
1505428141,21249865,0.01430841,50.00000000,1
1505428134,21249854,0.01430841,50.00000000,1
1505428127,21249850,0.01430841,50.00000000,1
1505428120,21249848,0.01430841,33.80000000,1
1505428113,21249841,0.01430000,0.62400000,1
1505428113,21249840,0.01430839,33.17600000,1
1505428106,21249829,0.01430838,16.19600000,1
1505428106,21249828,0.01430840,33.80400000,1
1505428093,21249808,0.01430000,23.48000000,1
1505428093,21249807,0.01430835,1.00000000,1
1505428086,21249801,0.01430837,19.36000000,1
1505428079,21249792,0.01430836,19.36000000,1
1505428072,21249791,0.01429003,23.60000000,1
1505428071,21249790,0.01432613,1.00000000,1
1505428064,21249785,0.01429001,50.00000000,1
1505428057,21249780,0.01429001,42.23000000,1
1505428057,21249779,0.01433420,1.00000000,1
1505428050,21249775,0.01431008,34.51000000,1
1505428048,21249773,0.01436698,1.00000000,1
1505428043,21249772,0.01431009,49.00000000,1
1505428043,21249771,0.01436698,1.00000000,1
1505428035,21249765,0.01431007,50.00000000,1
1505428027,21249760,0.01431005,32.04000000,1
1505428020,21249750,0.01431005,21.61000000,1
1505428012,21249744,0.01431002,50.00000000,1
1505428005,21249739,0.01431002,50.00000000,1
1505427998,21249737,0.01431002,49.00000000,1
1505427998,21249736,0.01437741,1.00000000,1
1505427914,21249674,0.01438232,44.90000000,1
1505427904,21249639,0.01438230,50.00000000,1
1505427899,21249634,0.01438230,2.07300000,1
1505427897,21249632,0.01438230,21.43065433,1
1505427897,21249631,0.01438231,0.56934567,1
1505427864,21249567,0.01436001,24.80639365,1
1505427863,21249566,0.01438226,1.00000000,1
1505427863,21249565,0.01441963,5.97360635,1
1505427856,21249558,0.01441963,50.00000000,1
1505427849,21249541,0.01441963,50.00000000,1
1505427842,21249523,0.01441963,30.85739365,1
1505427842,21249522,0.01441964,0.74260635,1
1505427834,21249516,0.01441963,36.96000000,1
1505427827,21249511,0.01441962,48.51789964,1
1505427827,21249510,0.01441962,1.48210036,1
1505427814,21249466,0.01441959,35.78000000,1
1505427807,21249452,0.01441958,31.57268840,1
1505427807,21249451,0.01441959,2.95731160,1
1505427807,21249450,0.01442076,1.00000000,1
1505427800,21249439,0.01441956,50.00000000,1
1505427793,21249428,0.01441954,14.46017713,1
1505427793,21249427,0.01441955,5.90089783,1
1505427793,21249426,0.01441955,20.85892504,1
1505427785,21249418,0.01441954,43.60000000,1
1505427777,21249407,0.01441950,38.22624983,1
1505427777,21249406,0.01441951,11.77375017,1
1505427770,21249404,0.01441948,50.00000000,1
1505427763,21249396,0.01441145,36.64819678,1
1505427763,21249395,0.01441946,5.94100000,1
1505427763,21249393,0.01441947,7.41080322,1
1505427755,21249390,0.01441946,38.32700000,1
1505427755,21249389,0.01444003,11.67300000,1
1505427748,21249386,0.01444003,50.00000000,1
1505427390,21248636,0.01444002,13.69963477,1
1505427257,21248172,0.01444001,46.50000000,1
1505427133,21247775,0.01436003,39.10509694,1
1505427133,21247774,0.01436004,0.82490306,1
1505427126,21247733,0.01436003,42.80000000,1
1505427054,21247512,0.01433562,1.87300000,1
1505427054,21247511,0.01433562,31.11700000,1
1505426916,21247282,0.01432001,47.98481006,1
1505426916,21247281,0.01433630,0.99518994,1
1505426909,21247275,0.01433630,0.00481006,1
1505426908,21247274,0.01437005,48.97518994,1
1505426901,21247261,0.01437005,39.70000000,1
1505426894,21247253,0.01437005,50.00000000,1
1505426888,21247246,0.01437005,10.39481006,1
1505426887,21247244,0.01437006,0.46518994,1
1505426880,21247232,0.01437005,10.86000000,1
1505426873,21247223,0.01437001,39.14023313,1
1505426873,21247222,0.01437003,7.28800000,1
1505426873,21247221,0.01437004,3.57176687,1
1505426866,21247214,0.01437003,15.43000000,1
1505426859,21247206,0.01437001,7.69400000,1
1505426858,21247205,0.01437001,3.86600000,1
1505426851,21247184,0.01437001,11.56000000,1
1505426844,21247179,0.01437000,3.25010391,1
1505426844,21247178,0.01437424,1.00000000,1
1505426844,21247177,0.01439901,7.42133347,1
1505426844,21247176,0.01439901,4.13856262,1
1505426837,21247169,0.01439902,15.81000000,1
1505426830,21247159,0.01437000,49.00000000,1
1505426830,21247158,0.01439896,1.00000000,1
1505426823,21247145,0.01439897,3.50207170,1
1505426823,21247144,0.01439898,8.25792830,1
1505426814,21247125,0.01437000,9.91770255,1
1505426814,21247124,0.01439802,1.00000000,1
1505426814,21247122,0.01443355,11.76229745,1
1505426807,21247111,0.01443366,22.30000000,1
1505426757,21247014,0.01455856,4.66752687,0
1505426691,21246950,0.01446001,5.27819743,0
1505426691,21246949,0.01446533,1.00000000,1
1505426691,21246948,0.01449000,0.90000000,0
1505426689,21246944,0.01449001,1.10123400,1
1505426665,21246927,0.01455977,6.85111235,0
1505426615,21246896,0.01460174,1.36628374,0
1505426433,21246688,0.01463815,15.07451500,0
1505425990,21245918,0.01467089,1.97562800,1
1505425983,21245909,0.01467089,0.19000000,1
1505425965,21245893,0.01467089,1.37437200,1
1505425852,21245780,0.01467227,3.10000000,1
1505425486,21245173,0.01461000,75.32542626,1
1505425485,21245170,0.01461138,10.00000000,1
1505425485,21245169,0.01462161,4.70528789,1
1505425485,21245167,0.01462161,161.52900000,1
1505425485,21245166,0.01462164,7.90984699,1
1505425454,21245065,0.01472939,0.86977804,1
1505425453,21245062,0.01469220,0.00810000,0
1505425333,21244838,0.01461029,5.00000000,1
1505425311,21244786,0.01468933,12.56973000,0
1505424495,21243276,0.01461147,5.00000000,1
1505424495,21243275,0.01461152,3.76517366,1
1505424051,21242297,0.01461147,0.99607046,1
1505424046,21242288,0.01460948,2.91696500,0
1505424045,21242282,0.01461147,4.01800000,1
1505424027,21242249,0.01461147,1.99600000,1
1505424023,21242240,0.01461147,0.99800000,1
1505424021,21242232,0.01461147,1.99600000,1
1505424018,21242223,0.01461147,1.99600000,1
1505424017,21242218,0.01461147,1.99600000,1
1505424015,21242213,0.01466411,0.34011699,0
1505423730,21241696,0.01469074,127.93164809,1
1505423729,21241694,0.01469073,21.10094162,0
1505423611,21241459,0.01471200,11.50000000,1
1505423511,21241210,0.01460012,50.00000000,1
1505423497,21241172,0.01460012,39.83924626,1
1505423497,21241171,0.01460012,10.16075374,1
1505423490,21241160,0.01460011,30.08000000,1
1505423483,21241153,0.01460009,50.00000000,1
1505423431,21241024,0.01464025,50.00000000,1
1505423424,21241015,0.01464025,50.00000000,1
1505423172,21240730,0.01464016,50.00000000,1
1505423165,21240705,0.01464014,44.14660221,1
1505423165,21240704,0.01464015,5.85339779,1
1505423120,21240632,0.01464006,49.99000000,1
1505423113,21240610,0.01464004,50.00000000,1
1505423084,21240516,0.01467001,50.00000000,1
1505423077,21240496,0.01467000,23.18000000,1
1505423077,21240495,0.01467001,26.82000000,1
1505423012,21240374,0.01463600,44.04000000,1
1505423005,21240371,0.01463598,38.40039463,1
1505423005,21240369,0.01463599,11.59960537,1
1505422997,21240362,0.01463598,50.00000000,1
1505422990,21240353,0.01463598,45.00000000,1
1505422983,21240335,0.01463594,0.00449340,1
1505422983,21240333,0.01463597,31.55550660,1
1505422975,21240316,0.01463586,50.00000000,1
1505422969,21240303,0.01474062,2.27978052,1
1505422968,21240301,0.01474062,31.55550660,0
1505422968,21240297,0.01463578,50.00000000,1
1505422955,21240285,0.01463578,50.00000000,1
1505422948,21240269,0.01463578,42.31000000,1
1505422941,21240262,0.01463578,42.31000000,1
1505422934,21240253,0.01463001,41.49200000,1
1505422934,21240252,0.01463003,8.50800000,1
1505422927,21240245,0.01463003,50.00000000,1
1505422919,21240220,0.01463003,50.00000000,1
1505422912,21240211,0.01463003,50.00000000,1
1505422904,21240201,0.01463002,50.00000000,1
1505422897,21240185,0.01463002,50.00000000,1
1505422889,21240173,0.01463002,50.00000000,1
1505422882,21240157,0.01463001,50.00000000,1
1505422864,21240135,0.01460001,50.00000000,1
1505422856,21240131,0.01460000,39.00400000,1
1505422856,21240130,0.01464005,10.99600000,1
1505422849,21240125,0.01464005,50.00000000,1
1505422842,21240123,0.01464005,50.00000000,1
1505422835,21240118,0.01464005,50.00000000,1
1505422825,21240099,0.01464002,50.00000000,1
1505422809,21240076,0.01460001,23.22565442,1
1505422809,21240075,0.01462484,1.85165239,1
1505422809,21240074,0.01465002,24.92269319,1
1505422802,21240071,0.01465002,50.00000000,1
1505422794,21240057,0.01465002,50.00000000,1
1505422784,21240048,0.01465002,49.57830681,1
1505422784,21240047,0.01465003,0.42169319,1
1505422777,21240024,0.01465000,50.00000000,1
1505422770,21240021,0.01468005,50.00000000,1
1505422760,21240016,0.01468005,50.00000000,1
1505422548,21239886,0.01470001,0.30000000,1
1505422376,21239728,0.01457839,27.09800000,1
1505422376,21239727,0.01461001,22.90200000,1
1505422369,21239725,0.01461001,50.00000000,1
1505422356,21239716,0.01461001,50.00000000,1
1505422349,21239712,0.01461001,50.00000000,1
1505422341,21239707,0.01461000,50.00000000,1
1505422335,21239705,0.01460026,45.45150001,1
1505422335,21239704,0.01460027,4.54849999,1
1505422327,21239685,0.01460020,0.00449340,1
1505422327,21239684,0.01460023,31.55550660,1
1505422315,21239664,0.01460004,31.41000000,1
1505422314,21239663,0.01471753,68.82023546,1
1505422314,21239662,0.01471753,30.55550660,0
1505422308,21239658,0.01460002,50.00000000,1
1505422300,21239652,0.01460001,23.51000000,1
1505422293,21239646,0.01457002,50.00000000,1
1505422286,21239643,0.01457002,35.25000000,1
1505422273,21239634,0.01457002,28.82000000,1
1505422239,21239609,0.01457000,40.65794053,1
1505422239,21239608,0.01457001,9.34205947,1
1505421822,21239072,0.01471908,135.53920897,0
1505421806,21239048,0.01459129,2.88424000,1
1505421803,21239041,0.01459129,3.49423900,1
1505421803,21239040,0.01460067,3.62354100,1
1505421801,21239035,0.01460067,6.37645900,1
1505421726,21238847,0.01464002,37.00000000,1
1505421699,21238755,0.01466986,1.00000000,1
1505421673,21238677,0.01472763,1.00000000,0
1505421652,21238646,0.01472798,1.55863833,0
1505421635,21238626,0.01472813,1.00000000,0
1505421626,21238609,0.01472814,1.00000000,1
1505421609,21238575,0.01472814,1.00000000,1
1505421557,21238497,0.01472814,0.44845887,1
1505421556,21238495,0.01472821,0.64037313,1
1505421421,21238272,0.01474071,0.73671726,0
1505421420,21238262,0.01474071,24.26328274,1
1505421239,21237846,0.01488154,23.54789282,0
1505421239,21237845,0.01488154,7.75120472,0
1505421206,21237823,0.01488160,0.65691116,0
1505421118,21237754,0.01485363,0.26768507,0
1505421118,21237753,0.01485363,1.34308884,0
1505421040,21237671,0.01476862,0.10000000,1
1505421040,21237670,0.01478000,0.90000000,1
1505421027,21237616,0.01478003,1.13189690,0
1505420931,21237493,0.01481053,0.73830000,1
1505420865,21237452,0.01481139,2.20931597,1
1505420786,21237381,0.01490565,0.06694106,1
1505420785,21237377,0.01490565,0.60246953,1
1505420624,21237097,0.01483128,25.92873664,0
1505420623,21237096,0.01483128,1.00000000,0
1505420607,21237079,0.01491500,4.88427796,1
1505420606,21237078,0.01491462,681.55999999,0
1505420606,21237077,0.01491461,20.00280376,0
1505420606,21237076,0.01485624,0.93850461,0
1505420606,21237075,0.01485429,135.21200000,0
1505420606,21237074,0.01483180,1.00000000,0
1505420487,21236910,0.01480000,0.67540538,1
1505420274,21236644,0.01488014,0.93850461,0
1505420176,21236520,0.01488112,23.08652736,0
1505420176,21236516,0.01488117,4.15056457,1
1505420175,21236511,0.01488113,4.46980382,0
1505420065,21236399,0.01490520,1.84006521,0
1505419984,21236213,0.01480003,20.35552564,0
1505419925,21235940,0.01486286,1.35200000,1
1505419911,21235880,0.01486286,0.00016680,1
1505419908,21235867,0.01486283,1.00000000,1
1505419801,21235558,0.01486286,1.79850475,0
1505419801,21235557,0.01486142,10.82093726,0
1505419799,21235556,0.01486142,2.91486277,0
1505419798,21235552,0.01486141,5.61218241,0
1505419790,21235534,0.01486086,2.12787148,1
1505419789,21235532,0.01486142,14.88336915,0
1505419786,21235521,0.01486082,15.02429872,0
1505419786,21235518,0.01486083,20.35595517,0
1505419667,21235242,0.01480000,0.34809662,1
1505419661,21235233,0.01480000,6.37125800,1
1505419637,21235209,0.01476000,15.44716333,1
1505419637,21235208,0.01476001,55.35961694,1
1505419637,21235207,0.01476004,0.56204313,1
1505419637,21235205,0.01476007,31.55550660,1
1505419380,21234845,0.01473455,0.56054930,0
1505419380,21234844,0.01473455,1.00000000,1
1505419380,21234843,0.01476961,0.00000021,1
1505419356,21234828,0.01479000,5.21047800,1
1505419350,21234823,0.01479000,7.39476100,1
1505419114,21234514,0.01485372,3.35776560,0
1505419004,21234379,0.01480001,0.60115157,0
1505419003,21234378,0.01480000,3.54855879,0
1505418649,21233386,0.01476961,2.92481500,1
1505418642,21233327,0.01474280,1.89930448,0
1505418641,21233321,0.01479228,0.16055552,1
1505418634,21233289,0.01480026,2.93163700,1
1505418628,21233250,0.01480025,11.57000000,0
1505418519,21232983,0.01479244,40.60480015,0
1505418295,21232639,0.01474637,13.49042240,0
1505418293,21232632,0.01474638,7.88722384,0
1505418285,21232619,0.01474638,7.20236800,0
1505418165,21232510,0.01460061,7.20236800,1
1505418006,21232317,0.01465601,1.00000000,1
1505417999,21232306,0.01466523,0.74839000,0
1505417874,21232069,0.01454717,1.00000000,1
1505417756,21231852,0.01461786,1.00000000,1
1505417739,21231823,0.01466520,1.00000000,0
1505417700,21231767,0.01463876,0.74750449,0
1505417700,21231766,0.01463876,1.00000000,0
1505417695,21231757,0.01463876,1.00000000,0
1505417688,21231750,0.01463876,1.00000000,0
1505417684,21231744,0.01463876,1.36282034,0
1505417683,21231741,0.01463876,32.98420297,0
1505417681,21231740,0.01463876,3.00000000,0
1505417674,21231734,0.01463876,0.74870000,0
1505417663,21231716,0.01463876,9.51274300,0
1505417660,21231707,0.01463876,0.74870000,0
1505417660,21231706,0.01463000,3.60000000,1
1505417655,21231689,0.01463876,0.74870000,0
1505417652,21231676,0.01463876,31.89279400,0
1505417645,21231659,0.01463876,0.74870000,0
1505417635,21231631,0.01463876,177.70000000,0
1505417634,21231630,0.01463873,8.09745258,0
1505417632,21231625,0.01463876,1.00000000,0
1505417626,21231601,0.01463876,35.87374000,0
1505417624,21231593,0.01463876,9.08589400,0
1505417620,21231569,0.01463876,10.00023000,0
1505417619,21231560,0.01463876,177.70000000,0
1505417611,21231522,0.01463873,0.67986359,0
1505417608,21231514,0.01463876,177.70000000,0
1505417605,21231503,0.01463876,0.17231861,0
1505417602,21231477,0.01463876,1.08323400,0
1505417597,21231459,0.01463881,8.81227294,0
1505417596,21231456,0.01463878,3.38371000,0
1505417594,21231446,0.01463883,12.16102617,1
1505417593,21231445,0.01463880,19.39448043,1
1505417593,21231444,0.01463880,19.80539990,0
1505417593,21231443,0.01463879,38.24891910,0
1505417593,21231442,0.01463879,2.42989800,0
1505417593,21231441,0.01463879,3.38371000,0
1505417593,21231439,0.01463879,5.57010200,0
1505417592,21231437,0.01463879,1.89763700,0
1505417589,21231424,0.01466000,0.90000000,1
1505417589,21231423,0.01466523,0.62622477,1
1505417583,21231407,0.01466523,4.28003903,1
1505417572,21231395,0.01470000,111.06773486,1
1505417570,21231388,0.01463881,15.76402200,1
1505417569,21231384,0.01463881,20.62913600,1
1505417561,21231342,0.01466528,4.68731000,1
1505417556,21231298,0.01466527,1.09269000,0
1505417546,21231260,0.01466526,5.78855386,1
1505417546,21231259,0.01466527,7.95144614,1
1505417545,21231257,0.01466527,2.57381300,1
1505417543,21231248,0.01466527,1.05118700,1
1505417474,21231017,0.01470000,1.74911663,1
1505417459,21230982,0.01470000,2.37666911,0
1505417455,21230971,0.01470000,7.19049400,0
1505417454,21230969,0.01459522,26.15330587,1
1505417454,21230966,0.01459523,46.80296586,1
1505417453,21230964,0.01459522,0.16735009,1
1505417453,21230963,0.01465000,100.00000000,1
1505417453,21230962,0.01465709,1.00000000,1
1505417453,21230960,0.01466524,1.07410991,1
1505417448,21230924,0.01466527,1.07410991,1
1505417443,21230908,0.01470000,11.00000000,1
1505417443,21230906,0.01470000,0.76062906,1
1505417442,21230902,0.01470000,31.49365700,1
1505417436,21230880,0.01470000,11.95297748,1
1505417431,21230860,0.01470000,2.21403800,1
1505417424,21230808,0.01470000,33.77236100,1
1505417421,21230783,0.01470000,19.80633746,1
1505417413,21230742,0.01471576,10.00000000,0
1505417399,21230625,0.01471576,11.75120728,1
1505417380,21230484,0.01471576,6.06550748,1
1505417377,21230460,0.01471576,1.39349262,1
1505417375,21230452,0.01474004,1.00000000,1
1505417364,21230424,0.01474006,0.15455106,0
1505417363,21230423,0.01474006,0.74544894,0
1505417339,21230372,0.01471576,3.81672800,1
1505417337,21230367,0.01474006,5.61480406,1
1505417321,21230330,0.01474006,27.36801200,1
1505417315,21230305,0.01474006,6.51028200,1
1505417311,21230298,0.01474006,7.98150300,1
1505417305,21230267,0.01474006,6.00725400,1
1505417305,21230265,0.01474007,1.68271038,0
1505417305,21230263,0.01474006,14.01803653,1
1505417305,21230262,0.01474007,4.61336247,1
1505417289,21230201,0.01482977,1.47450702,0
1505417283,21230179,0.01474006,5.02611800,1
1505417274,21230116,0.01474006,17.22357598,1
1505417274,21230112,0.01474007,0.77743902,1
1505417272,21230090,0.01474007,2.84801400,1
1505417247,21229944,0.01474009,3.05105874,1
1505417244,21229912,0.01474008,2.75771000,1
1505417181,21229534,0.01474006,3.21037254,1
1505417176,21229503,0.01474006,3.56378897,1
1505417164,21229429,0.01474006,3.47625292,1
1505417135,21229334,0.01480000,5.75547297,0
1505417130,21229300,0.01480000,7.68260810,0
1505417130,21229299,0.01479999,0.99800000,0
1505417130,21229292,0.01480000,7.43243243,0
1505417129,21229281,0.01479999,4.53105868,1
1505417129,21229279,0.01479999,22.74566917,1
1505417128,21229273,0.01479999,3.33600467,1
1505417125,21229250,0.01480000,28.82250000,0
1505417116,21229200,0.01480000,24.38200000,0
1505417101,21229087,0.01480000,61.23607408,1
1505417101,21229086,0.01480001,6.87461429,1
1505417101,21229085,0.01480002,0.89000000,1
1505417094,21229030,0.01480000,5.96065965,1
1505417077,21228917,0.01480000,0.41488600,1
1505417058,21228838,0.01480000,0.76653200,1
1505417039,21228792,0.01480000,25.40000000,1
1505417033,21228770,0.01480000,6.21969487,1
1505417033,21228769,0.01480001,25.40030513,1
1505417025,21228746,0.01480001,30.41000000,1
1505417018,21228736,0.01480000,0.00215340,1
1505417018,21228735,0.01480015,30.40784660,1
1505417011,21228719,0.01488965,44.52568943,0
1505417011,21228717,0.01488965,55.47431057,0
1505416977,21228576,0.01480007,1.14766000,1
1505416898,21228253,0.01489342,68.44449340,0
1505416898,21228252,0.01489339,31.55550660,0
1505416577,21227534,0.01481044,1.07410991,0
1505416519,21227379,0.01470002,0.21721487,1
1505416467,21227234,0.01473406,50.00000000,1
1505416433,21227105,0.01473405,2.36741339,1
1505416432,21227093,0.01473405,14.23347300,1
1505416124,21226241,0.01471238,0.29708336,1
1505416100,21226216,0.01471235,3.01155152,1
1505416077,21226187,0.01471235,3.75596013,1
1505416060,21226166,0.01471234,50.00000000,1
1505415961,21225993,0.01481041,2.19818965,0
1505415611,21225311,0.01461001,26.51586112,1
1505415611,21225310,0.01464596,1.00000000,1
1505415610,21225309,0.01470000,22.48413888,1
1505415604,21225304,0.01470000,44.41586112,1
1505415604,21225302,0.01470001,1.35914057,1
1505415604,21225300,0.01470783,3.35214985,1
1505415603,21225299,0.01473000,0.87284846,1
1505415476,21224893,0.01479060,1.35081580,0
1505415476,21224892,0.01473079,0.96983163,0
1505415423,21224638,0.01470003,33.10000000,1
1505415415,21224622,0.01470000,33.10000000,1
1505415376,21224516,0.01468013,50.00000000,1
1505415369,21224484,0.01468011,50.00000000,1
1505415361,21224430,0.01468008,43.13335205,1
1505415361,21224428,0.01468009,6.86664795,1
1505415353,21224395,0.01468004,41.53796600,1
1505415353,21224393,0.01468007,8.46203400,1
1505415316,21224195,0.01473078,11.25656900,0
1505415315,21224183,0.01473078,24.51739246,0
1505415315,21224182,0.01473046,0.67427254,0
1505415299,21224132,0.01473047,8.46203400,0
1505415274,21224045,0.01459737,21.43000000,1
1505415267,21224015,0.01459737,13.01913019,1
1505415267,21224014,0.01459740,8.41086981,1
1505415264,21224004,0.01470000,9.33035910,1
1505415259,21223992,0.01470000,50.00000000,1
1505415256,21223978,0.01473077,5.04968986,0
1505415252,21223973,0.01470000,41.34391344,1
1505415252,21223972,0.01473067,6.25961008,1
1505415252,21223971,0.01473070,2.39647648,1
1505415250,21223967,0.01473070,0.99799900,1
1505415245,21223961,0.01473070,8.41086981,1
1505415244,21223958,0.01470000,49.32572746,1
1505415244,21223957,0.01470001,0.67427254,1
1505415237,21223942,0.01470000,50.00000000,1
1505415236,21223939,0.01470001,48.59933785,1
1505415236,21223938,0.01470007,18.98776815,1
1505415217,21223880,0.01473076,0.81259012,0
1505415106,21223524,0.01473069,1.00000000,0
1505414911,21222961,0.01455175,10.38032857,1
1505414884,21222902,0.01468041,1.86171980,0
1505414884,21222899,0.01468041,9.12091382,0
1505414884,21222898,0.01460000,0.00000046,0
1505414773,21222650,0.01460000,7.86823000,0
1505414759,21222627,0.01460000,177.70000000,0
1505414750,21222601,0.01460000,12.55683300,0
1505414746,21222596,0.01460000,185.56823000,0
1505414728,21222521,0.01460000,3.00267123,0
1505414723,21222490,0.01460000,4.69684931,0
1505414708,21222454,0.01460000,20.98718600,0
1505414515,21222120,0.01465457,42.13575355,0
1505414514,21222119,0.01457986,26.06505697,0
1505414503,21222097,0.01457986,12.26060500,0
1505414404,21221899,0.01449219,3.00000000,1
1505414241,21221627,0.01457986,0.95783361,0
1505414234,21221614,0.01457985,2.64248700,1
1505414231,21221607,0.01457985,1.50000000,1
1505414226,21221599,0.01457985,10.04618500,1
1505414223,21221591,0.01457983,55.91000000,0
1505414019,21221133,0.01457986,26.06505697,1
1505414018,21221132,0.01457983,31.55550660,0
1505414003,21221102,0.01452004,0.89186959,1
1505414003,21221101,0.01452007,7.38505348,1
1505413956,21220983,0.01451303,17.25000000,1
1505413920,21220933,0.01469284,7.38505348,0
1505413915,21220921,0.01457001,8.00000000,1
1505413911,21220903,0.01457001,30.66000000,1
1505413903,21220880,0.01457869,19.34449340,1
1505413903,21220879,0.01457872,30.65550660,1
1505413712,21220351,0.01453693,0.00000040,0
1505413650,21220162,0.01453693,6.73934051,0
1505413650,21220159,0.01453692,0.00000049,0
1505413650,21220156,0.01453692,1.99891400,0
1505413630,21220087,0.01453693,7.00065909,0
1505413630,21220086,0.01451326,0.16000000,0
1505413319,21219228,0.01452523,51.52689900,1
1505413318,21219225,0.01452523,47.07385100,1
1505413318,21219224,0.01452523,3.03856500,1
1505413317,21219223,0.01452523,26.03036815,1
1505413315,21219222,0.01452524,1.00000000,0
1505413314,21219220,0.01452521,65.91100000,0
1505413314,21219217,0.01452520,5.19504034,0
1505413279,21219161,0.01452962,2.43300651,1
1505413277,21219159,0.01452962,1.00000000,0
1505413191,21218935,0.01441306,0.90000000,1
1505413088,21218592,0.01443996,2.10830727,0
1505413085,21218569,0.01444001,23.83695260,0
1505413085,21218567,0.01444001,21.72460505,0
1505413085,21218565,0.01443998,23.83695260,0
1505413082,21218550,0.01444004,23.83695260,0
1505413034,21218254,0.01444061,4.42965745,0
1505413009,21218066,0.01439297,7.71855400,0
1505412867,21217519,0.01422022,0.62417734,0
1505412865,21217512,0.01422047,0.64239866,1
1505412671,21216991,0.01435453,31.55550660,0
1505412671,21216990,0.01435453,1.18693741,0
1505412670,21216988,0.01432853,1.00000000,0
1505412533,21216564,0.01417653,43.34713099,1
1505412532,21216562,0.01417654,50.31635453,1
1505412532,21216561,0.01422000,44.00000000,1
1505412532,21216560,0.01423000,2.41915996,0
1505412531,21216559,0.01423001,102.01400000,0
1505412530,21216555,0.01427305,56.17066836,0
1505412530,21216554,0.01427305,21.28448198,0
1505412530,21216553,0.01427305,36.20904315,1
1505412530,21216552,0.01427305,10.27102462,1
1505412419,21216102,0.01429161,0.89891300,1
1505412370,21215968,0.01437678,1.00000000,0
1505412324,21215780,0.01445020,3.19569763,0
1505412324,21215779,0.01445020,17.28248888,1
1505412323,21215777,0.01445019,1.93642600,1
1505412323,21215775,0.01444400,11.97208749,1
1505412321,21215767,0.01437678,1.00000000,0
1505412298,21215633,0.01437678,0.74050000,0
1505412298,21215631,0.01432570,0.25950000,0
1505412278,21215527,0.01429015,0.76094000,1
1505412269,21215508,0.01444993,3.00996888,0
1505412268,21215507,0.01437677,0.00000276,0
1505412268,21215504,0.01437677,0.99999724,0
1505412268,21215503,0.01435743,0.00000276,0
1505412265,21215493,0.01429008,0.77012000,1
1505412263,21215481,0.01435743,0.99999724,0
1505412263,21215477,0.01435442,0.74578276,0
1505412260,21215455,0.01429011,0.77012000,1
1505412255,21215425,0.01435442,1.25421724,0
1505412255,21215424,0.01429003,0.74557000,0
1505412228,21215292,0.01435285,5.23295308,0
1505412193,21215147,0.01434001,3.45988000,1
1505412191,21215132,0.01434000,0.83239520,1
1505412190,21215130,0.01434000,7.49155680,1
1505412169,21215074,0.01434000,13.67604800,1
1505412142,21214939,0.01427210,10.97957300,1
1505412125,21214877,0.01435293,13.74000000,0
1505411994,21214486,0.01436944,0.58920900,1
1505411898,21214123,0.01433290,1.00000000,0
1505411771,21213597,0.01438493,8.72917282,0
1505411631,21213361,0.01423220,50.47280354,0
1505411520,21213175,0.01422076,8.51340000,1
1505411485,21213090,0.01422073,1.79155142,1
1505411264,21212661,0.01433272,2.25062500,0
1505411261,21212652,0.01433279,56.68916667,0
1505411257,21212646,0.01422018,31.56000000,1
1505411251,21212625,0.01433287,0.00041666,0
1505411250,21212622,0.01433287,13.54812500,0
1505411250,21212620,0.01422012,0.00449340,1
1505411250,21212619,0.01422019,31.55550660,1
1505411245,21212600,0.01433287,146.02645834,0
1505411243,21212584,0.01433288,8.83387000,0
1505411239,21212566,0.01433289,153.22812500,0
1505411152,21212326,0.01433226,21.67800942,0
1505411152,21212325,0.01433223,23.67077966,0
1505411066,21212132,0.01423905,1.00000000,0
1505411053,21212109,0.01429479,6.24337475,0
1505411004,21211959,0.01431267,8.30647306,0
1505411004,21211958,0.01431267,56.01521694,0
1505411004,21211957,0.01425686,1.00000000,0
1505411003,21211955,0.01425686,18.02500000,0
1505411003,21211954,0.01424775,1.00000000,0
1505411002,21211952,0.01424775,4.99000000,0
1505411002,21211951,0.01422827,1.00000000,0
1505410995,21211922,0.01424679,1.64135219,0
1505410852,21211615,0.01410067,33.44437092,1
1505410852,21211614,0.01410071,13.73998940,1
1505410852,21211613,0.01410072,56.01521694,1
1505410852,21211612,0.01410074,31.55550660,1
1505410725,21211257,0.01419997,2.70291904,0
1505410723,21211242,0.01419999,43.62994113,1
1505410722,21211232,0.01419999,1.51126866,0
1505410695,21211130,0.01419999,7.02469650,0
1505410597,21210868,0.01425987,6.47170126,0
1505410597,21210867,0.01422844,13.74000000,0
1505410597,21210866,0.01422843,11.93722874,0
1505410572,21210811,0.01422838,0.64091260,0
1505410572,21210810,0.01422838,13.73999500,0
1505410088,21209721,0.01426499,13.45677200,0
1505409892,21209063,0.01416142,0.20000000,1
1505409773,21208653,0.01416051,9.00000000,1
1505409759,21208617,0.01430260,2.78971935,0
1505409547,21207831,0.01413901,3.83131700,1
1505409541,21207804,0.01413900,7.74000500,1
1505409541,21207801,0.01413900,5.99999500,1
1505409525,21207721,0.01413907,0.75524000,1
1505409522,21207708,0.01413904,0.87365500,1
1505409429,21207364,0.01423249,13.67306700,0
1505409397,21207286,0.01411001,124.69083601,0
1505409396,21207280,0.01411003,68.97516399,0
1505409395,21207278,0.01411003,26.33400000,1
1505409286,21207000,0.01400590,21.14743989,1
1505409217,21206651,0.01400788,3.09052073,1
1505409217,21206646,0.01401852,0.50000000,1
1505409181,21206346,0.01410344,0.00070124,1
1505409180,21206342,0.01410344,3.99929876,1
1505409166,21206292,0.01410000,10.00000000,1
1505409055,21205625,0.01420000,6.32302816,1
1505409042,21205564,0.01420000,3.67697184,1
1505409026,21205472,0.01421000,5.00000000,1
1505409017,21205432,0.01421004,73.44285200,1
1505408761,21204321,0.01427034,9.78339000,1
1505408469,21203913,0.01430011,2.10000000,1
1505408469,21203908,0.01430011,0.54111483,1
1505408192,21203483,0.01427123,0.76009590,1
1505408192,21203481,0.01430000,10.00000000,1
1505408192,21203479,0.01430002,4.14990410,1
1505408189,21203449,0.01435000,14.91259859,1
1505408175,21203410,0.01435000,1.39372823,1
1505408171,21203405,0.01435000,4.38462300,1
1505408169,21203402,0.01435000,24.49197700,1
1505408169,21203400,0.01435001,28.97687625,1
1505408169,21203399,0.01435008,31.55550075,1
1505407880,21202758,0.01445000,0.69376109,1
1505407880,21202757,0.01445000,8.30623891,1
1505407880,21202756,0.01445031,0.69376109,1
1505407875,21202748,0.01445033,5.45227600,1
1505407849,21202699,0.01445033,1.94805000,1
1505407844,21202692,0.01445033,2.59967400,1
1505407702,21202231,0.01453939,21.58348300,0
1505407702,21202227,0.01452000,6.20000000,0
1505407668,21202003,0.01453895,28.68506698,1
1505407667,21202000,0.01453895,21.49093302,0
1505407666,21201999,0.01453895,89.82400000,0
1505407504,21201668,0.01453946,0.13721349,0
1505407448,21201491,0.01454994,9.97201775,1
1505407238,21201319,0.01445030,1.23376720,1
1505407238,21201318,0.01445031,1.29222564,1
1505406446,21200528,0.01450785,0.60000000,1
1505406445,21200526,0.01450788,8.10000000,1
1505406105,21199853,0.01457046,0.27373603,1
1505406038,21199780,0.01457046,0.13784453,1
1505405328,21199137,0.01466832,1.90000000,0
1505404775,21198360,0.01462029,5.49338800,1
1505404774,21198359,0.01467997,6.20000000,0
1505404453,21197916,0.01468023,4.48218837,0
1505404453,21197913,0.01458228,0.00023153,0
1505404246,21197436,0.01458228,1.99976847,0
1505404242,21197420,0.01459974,1.87262393,1
1505404242,21197418,0.01459974,2.00000000,1
1505404238,21197410,0.01459974,2.00000000,1
1505404233,21197399,0.01459976,1.07086400,1
1505404232,21197398,0.01459976,5.97229400,1
1505404231,21197396,0.01459976,0.54718996,1
1505404231,21197395,0.01459977,1.07086421,1
1505404231,21197393,0.01459977,5.97229383,1
1505404204,21197357,0.01459975,0.32486693,1
1505404188,21197336,0.01459975,0.49694586,1
1505404185,21197326,0.01459977,5.17931200,1
1505404185,21197324,0.01459977,27.55790100,1
1505404184,21197320,0.01459977,2.00000000,1
1505404183,21197313,0.01459977,1.99760000,1
1505404180,21197295,0.01459977,11.84731800,1
1505404164,21197284,0.01461982,4.33719000,1
1505404146,21197188,0.01461982,131.42987900,0
1505404146,21197185,0.01461982,34.36412100,0
1505404146,21197182,0.01460000,0.30700000,0
1505404145,21197180,0.01459977,13.74000000,0
1505403903,21196815,0.01455896,24.45139500,0
1505403710,21196415,0.01446698,18.31401700,1
1505403710,21196414,0.01446720,3.34302300,1
1505403660,21196315,0.01447005,35.97817660,1
1505403411,21195686,0.01446515,1.65697700,1
1505403367,21195617,0.01456948,5.00000000,0
1505403349,21195595,0.01446454,124.44449340,1
1505403349,21195594,0.01446457,24.81556860,1
1505403205,21195189,0.01446272,6.73993800,1
1505403099,21194867,0.01446117,40.52041702,1
1505403099,21194866,0.01453988,0.00065998,1
1505402863,21194442,0.01453988,15.31579148,1
1505402725,21194295,0.01451740,4.98496300,1
1505402719,21194289,0.01453598,6.85812000,1
1505402719,21194288,0.01453598,1.38249091,1
1505402705,21194268,0.01453598,2.83849111,1
1505402704,21194267,0.01453593,1.38188000,0
1505402704,21194266,0.01453590,7.27713798,0
1505402332,21193859,0.01443102,1.00000000,1
1505402323,21193846,0.01443105,1.21453394,1
1505402051,21193473,0.01448294,1.00000000,1
1505402042,21193470,0.01448433,1.00000000,1
1505401999,21193430,0.01448439,6.06260404,1
1505401979,21193353,0.01455979,2.39349262,0
1505401964,21193334,0.01455984,6.70542252,0
1505401964,21193333,0.01455981,31.55550660,0
1505401938,21193284,0.01453000,60.99976089,0
1505401904,21193207,0.01444001,40.00000000,1
1505401904,21193206,0.01449000,7.00000000,1
1505401904,21193205,0.01450000,2.00000000,1
1505401903,21193204,0.01453469,1.00000000,1
1505401894,21193199,0.01451740,49.00000000,1
1505401894,21193198,0.01453609,1.00000000,1
1505401885,21193189,0.01451738,43.35245365,1
1505401885,21193188,0.01452356,6.64754635,1
1505401876,21193181,0.01451736,50.00000000,1
1505401866,21193169,0.01451001,49.00000000,1
1505401866,21193168,0.01455846,1.00000000,1
1505401853,21193155,0.01457010,41.07600000,1
1505401853,21193154,0.01457012,8.92400000,1
1505401844,21193145,0.01457012,30.19000000,1
1505401835,21193139,0.01457009,30.19000000,1
1505401813,21193111,0.01457008,21.84639212,1
1505401813,21193110,0.01458934,0.00360788,1
1505401803,21193096,0.01458934,20.51000000,1
1505401689,21193006,0.01457004,50.00000000,1
1505401678,21192985,0.01457002,46.39341596,1
1505401678,21192984,0.01458494,0.97258404,1
1505401678,21192983,0.01458511,2.63400000,1
1505401668,21192967,0.01458511,6.23000000,1
1505401668,21192965,0.01458511,50.00000000,1
1505401654,21192937,0.01458511,50.00000000,1
1505401645,21192921,0.01458511,50.00000000,1
1505401636,21192893,0.01458511,50.00000000,1
1505401627,21192879,0.01458507,50.00000000,1
1505401613,21192853,0.01458504,38.35988164,1
1505401613,21192852,0.01458505,11.64011836,1
1505401598,21192817,0.01458500,50.00000000,1
1505401588,21192806,0.01458496,11.70000000,1
1505401567,21192762,0.01461017,50.00000000,1
1505401558,21192736,0.01461015,49.55809384,1
1505401558,21192735,0.01461016,0.44190616,1
1505401550,21192718,0.01461012,0.00157902,1
1505401550,21192717,0.01461015,10.48842098,1
1505401439,21192458,0.01458994,10.49000000,1
1505401050,21191972,0.01456822,1.00000000,1
1505401049,21191968,0.01457095,7.16562500,1
1505401047,21191963,0.01458043,10.00000000,1
1505401047,21191961,0.01458084,4.46818433,1
1505400989,21191826,0.01466997,0.90000000,0
1505400967,21191764,0.01458044,4.89375941,0
1505400966,21191760,0.01458044,2.25193630,1
1505400961,21191748,0.01462723,1.00000000,1
1505400960,21191737,0.01464400,20.00000000,1
1505400960,21191736,0.01464406,12.39240544,1
1505400960,21191734,0.01464407,34.75240625,1
1505400959,21191733,0.01464664,8.87536379,1
1505400958,21191731,0.01464667,14.13254900,1
1505400958,21191730,0.01469000,0.48510505,1
1505400912,21191669,0.01469010,0.48510495,1
1505400912,21191668,0.01473000,0.58410505,1
1505400890,21191636,0.01473631,19.13740413,1
1505400889,21191634,0.01469983,14.87999500,0
1505400884,21191625,0.01469000,0.41489495,1
1505400884,21191624,0.01469001,0.58410505,1
1505400855,21191568,0.01469983,0.71000000,0
1505400837,21191534,0.01464329,2.39213692,1
1505400830,21191529,0.01469980,12.88000000,0
1505400830,21191528,0.01469979,0.96770633,0
1505400823,21191523,0.01464322,4.95729475,1
1505400302,21190599,0.01467992,12.00763224,0
1505400302,21190597,0.01467984,4.05000893,0
1505400185,21190335,0.01467981,61.62289900,0
1505400185,21190328,0.01467981,1.46765352,0
1505400185,21190324,0.01467978,4.26929570,0
1505400154,21190250,0.01465002,0.52605184,1
1505400153,21190249,0.01461347,0.09554250,0
1505400056,21190019,0.01461347,0.61569657,0
1505400056,21190014,0.01461347,1.03885239,0
1505400006,21189737,0.01450049,5.97335487,1
1505400006,21189736,0.01452853,5.07867893,1
1505400005,21189732,0.01452853,1.74796620,1
1505399995,21189651,0.01458434,0.00000175,1
1505399994,21189649,0.01458434,3.04623000,1
1505399912,21189389,0.01459327,24.70955378,1
1505399912,21189388,0.01459327,20.49300000,0
1505399891,21189316,0.01459334,2.05060528,0
1505399868,21189192,0.01448375,0.90000000,1
1505399857,21189134,0.01448375,1.00000000,1
1505399844,21189076,0.01448375,1.00000000,0
1505399837,21189043,0.01448375,1.00000000,1
1505399824,21188980,0.01448375,1.00000000,1
1505399787,21188864,0.01448333,1.00000000,1
1505399761,21188776,0.01451075,3.42058400,0
1505399486,21188300,0.01456446,6.49068000,0
1505399485,21188298,0.01456446,3.50932000,0
1505399450,21188226,0.01453935,16.73631382,1
1505399450,21188221,0.01453935,21.49093300,0
1505399449,21188220,0.01453935,2.65353500,0
1505399449,21188219,0.01453935,13.26767700,0
1505399447,21188216,0.01453936,2.65353500,0
1505399447,21188215,0.01453936,2.10108420,0
1505399447,21188213,0.01453935,11.16659380,0
1505399039,21187658,0.01447691,1.00000000,0
1505399023,21187635,0.01447691,1.00000000,0
1505399014,21187623,0.01447691,1.00000000,0
1505399013,21187622,0.01444000,11.54872100,1
1505398990,21187606,0.01447691,1.00000000,0
1505398820,21187348,0.01445345,1.00970702,0
1505398786,21187274,0.01435823,35.07357941,1
1505398786,21187272,0.01435823,6.93471406,1
1505398782,21187260,0.01435824,12.05994537,0
1505398751,21187200,0.01442026,6.49068000,1
1505398751,21187199,0.01442100,22.95921600,1
1505398751,21187197,0.01442101,12.88000000,1
1505398719,21187127,0.01442100,2.04078400,1
1505398714,21187119,0.01442223,2.11045000,1
1505398711,21187117,0.01442224,3.67909284,0
1505398710,21187116,0.01442224,43.38812365,1
1505398710,21187114,0.01442226,29.55550135,1
1505398553,21186646,0.01456445,69.23986117,0
1505398553,21186644,0.01453299,0.75908000,0
1505398539,21186580,0.01451700,12.87980393,0
1505398526,21186558,0.01451701,4.75867300,0
1505398497,21186462,0.01451693,3.46188898,0
1505398327,21186119,0.01451737,0.30000000,0
1505398198,21185661,0.01442026,3.50932000,1
1505398194,21185644,0.01442029,1.00000000,1
1505398061,21185153,0.01450318,0.00474500,1
1505398057,21185143,0.01453242,14.11228508,1
1505398057,21185139,0.01453242,1.12362566,1
1505398057,21185138,0.01453242,0.69357527,1
1505398056,21185136,0.01453242,17.84813400,1
1505398051,21185121,0.01453242,0.29289399,1
1505398046,21185091,0.01453242,15.92948600,1
1505398014,21184799,0.01450318,0.21000000,1
1505397981,21184705,0.01450973,50.00000000,0
1505397905,21184469,0.01450318,0.38525000,1
1505397866,21184427,0.01450000,0.00000500,0
1505397602,21183960,0.01442045,1.00000000,1
1505397453,21183665,0.01450000,9.99999500,0
1505397453,21183662,0.01449997,13.32047000,0
1505397418,21183597,0.01450000,7.50000000,1
1505397418,21183596,0.01455000,0.90000000,1
1505397368,21183472,0.01455233,15.13050027,0
1505397357,21183437,0.01444800,13.60900000,1
1505397357,21183436,0.01444800,36.39100000,1
1505397347,21183409,0.01444798,50.00000000,1
1505397337,21183394,0.01444798,19.95000000,1
1505397328,21183388,0.01444795,9.52540642,1
1505397328,21183387,0.01444796,19.95459358,1
1505397315,21183374,0.01444789,30.35000000,1
1505397305,21183364,0.01448234,20.82550406,1
1505397305,21183363,0.01448235,2.94449594,1
1505397296,21183353,0.01448231,16.72467814,1
1505397296,21183351,0.01448232,5.87532186,1
1505397290,21183349,0.01459078,3.10453108,1
1505397290,21183348,0.01455284,1.00000000,0
1505397288,21183344,0.01453001,0.00000028,0
1505397287,21183343,0.01444000,17.19547221,1
1505397287,21183342,0.01444001,1.32114749,1
1505397286,21183341,0.01448228,11.72271965,1
1505397286,21183340,0.01448229,6.60066065,1
1505397277,21183336,0.01448224,0.00178327,1
1505397277,21183335,0.01448227,15.13821673,1
1505397237,21183185,0.01451000,0.90000000,1
1505397227,21183166,0.01453001,8.98870900,0
1505397192,21183111,0.01453000,1.80000000,1
1505397135,21183032,0.01452396,5.72149400,1
1505397134,21183030,0.01452396,9.94540600,1
1505397132,21183027,0.01452396,2.38120000,1
1505397127,21183021,0.01452396,6.97841000,1
1505397127,21183017,0.01452396,0.99800000,1
1505397127,21183016,0.01452396,1.52503300,1
1505397123,21183013,0.01452396,3.99800000,1
1505397121,21183003,0.01452396,15.44884900,1
1505397118,21182996,0.01452396,3.00360800,1
1505396678,21181595,0.01442040,4.70000000,1
1505396599,21181230,0.01452714,12.88000000,0
1505396567,21181096,0.01434000,30.59290112,1
1505396566,21181094,0.01438361,1.00000000,1
1505396566,21181093,0.01439391,6.35709888,1
1505396565,21181083,0.01438857,0.69565432,1
1505396556,21181030,0.01436020,35.98000000,1
1505396544,21180881,0.01436016,12.34552962,1
1505396544,21180880,0.01436017,15.36041201,1
1505396544,21180876,0.01445208,1.20120000,1
1505396544,21180873,0.01453001,9.04285837,1
1505396540,21180851,0.01453001,2.00000000,1
1505396538,21180839,0.01453001,2.00000000,1
1505396537,21180834,0.01453001,3.71581877,1
1505396536,21180831,0.01453001,9.50113000,1
1505396536,21180829,0.01453001,9.68703305,1
1505396535,21180825,0.01453001,2.00000000,1
1505396531,21180813,0.01453001,2.00000000,1
1505396531,21180809,0.01453001,1.20120000,1
1505396528,21180791,0.01453001,5.33360698,1
1505396521,21180762,0.01457359,1.23672273,0
1505396520,21180759,0.01453001,21.20101776,1
1505396518,21180746,0.01453001,0.68040795,1
1505396515,21180724,0.01460000,126.47988869,1
1505396515,21180718,0.01460000,1.86721992,1
1505396514,21180715,0.01460000,10.39481400,1
1505396514,21180714,0.01460000,8.54794300,1
1505396514,21180712,0.01460000,40.94155700,1
1505396513,21180711,0.01460000,13.68014100,1
1505396513,21180710,0.01460000,3.09219000,1
1505396513,21180705,0.01460000,27.13166900,1
1505396512,21180699,0.01460000,14.22534200,1
1505396511,21180698,0.01460000,32.61320200,1
1505396511,21180697,0.01460000,26.36312100,1
1505396511,21180696,0.01460000,12.23557400,1
1505396511,21180695,0.01460000,24.07117400,1
1505396508,21180682,0.01453001,8.94982693,1
1505396508,21180680,0.01453001,77.34635800,1
1505396507,21180678,0.01453001,8.13241000,1
1505396506,21180676,0.01453001,13.95654300,1
1505396498,21180635,0.01453001,10.70000000,1
1505396497,21180630,0.01453001,2.81578800,1
1505396494,21180611,0.01453001,1.92009504,1
1505396494,21180610,0.01453001,0.50022968,1
1505396492,21180594,0.01453001,60.08809800,1
1505396485,21180543,0.01453001,65.24700100,1
1505396477,21180474,0.01453001,24.83790000,1
1505396475,21180464,0.01453001,4.27433900,1
1505396475,21180457,0.01453001,22.71000000,1
1505396468,21180425,0.01453001,19.83931200,1
1505396466,21180399,0.01453001,47.61137510,1
1505396465,21180396,0.01453002,13.79245841,1
1505396465,21180394,0.01453003,2.75616449,1
1505396462,21180370,0.01453001,244.26765136,1
1505396462,21180366,0.01453002,13.95654311,1
1505396462,21180361,0.01453003,2.78912035,1
1505396461,21180357,0.01455000,6.44108400,1
1505396461,21180354,0.01455002,0.97047218,1
1505396453,21180294,0.01460202,1.26600342,1
1505396453,21180293,0.01461347,0.23721324,1
1505396452,21180286,0.01461347,0.80278676,1
1505396395,21180000,0.01461000,1.35236590,1
1505396381,21179935,0.01457004,1.20661710,1
1505396381,21179934,0.01457011,5.95014290,1
1505396380,21179933,0.01457008,13.21500000,1
1505396378,21179922,0.01461347,1.01272729,1
1505396377,21179919,0.01461347,8.06826624,1
1505396363,21179864,0.01462460,1.23672273,0
1505396354,21179822,0.01461347,4.22450200,1
1505396342,21179748,0.01462460,10.00000000,0
1505396342,21179747,0.01461350,4.25913009,0
1505396342,21179744,0.01460837,1.00000000,0
1505396330,21179697,0.01447001,19.74367331,1
1505396330,21179695,0.01447004,5.86632669,1
1505396328,21179686,0.01455412,24.62125860,0
1505396326,21179676,0.01455412,6.40274140,1
1505396326,21179675,0.01455412,0.61740134,1
1505396301,21179567,0.01455417,1.00000000,0
1505396294,21179544,0.01452762,5.95014300,0
1505396282,21179471,0.01445571,0.85144457,0
1505396281,21179468,0.01445570,0.16690100,0
1505396281,21179464,0.01445570,1.09699900,0
1505396281,21179462,0.01445570,13.74934800,0
1505396232,21179265,0.01442700,1.52337870,0
1505396232,21179263,0.01442700,10.22879000,0
1505396232,21179262,0.01441792,0.42501230,0
1505396201,21179130,0.01441789,14.11550700,0
1505396192,21179106,0.01440588,1.16000000,0
1505396167,21179010,0.01439272,6.70658499,0
1505395934,21178495,0.01440541,5.95012899,0
1505395844,21178266,0.01432310,19.15000000,1
1505395837,21178246,0.01432312,19.15000000,1
1505395828,21178222,0.01435870,1.00000000,0
1505395805,21178173,0.01440585,1.52902600,0
1505395730,21177935,0.01441789,2.17223600,1
1505395729,21177933,0.01441789,2.54207400,1
1505395728,21177932,0.01441791,0.99959308,0
1505395728,21177928,0.01441789,0.61569000,1
1505395728,21177927,0.01441789,5.90000000,1
1505395724,21177923,0.01441789,22.77000000,1
1505395614,21177621,0.01430070,4.00000000,1
1505395468,21177074,0.01441792,56.31207070,1
1505395467,21177069,0.01441792,12.88000000,0
1505395421,21176866,0.01442700,10.22879000,1
1505395419,21176851,0.01442700,3.86240500,0
1505395376,21176646,0.01445515,1.13041781,0
1505395375,21176644,0.01435786,1.00000000,0
1505395374,21176639,0.01445521,17.09937525,0
1505395365,21176598,0.01435786,0.99999541,0
1505395364,21176596,0.01435614,0.00000459,0
1505395331,21176433,0.01435614,0.98636000,0
1505395302,21176310,0.01427824,1.00000000,0
1505395295,21176283,0.01435614,0.10040402,1
1505395295,21176281,0.01435614,0.98636459,1
1505395293,21176272,0.01428831,0.00015387,0
1505395292,21176269,0.01428831,2.55579484,0
1505395280,21176223,0.01428831,3.62353172,1
1505395250,21176001,0.01422251,12.88000000,0
1505395161,21175468,0.01416360,5.77999500,0
1505395161,21175466,0.01416360,0.44813710,0
1505395158,21175455,0.01404778,8.35154000,1
1505395156,21175449,0.01416360,1.78507490,0
1505395155,21175420,0.01416360,14.31600000,1
1505395154,21175377,0.01416360,5.68400000,1
1505395149,21175339,0.01416362,12.24689600,0
1505395148,21175333,0.01416413,1.46856100,0
1505395146,21175320,0.01416361,14.50929530,1
1505395141,21175267,0.01416419,8.06303600,1
1505395136,21175211,0.01425824,7.76400000,0
1505395113,21175098,0.01429052,1.00000000,0
1505395108,21175073,0.01431000,1.00000000,0
1505395106,21175059,0.01431000,1.00000000,1
1505395096,21175016,0.01418056,7.03654150,1
1505395094,21175002,0.01445570,7.03654150,0
1505395094,21174999,0.01421401,0.14015075,0
1505395093,21174997,0.01421401,0.98919368,0
1505395091,21174989,0.01421401,0.40719825,0
1505395091,21174985,0.01440000,9.28360260,0
1505395090,21174983,0.01435000,37.00000000,0
1505395090,21174982,0.01434999,54.06660774,0
1505395090,21174981,0.01431849,7.57720966,0
1505395090,21174976,0.01426625,0.46345732,0
1505395090,21174975,0.01421401,2.00000000,0
1505395078,21174913,0.01431849,9.25713781,0
1505395077,21174912,0.01431849,11.50535613,0
1505395069,21174869,0.01431846,1.00000000,1
1505395069,21174867,0.01431846,1.00000000,1
1505395069,21174862,0.01445570,17.85012140,0
1505395066,21174847,0.01445570,2.25336718,0
1505395066,21174845,0.01445570,15.85978541,0
1505395065,21174843,0.01431846,1.00000000,0
1505395051,21174748,0.01445570,1.37940743,0
1505395050,21174743,0.01445569,1.00000000,0
1505395050,21174736,0.01445569,15.07388941,0
1505395050,21174735,0.01431845,1.00000000,0
1505395045,21174715,0.01445570,11.05920000,0
1505395034,21174636,0.01435461,0.92735225,1
1505395024,21174569,0.01432443,2.00000000,0
1505395023,21174556,0.01431846,1.00000000,1
1505395023,21174553,0.01431846,1.00000000,1
1505395023,21174550,0.01434990,1.91065000,1
1505395022,21174547,0.01435460,1.18027000,1
1505395022,21174545,0.01435460,3.87073000,1
1505395022,21174542,0.01435461,1.40452875,1
1505395022,21174538,0.01437142,18.29603476,1
1505395022,21174535,0.01437142,0.00000313,1
1505395020,21174519,0.01437145,2.00000000,1
1505395018,21174500,0.01437142,96.12416687,0
1505395017,21174495,0.01435461,2.00000000,1
1505395015,21174485,0.01437142,7.55782000,0
1505395014,21174470,0.01435461,2.00000000,1
1505395013,21174462,0.01437142,7.55782000,0
1505395009,21174423,0.01435461,0.16702571,1
1505395008,21174412,0.01435461,0.40000000,1
1505395007,21174401,0.01437142,21.22922877,0
1505395007,21174400,0.01436857,2.35000000,0
1505394999,21174325,0.01437142,22.51058002,0
1505394998,21174314,0.01431846,1.00000000,0
1505394995,21174296,0.01437098,1.00000000,0
1505394995,21174292,0.01437097,19.66196026,1
1505394993,21174284,0.01437090,3.98508652,0
1505394979,21174221,0.01437098,11.82049310,1
1505394978,21174218,0.01437098,1.00000000,1
1505394977,21174212,0.01437142,7.10444758,0
1505394976,21174208,0.01437142,10.63993676,0
1505394975,21174201,0.01431846,1.00000000,0
1505394967,21174174,0.01437098,5.46550690,0
1505394966,21174168,0.01437095,18.28574286,0
1505394963,21174157,0.01429805,1.00000000,0
1505394946,21174081,0.01423802,0.40510970,0
1505394915,21173968,0.01426269,1.00000000,0
1505394901,21173867,0.01424263,1.00000000,0
1505394851,21173716,0.01445208,7.78762174,0
1505394850,21173714,0.01423802,1.00000000,0
1505394828,21173662,0.01427141,2.00000000,0
1505394826,21173658,0.01418000,14.16604177,1
