date,tid,price,amount,type
1505433658,21260966,39.14,2.48158285,1
1505433654,21260955,39.14,0.50000000,1
1505433623,21260918,39.14,4.00178863,1
1505433613,21260904,39.14,0.50000000,1
1505433597,21260874,39.14,3.51662852,1
1505433572,21260840,38.83,0.50000000,1
1505433531,21260800,38.95,0.50000000,1
1505433512,21260786,38.96,42.90000000,0
1505433510,21260775,38.96,31.71107500,0
1505433510,21260774,38.95,42.90000000,0
1505433507,21260771,38.81,3.00000000,1
1505433499,21260761,38.95,2.64526737,0
1505433491,21260753,38.80,0.50000000,0
1505433456,21260716,38.99,13.39496800,0
1505433449,21260708,38.75,0.50000000,1
1505433409,21260696,38.75,0.50000000,1
1505433380,21260656,38.75,0.22247077,1
1505433378,21260649,38.75,2.21943380,1
1505433374,21260638,38.75,1.22046700,1
1505433373,21260632,38.75,0.63260616,1
1505433368,21260618,38.75,0.50000000,1
1505433366,21260608,38.75,0.88708069,1
1505433350,21260569,38.75,16.00000000,1
1505433325,21260473,38.41,0.00000320,0
1505433324,21260460,38.21,1.41299000,1
1505433323,21260456,38.41,0.22864000,0
1505433311,21260404,38.18,1.00000000,1
1505433308,21260392,38.24,33.95605200,1
1505433308,21260391,38.24,6.54000000,1
1505433308,21260386,38.38,5.46000000,0
1505433306,21260376,38.25,53.47779102,1
1505433306,21260374,38.35,0.39538741,1
1505433306,21260373,38.37,3.92259577,1
1505433306,21260372,38.38,31.34747580,1
1505433302,21260350,38.72,8.05449300,0
1505433300,21260342,38.73,2.78160612,1
1505433258,21260224,38.82,4.12283800,0
1505433239,21260133,38.83,8.06360500,0
1505433236,21260126,38.83,17.42462630,0
1505433194,21260081,38.84,7.54680151,0
1505433188,21260072,38.82,3.26962658,0
1505433163,21260043,38.86,9.88445200,0
1505433147,21260023,38.86,10.99208156,0
1505433140,21260010,38.86,57.30178605,0
1505433139,21260009,38.85,22.67000000,0
1505433128,21259992,38.86,16.61631400,0
1505433120,21259978,38.31,0.50000000,0
1505433108,21259962,38.88,5.71115700,0
1505433097,21259935,38.25,6.67116615,1
1505433095,21259932,38.88,1.47783385,1
1505433056,21259789,38.26,1.69670031,1
1505433055,21259788,38.32,2.99184017,1
1505433055,21259786,38.40,0.89616000,1
1505433055,21259785,38.43,0.65642552,1
1505433049,21259739,38.41,9.41985700,1
1505433037,21259704,38.26,0.00000200,0
1505433037,21259703,38.26,5.73741000,0
1505433033,21259693,38.25,15.99776051,1
1505433033,21259691,38.39,5.95849349,1
1505433032,21259685,38.40,12.90761400,1
1505432996,21259599,38.87,3.64162000,0
1505432974,21259553,38.87,1.56543100,0
1505432974,21259552,38.87,7.32000000,0
1505432973,21259550,38.87,3.13000000,0
1505432934,21259490,38.90,11.57793800,0
1505432933,21259489,38.90,3.12000000,0
1505432871,21259399,38.93,3.08964300,0
1505432831,21259308,38.98,10.96536685,0
1505432716,21258997,38.94,15.76999481,0
1505432716,21258995,38.94,2.15531319,0
1505432706,21258961,38.94,0.87747287,0
1505432706,21258959,38.61,0.71830000,0
1505432706,21258958,38.61,0.71830000,0
1505432706,21258957,38.61,0.71830000,0
1505432704,21258949,38.73,0.71830000,1
1505432704,21258947,38.94,12.73721394,0
1505432704,21258944,38.74,2.90000000,0
1505432704,21258942,38.74,0.13242135,0
1505432701,21258931,38.74,15.77594217,1
1505432701,21258930,38.75,0.59862197,1
1505432701,21258929,38.94,2.30301451,1
1505432700,21258927,38.94,2.65915049,0
1505432694,21258906,38.94,2.30302000,0
1505432688,21258889,38.94,16.28843751,0
1505432683,21258868,38.95,1.41403197,1
1505432683,21258867,38.95,7.72061615,1
1505432658,21258833,38.95,3.00000000,1
1505432613,21258761,38.89,0.00038543,0
1505432611,21258756,38.89,2.99961457,0
1505432554,21258649,39.27,0.12984000,0
1505432532,21258577,39.18,1.44103600,0
1505432529,21258569,39.19,21.40237700,0
1505432490,21258500,38.69,10.68139700,1
1505432471,21258461,38.75,10.72061600,1
1505432444,21258332,38.80,4.96204692,1
1505432442,21258313,38.80,2.91725308,0
1505432441,21258309,38.80,4.96204692,0
1505432439,21258292,39.14,7.87927662,1
1505432438,21258281,39.13,32.38958468,0
1505432437,21258277,39.12,31.34711180,0
1505432424,21258190,39.20,22.21568800,0
1505432424,21258189,39.20,1.66589700,0
1505432418,21258158,38.83,1.58060000,0
1505432416,21258148,38.83,9.14000000,1
1505432414,21258142,38.91,17.37180500,1
1505432414,21258140,38.91,3.08999500,1
1505432410,21258129,39.27,31.34711180,0
1505432371,21258044,39.37,12.65844566,0
1505432371,21258043,39.03,0.00000534,0
1505432360,21258025,39.03,35.60074300,0
1505432355,21258011,39.06,1.74475166,1
1505432352,21258005,39.06,24.85723100,1
1505432351,21257999,39.06,5.57579077,0
1505432351,21257997,39.04,0.99130000,0
1505432351,21257996,39.03,0.99130000,0
1505432349,21257991,39.05,0.99129000,1
1505432349,21257990,39.06,13.22000923,0
1505432349,21257989,39.06,18.79580000,0
1505432348,21257988,39.06,18.79580000,0
1505432348,21257987,39.06,18.79580000,0
1505432347,21257985,39.06,18.79576922,0
1505432347,21257984,39.15,0.00003078,1
1505432345,21257983,39.15,6.09996922,1
1505432345,21257981,39.15,12.69583078,1
1505432342,21257975,39.16,3.31725562,1
1505432331,21257963,39.56,0.52321592,0
1505432330,21257962,39.05,6.10416922,0
1505432328,21257959,39.15,6.09583078,1
1505432321,21257949,39.14,12.20173852,1
1505432321,21257948,39.16,12.15928460,1
1505432321,21257947,39.17,25.63897688,1
1505432249,21257820,39.31,0.81517100,0
1505432247,21257816,39.29,20.61857382,0
1505432245,21257811,39.27,2.78700000,0
1505432244,21257806,39.27,18.80000000,0
1505432179,21257617,39.03,0.87240000,1
1505432157,21257516,39.00,27.50224200,1
1505432154,21257508,38.96,7.16270465,0
1505432154,21257504,38.98,3.73572435,1
1505432153,21257499,38.99,3.73572400,1
1505432070,21257367,38.84,0.50000000,1
1505432041,21257306,39.27,5.08527308,0
1505432041,21257305,39.22,0.99321582,0
1505432041,21257304,39.15,4.24675149,0
1505432039,21257297,39.14,2.91437173,0
1505432029,21257272,38.98,0.82354780,1
1505431899,21257074,39.14,6.36789942,1
1505431898,21257072,39.06,0.00000558,0
1505431896,21257064,39.06,1.01724700,0
1505431888,21257038,38.72,3.00000000,1
1505431874,21256998,38.70,3.00000000,1
1505431866,21256982,38.69,0.50000000,1
1505431819,21256878,38.95,0.38008985,0
1505431818,21256874,38.93,3.09000000,0
1505431805,21256832,38.65,3.12000000,1
1505431803,21256825,38.89,3.29999500,1
1505431803,21256823,38.95,16.35140359,0
1505431803,21256822,38.95,0.93572282,0
1505431803,21256819,38.89,3.30000000,0
1505431801,21256803,38.46,0.34410000,0
1505431776,21256759,38.52,6.93123779,0
1505431774,21256755,38.52,1.65438915,0
1505431774,21256752,38.63,1.41616100,1
1505431773,21256750,38.63,0.00001206,1
1505431773,21256747,38.63,10.00180000,1
1505431769,21256740,38.96,5.55313141,1
1505431747,21256692,38.97,1.41297103,0
1505431738,21256662,38.92,1.41616150,0
1505431737,21256659,38.91,1.74383350,0
1505431722,21256628,38.95,3.18999500,0
1505431719,21256607,38.58,0.22164995,0
1505431707,21256582,38.58,0.28000000,0
1505431702,21256577,38.58,1.67665005,0
1505431702,21256575,38.58,0.00004123,0
1505431698,21256567,38.59,2.17825877,1
1505431693,21256559,38.59,0.00174123,0
1505431690,21256556,38.59,2.18094745,0
1505431689,21256552,38.60,4.14868800,1
1505431689,21256551,38.62,5.64868800,1
1505431689,21256550,38.62,5.64869000,1
1505431689,21256547,38.63,1.38234532,1
1505431682,21256519,38.61,4.70906198,1
1505431682,21256518,38.64,1.62223802,1
1505431680,21256515,38.64,0.91210000,0
1505431680,21256514,38.64,0.20566198,0
1505431670,21256485,38.64,0.70643802,0
1505431670,21256483,38.64,0.91210000,0
1505431670,21256480,38.64,0.91210000,0
1505431667,21256465,38.65,0.40370000,0
1505431667,21256464,38.65,0.40370000,0
1505431666,21256462,38.65,0.40370000,0
1505431666,21256460,38.64,0.04651974,0
1505431666,21256459,38.64,0.35718026,0
1505431666,21256458,38.64,0.40369154,0
1505431664,21256451,38.82,0.00000846,1
1505431663,21256449,38.82,0.40370000,1
1505431659,21256437,38.98,1.00491073,1
1505431658,21256434,38.62,0.02786042,0
1505431583,21256277,38.45,1.50000000,1
1505431538,21256108,38.62,5.54422258,0
1505431537,21256092,38.62,5.00128900,0
1505431536,21256087,38.62,2.17000000,0
1505431534,21256080,38.62,5.29098718,0
1505431532,21256069,38.61,1.06656955,0
1505431529,21256057,38.62,5.23414082,0
1505431529,21256056,38.62,0.00003900,0
1505431528,21256044,38.65,23.26846100,1
1505431525,21256020,39.10,17.77365728,0
1505431525,21256019,38.68,12.40000000,0
1505431522,21256012,39.10,3.36458848,0
1505431522,21256010,38.99,0.05363582,0
1505431522,21256009,38.97,8.31911585,0
1505431521,21256005,38.98,13.92110615,1
1505431520,21255996,38.69,2.21697792,0
1505431520,21255995,38.68,8.31874593,0
1505431519,21255992,38.68,11.76538647,0
1505431519,21255987,38.68,2.15572060,0
1505431512,21255955,38.69,6.70908494,1
1505431512,21255954,38.69,43.29091506,1
1505431509,21255951,38.70,3.16745585,1
1505431496,21255909,38.69,12.17860494,0
1505431496,21255907,38.69,2.01522600,0
1505431495,21255904,38.69,5.89346906,0
1505431495,21255903,38.69,20.08730000,0
1505431495,21255901,38.69,13.27969522,0
1505431495,21255899,38.67,0.60522660,0
1505431495,21255898,38.62,1.41000000,0
1505431493,21255888,38.63,1.36565636,0
1505431493,21255881,38.63,12.17859912,0
1505431488,21255867,38.67,1.06937340,0
1505431487,21255862,38.68,0.88855417,0
1505431486,21255860,38.66,39.59843234,0
1505431485,21255858,38.68,1.67457017,1
1505431484,21255855,38.68,0.13347876,0
1505431484,21255854,38.14,27.52059900,1
1505431484,21255853,38.14,1.00000000,1
1505431484,21255852,38.15,50.52940100,1
1505431484,21255850,38.20,0.17000000,1
1505431484,21255848,38.31,3.00000000,1
1505431484,21255846,38.38,15.00000000,1
1505431483,21255844,38.50,10.00000000,1
1505431483,21255841,38.50,2.00000000,1
1505431483,21255839,38.50,0.78000000,1
1505431483,21255837,38.50,5.00000000,1
1505431483,21255832,38.68,4.88772124,0
1505431481,21255825,38.69,1.78637269,0
1505431479,21255816,38.92,5.02123209,1
1505431478,21255809,38.98,0.83700043,1
1505431478,21255808,38.98,1.76692681,1
1505431478,21255807,38.98,12.46209854,1
1505431475,21255799,38.98,12.40000000,1
1505431474,21255784,38.51,32.88790146,0
1505431473,21255781,38.51,1.78055454,1
1505431405,21255654,38.97,13.91311343,0
1505431405,21255653,38.88,2.25498822,0
1505431402,21255641,38.69,0.83799389,0
1505431402,21255636,38.70,1.00000000,1
1505431401,21255634,38.71,1.00000000,1
1505431401,21255633,38.80,1.31145135,1
1505431401,21255630,38.89,22.18203717,1
1505431401,21255628,38.91,2.33428709,1
1505431401,21255627,38.91,2.33275643,1
1505431401,21255625,38.95,1.37207407,1
1505431379,21255542,38.99,5.28071489,0
1505431376,21255532,38.89,5.33395691,0
1505431375,21255527,38.91,2.32524434,1
1505431370,21255518,38.98,30.19359845,1
1505431370,21255516,38.92,0.14282300,0
1505431367,21255500,38.80,1.68854865,1
1505431367,21255499,38.87,3.04844417,1
1505431366,21255497,38.92,1.31142652,1
1505431364,21255486,38.99,1.20159700,0
1505431358,21255462,38.99,3.75545877,1
1505431355,21255448,38.99,44.82259966,1
1505431355,21255447,39.00,2.61134077,1
1505431310,21255281,39.00,7.33129529,1
1505431307,21255261,39.00,0.00000532,0
1505431307,21255252,38.99,1.25654536,1
1505431306,21255245,39.00,57.48738100,0
1505431305,21255225,38.99,0.45124774,1
1505431302,21255212,38.99,3.46960724,1
1505431301,21255202,39.00,5.25714576,0
1505431298,21255172,39.00,53.92004527,0
1505431298,21255170,39.00,27.12221003,0
1505431297,21255167,39.00,56.21000000,1
1505431297,21255163,39.48,1.01063830,0
1505431273,21255028,39.00,1.11998910,1
1505431273,21255027,39.00,1.87001090,1
1505431254,21254924,39.00,1.87042405,0
1505431254,21254923,39.04,1.10957595,1
1505431247,21254907,39.00,0.41618395,1
1505431247,21254906,39.00,2.00000000,1
1505431247,21254904,39.00,0.56381605,1
1505431244,21254896,39.00,0.43618395,1
1505431244,21254895,39.00,0.32888947,1
1505431244,21254893,39.02,2.21492658,1
1505431238,21254866,39.00,0.67111053,1
1505431238,21254860,39.00,0.20000000,1
1505431238,21254856,39.00,4.00000000,1
1505431238,21254850,39.00,0.13000000,1
1505431238,21254844,39.01,0.50000000,1
1505431238,21254837,39.03,1.81806583,1
1505431238,21254830,39.08,4.58082364,1
1505431236,21254819,39.08,2.74521648,1
1505431236,21254817,39.11,2.65903171,1
1505431227,21254793,39.08,2.67395988,1
1505431227,21254792,39.08,1.02098260,1
1505431226,21254791,39.10,2.21697792,1
1505431226,21254790,39.12,3.00000000,1
1505431226,21254789,39.15,2.75532861,1
1505431226,21254788,39.15,0.00002091,1
1505431226,21254787,39.30,0.23273008,1
1505431222,21254774,39.30,2.98000000,1
1505431219,21254760,39.16,3.23518872,0
1505431212,21254747,39.49,3.01000000,1
1505431211,21254746,39.36,0.00000533,0
1505431209,21254741,39.36,5.55999467,0
1505431209,21254737,39.36,0.00041733,0
1505431205,21254720,39.36,13.24347710,0
1505431203,21254717,39.36,5.56610557,1
1505431198,21254704,39.15,9.99997909,1
1505431198,21254702,39.16,1.53012091,1
1505431196,21254697,39.59,2.45844400,0
1505431189,21254678,39.17,2.35410000,1
1505431165,21254602,39.64,10.99925322,0
1505431165,21254601,39.42,0.00035578,0
1505431144,21254567,39.42,2.96964422,0
1505431130,21254530,39.71,10.10837560,0
1505431125,21254514,39.62,0.85359200,1
1505431124,21254512,39.63,3.36770800,1
1505431118,21254495,39.72,10.40000000,1
1505431086,21254439,39.22,11.00000000,1
1505431031,21254345,39.60,3.09120000,1
1505431031,21254341,39.60,3.09120000,1
1505431030,21254338,39.60,3.09120000,1
1505431030,21254337,39.60,3.09120000,1
1505431013,21254310,39.81,2.15347400,0
1505431004,21254298,39.81,2.15724100,0
1505430992,21254291,39.81,2.16100900,0
1505430984,21254281,39.81,1.87758900,0
1505430984,21254279,39.80,0.00032600,0
1505430919,21254211,39.80,12.54120100,0
1505430914,21254199,39.80,13.43542200,0
1505430868,21254145,39.63,0.28834500,1
1505430867,21254141,39.83,12.00000000,0
1505430851,21254112,39.83,2.00023000,0
1505430812,21254050,39.85,24.24379732,0
1505430784,21254005,39.85,5.23557635,0
1505430754,21253947,39.78,54.55014115,0
1505430754,21253945,39.77,14.54876174,0
1505430673,21253689,39.72,3.10821952,1
1505430598,21253451,39.73,0.00037683,0
1505430586,21253432,39.73,9.76692123,0
1505430583,21253419,39.73,1.13428431,0
1505430582,21253414,39.75,0.00001763,1
1505430582,21253413,39.75,8.81508703,1
1505430581,21253412,39.83,5.73728000,1
1505430581,21253411,39.84,5.16433297,1
1505430576,21253366,39.79,5.73326692,0
1505430576,21253364,39.79,2.26673046,1
1505430576,21253363,39.85,0.00000262,1
1505430567,21253347,39.85,0.48436738,0
1505430565,21253342,39.85,4.51563262,1
1505430563,21253333,39.84,3.18533000,1
1505430561,21253326,39.84,5.00000000,1
1505430559,21253320,39.85,8.81510000,1
1505430557,21253315,39.80,8.18624262,0
1505430556,21253312,39.80,8.81548000,0
1505430556,21253310,39.78,8.80891528,0
1505430553,21253306,39.80,5.54099318,0
1505430553,21253303,39.83,9.01428420,1
1505430540,21253287,39.77,2.19000000,0
1505430539,21253286,39.77,2.19000000,0
1505430537,21253280,39.94,2.18999674,1
1505430534,21253277,39.94,17.99963897,0
1505430534,21253274,39.95,8.80891528,1
1505430533,21253270,39.95,9.07369990,0
1505430529,21253261,39.96,17.22589689,1
1505430528,21253258,39.83,0.65671829,0
1505430526,21253220,39.85,9.07328171,1
1505430525,21253219,39.97,8.80591850,0
1505430525,21253217,39.85,6.74590000,0
1505430525,21253215,39.85,2.32779964,0
1505430525,21253214,39.85,4.41810036,0
1505430524,21253213,39.85,6.74590000,0
1505430524,21253212,39.84,6.71861482,0
1505430524,21253211,39.85,6.74588518,1
1505430522,21253207,39.83,0.92738482,0
1505430522,21253204,39.83,17.88261518,1
1505430521,21253202,39.83,17.88301000,0
1505430520,21253196,39.85,0.92699000,1
1505430519,21253193,39.83,18.81000000,0
1505430519,21253191,39.83,0.00001000,0
1505430517,21253182,39.82,27.42659100,0
1505430516,21253181,39.82,3.86443000,0
1505430513,21253170,39.83,18.80999000,0
1505430513,21253169,39.81,0.00000500,0
1505430510,21253155,39.81,9.01649500,0
1505430501,21253124,39.99,21.81960494,0
1505430482,21253072,39.99,10.87156270,0
1505430481,21253071,39.98,21.81808171,0
1505430302,21252860,39.97,9.73742500,0
1505429684,21252160,39.79,2.43969185,1
1505429626,21252087,40.02,19.37838400,0
1505429495,21251950,40.05,3.98000000,0
1505429435,21251837,39.85,18.80000000,0
1505429417,21251816,39.94,18.80000000,0
1505429415,21251814,39.59,14.04000000,1
1505429373,21251749,39.46,12.59192000,1
1505429369,21251744,39.47,3.03000000,1
1505429368,21251742,40.25,12.39130434,0
1505429329,21251672,39.89,3.47580847,0
1505429316,21251644,39.66,2.16000000,0
1505429315,21251639,39.73,1.81800691,1
1505429315,21251637,39.73,14.81396754,0
1505429314,21251636,39.70,2.16802555,0
1505429314,21251631,39.70,6.94310000,0
1505429314,21251630,39.67,11.85690000,0
1505429313,21251628,39.69,11.84861000,0
1505429313,21251627,39.67,6.95139000,0
1505429311,21251620,39.73,18.80000000,1
1505429233,21251485,39.50,0.52000000,1
1505429226,21251471,39.55,3.17696837,1
1505429215,21251463,39.55,14.00000000,1
1505429212,21251460,39.55,1.00000000,1
1505429198,21251448,39.80,0.78534880,0
1505429197,21251447,39.80,11.24018021,1
1505429195,21251446,39.64,12.66719560,0
1505429194,21251445,39.55,1.00000000,1
1505429178,21251441,39.55,6.00000000,1
1505429124,21251347,39.55,1.96000000,1
1505429123,21251344,39.64,6.14280440,0
1505429122,21251342,39.63,1.07558560,0
1505429067,21251241,39.55,2.80718063,1
1505429067,21251240,39.55,7.99281937,1
1505429029,21251215,39.69,1.39880000,0
1505428969,21251156,39.57,13.99900000,1
1505428792,21250956,39.55,14.00000000,1
1505428704,21250776,39.55,7.95151363,1
1505428704,21250774,39.55,84.32257900,0
1505428704,21250771,39.55,7.04622600,0
1505428703,21250770,39.55,70.33577400,0
1505428703,21250769,39.55,16.88959821,0
1505428703,21250767,39.56,39.08447500,1
1505428702,21250766,39.60,10.00000000,1
1505428702,21250765,39.61,1.79245283,1
1505428702,21250764,39.61,5.60387323,0
1505428701,21250763,39.70,8.50000000,1
1505428701,21250758,39.76,0.97350810,1
1505428698,21250750,39.71,19.00000000,0
1505428681,21250713,39.90,5.00000000,1
1505428667,21250687,39.97,1.07563816,1
1505428631,21250628,40.07,20.02720240,0
1505428514,21250450,39.96,22.47998877,1
1505428514,21250449,39.97,3.52000000,1
1505428512,21250444,40.09,0.00001123,1
1505428348,21250135,40.31,3.48771456,1
1505428346,21250132,40.11,1.07000000,0
1505428346,21250131,40.11,1.07000000,0
1505428234,21249978,40.09,9.00000000,1
1505428217,21249944,40.10,0.27401497,0
1505428217,21249943,40.10,0.79598503,0
1505428217,21249941,40.10,1.07000000,0
1505428217,21249940,40.10,0.27401497,0
1505428186,21249915,40.09,15.22532577,1
1505428158,21249906,40.10,0.79598503,0
1505428158,21249903,40.10,1.07000000,0
1505428158,21249901,40.10,1.07000000,0
1505428157,21249900,40.10,1.07000000,0
1505428151,21249890,40.09,2.05500300,1
1505428150,21249886,40.11,1.07000000,1
1505428110,21249837,40.14,16.00000000,0
1505428110,21249835,40.14,2.81000000,0
1505428107,21249832,40.14,0.22000000,0
1505428107,21249831,40.14,15.78000000,0
1505428105,21249826,40.14,2.84000000,1
1505428105,21249825,40.15,0.19000000,1
1505428104,21249823,40.15,3.10000000,0
1505428104,21249822,40.15,15.71000000,0
1505428069,21249788,40.15,3.10000000,1
1505428027,21249761,40.27,0.00001900,1
1505428019,21249749,40.27,15.82900000,1
1505427984,21249734,40.33,4.94668981,0
1505427977,21249733,40.27,18.00000000,1
1505427951,21249722,40.35,5.30260223,0
1505427951,21249721,40.34,50.00000000,0
1505427949,21249720,40.33,31.25869200,0
1505427919,21249687,40.35,33.85752300,1
1505427919,21249686,40.42,43.09671900,1
1505427919,21249685,40.44,7.62635900,1
1505427917,21249681,40.44,57.01800000,1
1505427915,21249677,40.45,26.61221100,1
1505427890,21249609,40.46,2.67743300,1
1505427890,21249608,40.46,32.32256700,1
1505427874,21249586,40.49,0.86135700,1
1505427821,21249485,40.61,14.92860100,1
1505427820,21249483,40.61,14.72531000,1
1505427815,21249470,40.62,4.09473694,1
1505427815,21249469,40.62,1.66826900,1
1505427733,21249370,40.78,1.04604141,0
1505427730,21249367,40.81,2.20230000,0
1505427729,21249366,40.80,2.20230000,0
1505427727,21249363,41.09,2.18982720,1
1505427725,21249359,40.86,0.82490306,0
1505427541,21249057,40.79,2.00000000,1
1505427527,21249033,40.80,4.09770123,1
1505427398,21248700,40.66,3.00000000,1
1505427389,21248626,40.73,20.00000000,1
1505427376,21248521,40.90,51.11564000,1
1505427375,21248510,40.90,10.64893000,1
1505427374,21248502,40.90,1.49000000,1
1505427368,21248476,40.90,12.34222600,1
1505427361,21248447,40.91,3.00000000,1
1505427341,21248360,40.74,0.50000000,1
1505427276,21248197,40.50,0.99999976,0
1505427275,21248196,40.50,3.00000000,0
1505427275,21248195,40.50,3.00000000,0
1505427275,21248194,40.50,3.00000000,0
1505427274,21248193,40.50,3.00000000,0
1505427274,21248192,40.50,3.00000000,0
1505427273,21248191,40.50,3.00000000,0
1505427273,21248190,40.60,3.00000000,1
1505427273,21248189,40.60,3.00000000,1
1505427272,21248185,40.51,3.00000000,0
1505427237,21248121,40.54,3.00000000,1
1505427195,21247980,40.87,2.00023000,0
1505427157,21247881,40.29,8.85590000,0
1505427157,21247880,40.29,22.89290000,0
1505427157,21247879,40.29,22.89290000,0
1505427156,21247878,40.29,22.89290000,0
1505427156,21247876,40.29,22.89290000,0
1505427156,21247875,40.29,6.16912576,0
1505427154,21247871,40.29,7.86784200,0
1505427152,21247860,40.28,1.48560053,0
1505427143,21247825,40.17,1.50000000,1
1505427139,21247810,40.28,2.96101700,0
1505427123,21247709,40.28,1.76921440,1
1505427122,21247706,40.28,28.86544700,1
1505427122,21247705,40.27,13.78654918,0
1505427109,21247644,40.12,15.76505849,0
1505427106,21247635,40.13,14.40919600,0
1505427106,21247633,40.12,29.59080400,0
1505427101,21247626,40.10,37.57470000,1
1505427087,21247595,39.99,0.50715055,0
1505427086,21247593,39.99,2.89984945,0
1505427086,21247591,39.99,3.40700000,0
1505427086,21247590,39.99,0.01334017,0
1505427085,21247583,39.99,3.39365183,0
1505427037,21247495,40.00,0.00000800,1
1505427037,21247493,40.00,3.40700000,1
1505427034,21247491,40.00,0.59299200,1
1505427034,21247490,40.00,1.00000000,1
1505427034,21247489,40.00,1.00000000,1
1505427034,21247488,40.00,0.25000000,1
1505427034,21247487,40.00,7.60317900,1
1505427033,21247485,40.00,4.02042000,1
1505427032,21247483,40.00,0.46000000,1
1505427030,21247477,40.00,0.46000000,1
1505426987,21247403,40.01,9.75053975,1
1505426987,21247402,40.01,5.56425525,1
1505426983,21247397,40.01,2.00000000,1
1505426981,21247393,40.01,11.23574475,1
1505426981,21247391,40.01,0.00579525,1
1505426980,21247386,40.01,18.79420475,1
1505426978,21247381,40.00,4.25268875,1
1505426978,21247380,40.01,4.61000000,1
1505426978,21247379,40.01,14.18431100,1
1505426976,21247375,40.01,4.61568900,0
1505426971,21247372,40.00,12.46224975,1
1505426971,21247370,40.00,0.52000000,1
1505426895,21247254,40.10,31.11489317,1
1505426893,21247251,40.10,105.88510683,1
1505426893,21247250,40.14,0.00000017,1
1505426884,21247238,40.14,1.76930700,1
1505426854,21247199,40.20,0.66475186,1
1505426854,21247196,40.20,5.00000000,1
1505426854,21247195,40.20,2.08000000,1
1505426854,21247194,40.20,2.92000000,1
1505426854,21247193,40.20,47.34837180,1
1505426854,21247191,40.20,1.76930718,1
1505426846,21247181,40.20,4.00000000,1
1505426816,21247128,40.20,10.00000000,1
1505426815,21247126,40.31,8.85593224,1
1505426814,21247121,40.31,14.03696800,1
1505426810,21247116,40.31,2.10710000,1
1505426806,21247106,40.31,74.99999976,1
1505426629,21246902,40.47,1.00000000,0
1505426595,21246888,40.47,1.37862500,0
1505426536,21246836,40.45,9.00000000,1
1505426498,21246792,40.46,11.00000000,1
1505426442,21246712,40.30,0.79042943,0
1505426441,21246711,40.50,2.00000000,1
1505426441,21246710,40.50,0.52000000,1
1505426441,21246709,40.50,4.00000000,1
1505426441,21246708,40.50,2.77600000,1
1505426441,21246706,40.55,0.50000000,1
1505426439,21246704,40.60,19.41357057,1
1505426438,21246702,40.60,16.00000000,1
1505426415,21246644,40.60,7.00000000,1
1505426407,21246618,40.61,2.00000000,1
1505426406,21246596,40.60,12.00000000,1
1505426399,21246571,40.60,16.00000000,1
1505426390,21246542,40.60,4.00000000,1
1505426385,21246540,40.61,2.00000000,1
1505426382,21246535,40.60,3.00000000,1
1505426278,21246443,40.60,22.58642943,1
1505426278,21246442,40.61,7.28000000,1
1505426277,21246441,40.81,3.13357057,1
1505426222,21246293,40.81,7.23516443,1
1505426200,21246238,40.92,7.22825024,0
1505426129,21246126,40.81,2.00000000,1
1505426119,21246103,40.81,7.00000000,1
1505426115,21246094,40.81,20.00000000,1
1505426091,21246052,40.81,3.53502900,1
1505426090,21246051,40.83,51.56000000,1
1505426090,21246050,40.83,42.90379200,1
1505426090,21246049,40.84,32.00117900,1
1505426082,21246038,40.86,14.00000000,1
1505425996,21245926,41.23,0.61898343,0
1505425994,21245923,41.20,0.56259700,0
1505425898,21245814,40.88,6.09700000,1
1505425827,21245753,40.98,5.41712594,1
1505425823,21245745,40.98,4.58287406,1
1505425823,21245744,40.98,4.03576421,1
1505425810,21245719,40.98,5.00000000,1
1505425808,21245712,40.98,8.59760615,1
1505425799,21245699,40.98,1.00000000,1
1505425795,21245693,40.98,2.00000000,1
1505425704,21245587,40.98,4.42084164,1
1505425572,21245404,41.11,2.35215293,0
1505425570,21245403,41.11,4.70250000,1
1505425570,21245402,41.11,4.13971248,1
1505425549,21245350,41.11,0.56278752,1
1505425549,21245349,41.15,18.80390000,1
1505425549,21245348,41.15,18.80390000,1
1505425549,21245347,41.15,18.80390000,1
1505425549,21245345,41.15,18.80390000,1
1505425548,21245344,41.15,18.79778800,1
1505425548,21245343,41.16,17.55022948,1
1505425544,21245338,41.16,1.25367052,1
1505425543,21245337,41.16,3.60170000,1
1505425543,21245336,41.17,0.14462948,1
1505425532,21245318,41.17,9.00000000,1
1505425529,21245317,41.17,3.60000000,1
1505425529,21245316,41.17,4.70528789,0
1505425529,21245315,41.17,0.55008263,0
1505425529,21245313,41.16,15.20220000,1
1505425529,21245312,41.16,3.60780000,1
1505425517,21245287,41.16,15.00000000,1
1505425498,21245227,41.16,0.19610000,1
1505425497,21245226,41.16,4.80390000,1
1505425493,21245221,41.16,2.00000000,1
1505425491,21245218,41.20,34.43740300,0
1505425485,21245164,41.16,12.00000000,1
1505425484,21245163,41.18,11.24214300,0
1505425457,21245077,41.17,1.00000000,1
1505425447,21245049,41.15,0.00611200,1
1505425447,21245048,41.15,2.59388800,1
1505425446,21245047,41.12,16.21000000,0
1505425446,21245046,41.12,0.00001200,0
1505425445,21245042,41.12,2.59390000,0
1505425443,21245039,41.12,16.21608800,1
1505425411,21245008,41.20,1.00000000,1
1505425227,21244600,40.97,4.70250981,1
1505425226,21244596,41.05,0.55010975,1
1505425152,21244491,41.29,1.00023000,0
1505425121,21244445,41.28,2.00023000,0
1505424911,21244203,41.29,1.89682000,0
1505424855,21244079,41.24,20.00000000,0
1505424855,21244078,41.24,20.00000000,0
1505424855,21244076,41.24,20.00000000,0
1505424855,21244075,41.24,20.00000000,0
1505424855,21244074,41.24,20.00000000,0
1505424849,21244063,41.23,3.67450886,0
1505424810,21243992,41.23,4.98180936,0
1505424729,21243781,41.23,1.83773951,0
1505424724,21243768,41.23,9.50594227,0
1505424692,21243658,41.07,20.00000000,0
1505424692,21243656,41.06,55.96000000,0
1505424666,21243569,40.95,15.17959500,1
1505424666,21243566,40.95,8.81390100,1
1505424664,21243562,41.01,3.92000100,1
1505424663,21243557,41.01,36.12189700,1
1505424663,21243556,41.01,4.30160700,1
1505424663,21243555,41.05,1.27028800,1
1505424663,21243554,41.05,2.63971200,1
1505424663,21243553,41.05,0.75300000,1
1505424661,21243551,41.05,107.24700000,0
1505424499,21243282,41.04,4.71435375,0
1505424381,21243081,40.97,3.91300000,1
1505424381,21243080,40.97,3.91300000,1
1505424381,21243079,41.00,0.50000000,1
1505424374,21243068,41.00,10.00000000,1
1505424365,21243053,41.00,24.00000000,1
1505424336,21243014,41.21,12.94902595,1
1505424334,21243012,41.14,0.00176000,0
1505424154,21242742,41.13,3.90639435,0
1505424152,21242685,41.06,0.01956518,0
1505424151,21242682,41.06,3.89347028,0
1505424097,21242468,40.76,3.77980419,1
1505424078,21242393,40.98,10.00000000,0
1505424056,21242315,40.75,31.55550700,1
1505423954,21242127,40.64,14.00000000,1
1505423943,21242103,40.61,13.20858896,1
1505423890,21241997,40.80,0.52000000,1
1505423829,21241890,40.84,1.46454265,1
1505423791,21241821,40.90,0.52000000,1
1505423785,21241813,41.00,15.00000000,1
1505423776,21241803,41.00,1.48000000,1
1505423776,21241802,41.00,4.00000000,1
1505423776,21241801,41.00,0.52000000,1
1505423760,21241767,41.05,10.00000000,1
1505423760,21241765,41.08,13.77997106,1
1505423750,21241742,41.08,3.00000000,1
1505423746,21241725,41.08,1.00000000,1
1505423742,21241719,41.08,2.22002894,1
1505423742,21241718,41.10,0.52000000,1
1505423742,21241717,41.12,1.25997106,1
1505423726,21241688,41.12,18.74002894,1
1505423726,21241687,41.12,30.00000000,1
1505423721,21241668,41.17,2.52000000,1
1505423713,21241654,41.17,9.00000000,1
1505423711,21241650,41.17,6.00000000,1
1505423697,21241624,41.17,3.00000000,1
1505423693,21241617,41.17,9.48000000,1
1505423693,21241616,41.20,0.52000000,1
1505423689,21241609,41.27,17.84550660,0
1505423688,21241607,41.27,13.71000000,1
1505423688,21241605,41.27,6.08651400,1
1505423688,21241604,41.27,0.20348600,1
1505423688,21241603,41.28,13.91000000,1
1505423688,21241602,41.28,4.88651400,1
1505423686,21241599,41.28,13.91348600,1
1505423677,21241583,41.28,20.00000000,1
1505423674,21241577,41.32,9.80540633,1
1505423662,21241550,41.32,0.19459367,1
1505423662,21241549,41.32,5.00000000,1
1505423662,21241547,41.33,1.00000000,1
1505423646,21241510,41.48,40.41325624,1
1505423646,21241509,41.48,50.00000000,1
1505423645,21241508,41.48,0.30684960,1
1505423645,21241506,41.48,18.00000000,1
1505423631,21241493,41.48,11.60000000,1
1505423617,21241463,41.48,2.00000000,1
1505423613,21241460,41.48,14.00000000,1
1505423604,21241452,41.48,4.09315040,1
1505423604,21241451,41.48,5.90684960,1
1505423592,21241431,41.48,1.00000000,1
1505423588,21241423,41.48,18.00000000,1
1505423585,21241415,41.48,11.00000000,1
1505423584,21241414,41.48,11.60000000,1
1505423582,21241392,41.48,1.00000000,1
1505423581,21241386,41.48,1.49315040,1
1505423580,21241385,41.48,50.00000000,1
1505423580,21241383,41.48,50.00000000,1
1505423580,21241378,41.48,16.35786190,1
1505423579,21241370,41.48,2.00000000,1
1505423571,21241350,41.48,4.00000000,1
1505423567,21241345,41.48,10.00000000,1
1505423562,21241336,41.48,17.64213810,1
1505423562,21241334,41.48,50.00000000,1
1505423562,21241332,41.48,12.35786166,1
1505423544,21241291,41.48,8.00000000,1
1505423530,21241242,41.68,4.78532022,0
1505423511,21241209,41.48,19.61449340,1
1505423511,21241208,41.58,1.00000000,1
1505423511,21241207,41.59,1.00000000,1
1505423510,21241206,41.59,0.38550660,1
1505423502,21241182,41.59,0.61449340,1
1505423502,21241181,41.60,10.88550660,1
1505423494,21241166,41.60,11.00000000,1
1505423493,21241165,41.61,1.00000000,1
1505423493,21241164,41.66,3.00000000,1
1505423490,21241161,41.66,11.00000000,1
1505423482,21241152,41.66,10.00000000,1
1505423475,21241140,41.66,1.00000000,1
1505423467,21241115,41.67,0.71445419,0
1505423467,21241113,41.67,0.27882635,0
1505423429,21241022,41.60,27.00000000,1
1505423429,21241021,41.62,1.00000000,1
1505423415,21240998,41.60,1.11449340,1
1505423415,21240996,41.61,12.33000000,1
1505423413,21240993,41.63,11.55550660,0
1505423410,21240988,41.66,2.03473000,0
1505423318,21240868,41.61,6.00000000,1
1505423318,21240866,41.62,1.00000000,1
1505423310,21240861,41.63,5.00000000,1
1505423276,21240827,41.62,13.00000000,1
1505423268,21240817,41.87,3.00000000,0
1505423265,21240815,41.64,1.00000000,1
1505423262,21240809,41.65,1.00000000,1
1505423228,21240776,41.70,1.00000000,1
1505423172,21240729,41.86,15.22532577,0
1505423164,21240701,41.58,84.19267606,0
1505423164,21240700,41.58,73.57234800,0
1505423163,21240699,41.58,1.51284000,0
1505423162,21240698,41.58,15.00000000,0
1505423162,21240697,41.64,15.00000000,1
1505423118,21240624,41.51,4.54981802,1
1505423105,21240568,41.87,14.88106042,0
1505423104,21240562,41.86,54.45150765,1
1505423103,21240559,41.86,28.49484505,1
1505423103,21240557,41.86,3.91260703,0
1505423067,21240466,41.71,16.00000000,1
1505423044,21240407,41.72,3.00000000,1
1505422983,21240331,41.79,2.00000000,1
1505422977,21240319,41.79,10.00000000,1
1505422973,21240314,41.79,14.00000000,1
1505422667,21239934,42.00,0.57047620,0
1505422525,21239877,42.00,3.58952380,0
1505422441,21239778,41.52,1.95957502,1
1505422441,21239777,41.54,43.00000000,1
1505422440,21239776,41.62,55.85000000,0
1505422440,21239775,41.62,0.27874188,1
1505422274,21239635,41.75,23.25952548,0
1505422055,21239440,41.94,7.03711761,0
1505421951,21239295,42.28,16.17904446,0
1505421951,21239294,42.00,28.00000000,0
1505421951,21239292,41.97,55.38000000,1
1505421950,21239291,41.72,2.87005491,0
1505421950,21239290,41.71,8.99999977,0
1505421950,21239289,41.71,1.55995180,0
1505421948,21239284,41.48,5.97632378,0
1505421945,21239282,41.40,10.02764494,0
1505421945,21239281,41.40,50.00000000,0
1505421945,21239280,41.40,50.00000000,0
1505421945,21239279,41.40,50.00000000,0
1505421944,21239278,41.40,50.00000000,0
1505421944,21239277,41.40,50.00000000,0
1505421943,21239271,41.40,16.36207729,0
1505421943,21239270,41.40,35.32206900,0
1505421943,21239269,41.40,14.06210000,0
1505421943,21239268,41.40,67.68950600,0
1505421943,21239267,41.40,33.18649400,0
1505421943,21239266,41.40,29.10710600,0
1505421943,21239265,41.40,14.65101100,0
1505421943,21239264,41.40,47.32229400,0
1505421943,21239263,41.40,50.00000000,0
1505421943,21239262,41.40,50.00000000,0
1505421942,21239261,41.40,50.00000000,0
1505421942,21239259,41.40,50.00000000,0
1505421942,21239258,41.40,50.00000000,0
1505421941,21239257,41.40,50.00000000,0
1505421941,21239255,41.40,50.00000000,0
1505421941,21239254,41.40,50.00000000,0
1505421941,21239253,41.40,50.00000000,0
1505421939,21239247,41.40,11.39999980,0
1505421938,21239244,41.47,50.00000000,1
1505421938,21239243,41.47,50.00000000,1
1505421938,21239242,41.47,50.00000000,1
1505421938,21239241,41.47,50.00000000,1
1505421938,21239240,41.48,15.84000000,1
1505421938,21239239,41.49,15.00000000,1
1505421911,21239216,41.27,1.45270571,0
1505421911,21239215,41.27,50.00000000,0
1505421910,21239214,41.27,50.00000000,0
1505421910,21239212,41.31,50.00000000,1
1505421910,21239211,41.46,50.00000000,0
1505421898,21239197,41.32,4.14218843,1
1505421898,21239196,41.32,3.62500000,1
1505421897,21239195,41.50,4.00000000,1
1505421897,21239194,41.50,6.23281157,1
1505421897,21239193,41.51,15.00000000,0
1505421887,21239187,41.50,3.24800529,1
1505421887,21239186,41.50,0.52000000,1
1505421881,21239179,41.69,2.13216599,1
1505421825,21239079,41.62,2.00000000,1
1505421823,21239073,41.63,12.82893400,1
1505421818,21239062,41.63,0.17106600,1
1505421810,21239054,41.63,2.00000000,1
1505421810,21239053,41.65,12.00000000,1
1505421785,21239005,41.65,3.00000000,1
1505421781,21239000,41.73,5.00000000,0
1505421760,21238957,41.66,5.78645400,1
1505421754,21238935,41.66,15.00009796,1
1505421747,21238915,41.71,1.56000000,1
1505421747,21238914,41.71,2.87010000,1
1505421740,21238895,41.72,4.42967017,0
1505421740,21238892,41.72,4.43000000,1
1505421740,21238891,41.72,1.56008918,1
1505421740,21238890,41.72,2.86991082,1
1505421740,21238889,41.72,1.56000000,1
1505421739,21238885,41.73,14.99994129,1
1505421731,21238867,41.62,13.00000000,1
1505421730,21238865,41.63,15.00000000,1
1505421727,21238852,41.70,0.57000000,0
1505421726,21238851,41.70,0.52000000,1
1505421726,21238850,41.70,0.52000000,1
1505421726,21238849,41.70,0.52000000,1
1505421726,21238848,41.71,2.87000000,1
1505421719,21238826,41.72,6.00000000,1
1505421709,21238777,41.91,1.00000000,0
1505421706,21238764,41.95,0.92849556,1
1505421706,21238763,41.92,1.12345444,0
1505421695,21238734,41.92,1.89390000,1
1505421695,21238732,41.92,1.89390000,1
1505421685,21238715,42.00,25.96100000,1
1505421685,21238713,42.00,4.00000000,1
1505421684,21238708,42.01,3.42531435,1
1505421669,21238667,42.00,18.81000000,1
1505421657,21238651,42.00,1.22900000,1
1505421628,21238620,42.01,15.00000000,1
1505421628,21238619,42.01,0.00001198,1
1505421572,21238531,42.14,3.42531435,0
1505421572,21238530,42.11,0.02000000,0
1505421570,21238524,42.11,2.98000000,1
1505421510,21238461,42.20,7.81687362,0
1505421510,21238460,42.20,4.11462521,0
1505421494,21238428,42.22,10.98322134,0
1505421437,21238321,42.02,3.14507000,0
1505421437,21238319,42.01,19.91906666,1
1505421435,21238314,42.01,0.08092136,1
1505421435,21238313,42.02,18.80000000,1
1505421435,21238312,42.04,1.11907841,1
1505421434,21238310,42.05,2.99545140,1
1505421434,21238309,42.05,1.11917198,1
1505421397,21238204,42.09,3.00000000,1
1505421388,21238173,42.04,18.88092159,1
1505421387,21238172,42.14,0.11907841,1
1505421382,21238159,42.21,6.00000000,1
1505421380,21238155,42.21,11.00000000,1
1505421346,21238083,42.21,3.00000000,1
1505421346,21238080,42.22,15.00000000,1
1505421339,21238046,42.26,22.00000000,1
1505421336,21238035,42.34,3.59000000,1
1505421335,21238034,42.25,9.60451748,0
1505421335,21238031,42.25,1.12348252,0
1505421334,21238028,42.32,0.89800000,1
1505421334,21238027,42.33,0.89800000,1
1505421334,21238025,42.33,0.89800000,1
1505421334,21238023,42.33,0.89800000,1
1505421334,21238022,42.33,0.89800000,1
1505421334,21238020,42.33,0.89800000,1
1505421334,21238018,42.33,0.89800000,1
1505421334,21238016,42.33,0.89800000,1
1505421333,21238014,42.33,0.89800000,1
1505421330,21238001,42.25,0.89800000,0
1505421327,21237990,42.25,8.10200000,1
1505421321,21237979,42.25,30.00000000,1
1505421321,21237978,42.26,15.00000000,1
1505421316,21237971,42.35,0.38920000,1
1505421316,21237970,42.35,0.38920000,1
1505421310,21237963,42.32,1.61077391,1
1505421310,21237962,42.33,15.00000000,1
1505421287,21237908,42.49,2.43829000,0
1505421285,21237902,42.48,3.04353000,0
1505421266,21237880,42.39,34.37900000,1
1505421266,21237879,42.40,15.00000000,1
1505421232,21237841,42.62,20.00000000,0
1505421180,21237801,42.62,1.07109338,0
1505421017,21237594,42.58,5.00000000,0
1505420970,21237517,42.01,3.13566750,0
1505420970,21237516,42.10,80.00000000,1
1505420970,21237515,42.11,29.15550660,0
1505420969,21237514,42.17,18.80000000,1
1505420969,21237513,42.34,21.49093302,1
1505420969,21237512,42.34,15.00000000,0
1505420967,21237511,42.37,15.00000000,0
1505420967,21237510,42.37,55.11000000,1
1505420841,21237435,42.31,2.40000000,1
1505420761,21237334,42.72,21.00000000,1
1505420756,21237326,42.70,62.00000000,1
1505420718,21237223,42.87,3.81483900,0
1505420700,21237165,42.87,13.64206800,0
1505420700,21237164,42.86,11.61554100,0
1505420608,21237081,42.78,0.90000000,0
1505420541,21236980,42.84,16.84754302,0
1505420523,21236968,42.85,2.32788798,0
1505420501,21236933,42.82,1.93087342,0
1505420415,21236814,42.66,0.40208664,0
1505420349,21236713,42.86,10.30781063,0
1505420349,21236711,42.76,0.95120000,0
1505420347,21236709,42.53,2.02431047,0
1505420298,21236665,42.53,0.16177648,0
1505420218,21236587,42.53,6.03491000,0
1505420215,21236582,42.53,2.17900305,0
1505420178,21236533,42.86,74.70183406,1
1505420178,21236530,42.86,48.51719000,1
1505420177,21236529,42.86,13.16344700,1
1505420177,21236528,42.86,6.51122600,1
1505420177,21236526,42.86,5.63418400,1
1505420176,21236521,42.86,10.40000000,1
1505420176,21236518,42.86,18.00000000,1
1505420176,21236517,42.86,11.24251700,1
1505420175,21236514,42.86,53.81932900,1
1505420175,21236512,42.86,11.91327400,1
1505420175,21236510,42.86,20.25103700,1
1505420174,21236508,42.86,45.65047200,1
1505420174,21236504,42.86,2.32722500,1
1505420174,21236502,42.86,7.67227600,1
1505420174,21236500,42.86,13.37513500,1
1505420173,21236496,42.86,36.81031266,1
1505420172,21236494,42.86,5.95238095,1
1505420171,21236493,42.86,50.75000000,0
1505420171,21236491,42.75,4.13114301,0
1505420170,21236490,42.66,2.70000000,0
1505420170,21236489,42.65,28.35000000,0
1505420115,21236442,42.65,4.00023000,0
1505419985,21236216,42.51,24.57053400,1
1505419982,21236202,42.51,7.19562400,1
1505419973,21236153,42.53,3.76000000,0
1505419966,21236112,42.52,11.30000000,0
1505419938,21236004,42.52,68.49494000,1
1505419934,21235990,42.52,11.75253000,1
1505419902,21235848,42.52,27.68322000,0
1505419888,21235730,42.43,23.08440000,1
1505419885,21235720,42.43,3.31678000,1
1505419883,21235717,42.50,20.84805724,0
1505419883,21235716,42.49,1.12259243,0
1505419883,21235715,42.48,24.02935033,0
1505419868,21235683,42.37,2.04220000,1
1505419817,21235601,42.33,2.02461000,1
1505419813,21235597,42.39,20.90260000,0
1505419804,21235565,42.42,18.85077795,1
1505419798,21235551,42.41,42.32421600,1
1505419793,21235538,42.33,7.44930000,1
1505419788,21235528,42.36,14.88217238,1
1505419788,21235525,42.35,18.57625300,1
1505419787,21235522,42.35,37.50365998,0
1505419786,21235520,42.34,11.79188100,0
1505419783,21235506,42.34,10.62219200,1
1505419768,21235447,42.64,6.00023000,0
1505419767,21235443,42.29,44.43381440,0
1505419732,21235341,42.14,24.29284100,1
1505419576,21235124,41.93,2.30286373,1
1505419573,21235111,41.88,1.89389617,0
1505419573,21235107,41.88,3.38156638,1
1505419455,21234963,42.24,22.55380956,0
1505419426,21234902,42.07,5.16535994,0
1505419424,21234896,42.07,13.52577809,0
1505419405,21234863,41.91,0.18300000,1
1505419277,21234773,42.10,4.01179000,0
1505419256,21234718,41.91,4.50799331,1
1505419256,21234717,41.91,1.04438081,1
1505419256,21234716,41.91,1.87971374,1
1505419248,21234700,41.91,8.00000000,1
1505419239,21234677,41.92,4.00000000,1
1505419234,21234663,41.92,11.00000000,1
1505419175,21234611,42.30,1.97577960,1
1505419175,21234610,42.30,3.70396800,1
1505419175,21234608,42.29,17.46300000,0
1505419174,21234604,42.29,3.70396815,1
1505419064,21234457,41.91,0.84271826,0
1505419060,21234455,41.91,5.78658200,0
1505419046,21234434,41.91,4.93585000,0
1505419046,21234433,41.90,41.38000000,0
1505419035,21234402,41.78,0.93264963,1
1505418866,21234148,41.82,4.55555483,0
1505418864,21234145,41.82,45.44444517,0
1505418864,21234143,41.82,50.00000000,0
1505418864,21234142,41.82,50.00000000,0
1505418864,21234141,41.82,18.55555483,0
1505418860,21234137,41.82,11.50000000,0
1505418853,21234131,41.82,19.94444517,0
1505418853,21234130,41.82,3.11051793,0
1505418842,21234115,41.75,30.32499325,0
1505418810,21234073,41.74,7.32916972,1
1505418783,21234017,41.74,32.31862000,1
1505418768,21233962,41.75,18.26429725,1
1505418757,21233894,41.82,46.88948207,0
1505418757,21233893,41.81,34.46844893,0
1505418750,21233857,41.75,2.00000000,1
1505418747,21233834,41.75,10.06069600,1
1505418747,21233833,41.75,5.50527500,1
1505418746,21233828,41.75,1.98037400,1
1505418744,21233815,41.75,42.51435100,1
1505418744,21233814,41.75,50.00000000,1
1505418744,21233813,41.77,42.50312800,1
1505418736,21233789,41.77,5.68988700,1
1505418707,21233663,41.77,1.80698500,1
1505418691,21233610,41.83,34.19530149,1
1505418691,21233609,41.84,50.00000000,1
1505418690,21233608,41.84,50.00000000,1
1505418690,21233607,41.84,50.00000000,1
1505418690,21233606,41.84,3.35494651,1
1505418686,21233599,41.84,10.40000000,1
1505418683,21233591,41.84,36.24505349,1
1505418683,21233589,41.85,5.00000000,1
1505418683,21233587,41.85,8.75494651,1
1505418678,21233570,41.85,10.40000000,1
1505418678,21233567,41.85,16.14567700,1
1505418675,21233547,41.85,14.69937649,1
1505418675,21233545,41.85,30.45741251,1
1505418673,21233530,41.85,1.55467300,1
1505418667,21233510,41.85,3.50000000,1
1505418664,21233485,41.85,8.14796100,1
1505418660,21233460,41.85,6.33995349,1
1505418660,21233458,41.86,50.00000000,1
1505418660,21233456,41.86,16.21146251,1
1505418657,21233444,41.86,13.78150200,1
1505418651,21233407,41.86,10.40000000,1
1505418642,21233325,41.86,9.60703549,1
1505418642,21233324,41.90,0.79296451,1
1505418639,21233309,41.93,10.40000000,1
1505418630,21233268,41.94,10.40000000,1
1505418629,21233258,41.94,3.38150198,1
1505418629,21233256,41.95,7.01849802,1
1505418578,21233126,42.12,11.84116809,0
1505418530,21232997,41.99,24.53700858,1
1505418445,21232830,42.00,74.89445600,0
1505418411,21232787,41.97,24.57535093,1
1505418407,21232783,42.12,30.97341772,1
1505418407,21232782,42.85,24.06646809,1
1505418407,21232780,42.66,2.98000000,1
1505418407,21232779,42.65,31.55550660,1
1505418406,21232777,42.44,1.96842601,0
1505418406,21232776,42.19,17.88058659,0
1505418406,21232775,42.14,2.76901271,0
1505418405,21232774,42.11,18.78000000,0
1505418296,21232642,42.12,1.73717948,0
1505418288,21232626,42.14,0.98777300,0
1505418288,21232625,42.12,17.88000000,0
1505418288,21232624,42.12,0.89262700,0
1505418286,21232621,42.12,2.85737300,0
1505418286,21232620,42.12,15.02321400,0
1505418284,21232613,42.12,3.75678600,0
1505418193,21232530,41.90,0.20703549,1
1505418191,21232529,42.00,23.73679552,1
1505418188,21232528,42.00,1.29136114,1
1505418188,21232527,42.01,13.69413786,1
1505418157,21232506,42.00,0.00000027,0
1505418082,21232419,41.99,5.01238390,0
1505418080,21232414,42.00,1.99987000,0
1505418022,21232343,41.95,15.75180620,1
1505417969,21232262,41.83,0.27314744,0
1505417952,21232209,41.73,41.20370600,0
1505417951,21232203,41.73,14.35629400,0
1505417896,21232109,41.66,23.94383101,0
1505417779,21231903,41.61,20.02864200,1
1505417779,21231902,41.61,16.01862457,1
1505417779,21231901,41.61,4.25239443,1
1505417779,21231899,41.70,0.00016057,1
1505417760,21231863,41.70,3.99983943,1
1505417760,21231862,41.71,0.00014715,1
1505417712,21231785,41.71,20.26860585,1
1505417690,21231755,41.72,20.02858700,1
1505417685,21231748,41.78,3.84846930,1
1505417684,21231747,41.78,16.18445270,1
1505417684,21231745,41.78,16.79975027,1
1505417684,21231743,41.78,3.14743873,1
1505417664,21231717,41.83,5.83932200,0
1505417648,21231667,41.78,0.08142100,1
1505417648,21231666,41.79,20.02911900,1
1505417648,21231665,41.80,1.01000000,1
1505417648,21231664,41.80,15.00000000,1
1505417648,21231663,41.81,15.00000000,1
1505417615,21231540,42.00,8.00000000,0
1505417601,21231474,42.02,10.00023000,0
1505417584,21231409,41.90,1.63812000,1
1505417560,21231331,41.83,15.01853195,1
1505417559,21231330,41.87,0.02148200,1
1505417556,21231300,41.90,5.80000000,1
1505417555,21231290,41.87,15.00000000,1
1505417542,21231243,42.04,2.28132611,1
1505417535,21231223,42.04,1.04867389,1
1505417528,21231194,42.04,2.00000000,1
1505417526,21231184,42.05,1.04907541,1
1505417524,21231178,42.04,5.33000000,1
1505417524,21231175,42.04,5.33000000,1
1505417524,21231174,42.04,4.35182499,1
1505417521,21231168,42.04,0.97817501,1
1505417521,21231167,42.05,5.33000000,1
1505417521,21231166,42.05,14.21245062,1
1505417520,21231164,42.05,0.97816100,1
1505417520,21231162,42.06,15.02183900,1
1505417517,21231125,42.04,0.00000435,0
1505417516,21231120,41.92,5.32998403,0
1505417515,21231107,41.92,15.19057800,0
1505417512,21231085,42.04,0.19595272,1
1505417512,21231084,42.14,12.98342293,1
1505417489,21231035,42.15,2.52064500,1
1505417488,21231031,42.15,12.98342300,1
1505417459,21230979,42.15,2.37319099,1
1505417452,21230953,42.14,2.01657707,1
1505417449,21230934,41.81,3.50000000,0
1505417449,21230931,41.81,11.50000000,0
1505417421,21230782,42.29,20.70081534,0
1505417421,21230780,42.03,2.02393833,0
1505417417,21230758,42.00,5.00000000,1
1505417417,21230757,42.01,15.00000000,1
1505417403,21230678,42.13,17.99960860,0
1505417398,21230622,42.01,1.10497905,1
1505417394,21230601,42.12,18.00000000,0
1505417392,21230580,42.15,23.66548043,1
1505417384,21230512,41.98,0.00000089,0
1505417378,21230474,41.98,6.09630000,1
1505417378,21230473,42.00,22.03708911,1
1505417362,21230419,42.05,1.00000000,1
1505417330,21230353,42.00,25.00662000,1
1505417329,21230352,42.04,0.20000000,1
1505417297,21230234,42.00,1.95629089,1
1505417297,21230233,42.00,10.00000000,1
1505417297,21230232,42.01,6.09630000,1
1505417297,21230231,42.01,6.09630000,1
1505417297,21230230,42.01,4.19260000,1
1505417297,21230229,42.08,6.09630000,1
1505417297,21230228,42.08,5.08837911,1
1505417291,21230212,42.17,10.13857454,1
1505417280,21230164,42.17,12.92363300,1
1505417280,21230163,42.17,9.97049300,1
1505417272,21230094,42.17,5.11097067,1
1505417262,21230016,42.17,3.26568679,1
1505417261,21230013,42.17,10.03067700,1
1505417253,21229981,42.17,8.55996500,1
1505417247,21229945,42.28,6.09620000,1
1505417247,21229943,42.28,6.09620000,1
1505417247,21229942,42.28,6.09620000,1
1505417247,21229941,42.28,6.09620000,1
1505417246,21229940,42.28,6.09620000,1
1505417246,21229939,42.28,2.16479500,1
1505417246,21229931,42.28,3.93140500,1
1505417245,21229927,42.28,6.09620000,1
1505417245,21229925,42.30,6.09620000,1
1505417245,21229920,42.31,6.09620000,1
1505417236,21229857,42.33,9.60000000,1
1505417233,21229838,42.33,3.29195315,1
1505417227,21229793,42.33,0.82179000,1
1505417226,21229779,42.33,2.01169924,1
1505417220,21229719,42.34,2.00000000,1
1505417215,21229683,42.33,2.01169924,1
1505417213,21229665,42.44,1.03157399,0
1505417212,21229656,42.32,3.26270850,1
1505417211,21229650,42.32,5.56725600,1
1505417196,21229598,42.58,53.51773622,1
1505417196,21229597,42.58,15.01562130,1
1505417184,21229557,42.58,11.46664248,1
1505417183,21229553,42.59,44.53335752,1
1505417182,21229544,42.59,1.68686248,1
1505417182,21229541,42.62,0.31475002,1
1505417179,21229519,42.61,6.01684717,1
1505417179,21229517,42.61,10.00000000,1
1505417176,21229505,42.59,66.22000000,1
1505417176,21229502,42.61,18.78000000,1
1505417172,21229487,42.59,7.55978000,1
1505417172,21229483,42.60,38.90000000,1
1505417172,21229482,42.61,8.83000000,1
1505417172,21229481,42.61,9.71022000,1
1505417169,21229458,42.61,0.22978000,0
1505417167,21229449,42.61,8.83000000,1
1505417167,21229446,42.61,9.94022000,1
1505417166,21229438,42.61,8.83978000,1
1505417144,21229361,42.93,33.22055040,1
1505417142,21229359,42.93,10.40000000,1
1505417140,21229355,42.94,6.37944960,1
1505417139,21229352,42.94,50.00000000,1
1505417139,21229350,42.94,35.84824040,1
1505417139,21229347,42.94,14.15175960,1
1505417138,21229346,42.94,36.84824040,1
1505417136,21229338,42.94,1.99600000,1
1505417135,21229333,42.94,10.18746821,1
1505417135,21229331,42.96,0.21253179,1
1505417134,21229325,42.94,0.96829139,1
1505417134,21229323,42.95,35.16730278,1
1505417133,21229320,42.95,2.32000100,1
1505417131,21229305,42.95,0.99800000,1
1505417129,21229277,42.95,0.99800000,1
1505417125,21229251,42.95,0.99800000,1
1505417124,21229244,42.95,0.99800000,1
1505417124,21229241,42.95,8.00000000,1
1505417123,21229231,42.95,0.52069622,1
1505417123,21229229,42.95,6.63236818,1
1505417123,21229228,42.99,43.36760000,1
1505417123,21229227,42.99,12.89105560,1
1505417119,21229212,42.99,6.00000000,1
1505417118,21229206,43.00,2.00000000,1
1505417114,21229193,43.03,5.47026357,1
1505417113,21229189,43.03,4.30902500,1
1505417113,21229186,43.03,35.73679646,1
1505417113,21229184,43.03,44.00484254,1
1505417113,21229181,43.03,3.40173985,1
1505417112,21229177,43.03,2.59341761,1
1505417112,21229175,43.03,17.40658239,1
1505417109,21229160,43.03,11.30000000,1
1505417108,21229150,43.03,18.00000000,1
1505417108,21229147,43.03,3.29341761,1
1505417105,21229126,43.05,0.65365323,0
1505417102,21229095,43.06,3.47145664,1
1505417098,21229053,43.08,20.00000000,1
1505417095,21229040,43.08,25.36967440,1
1505417095,21229038,43.08,3.41330019,1
1505417095,21229034,43.08,11.30000000,1
1505417094,21229026,43.08,0.29822800,1
1505417093,21229022,43.08,1.18260664,1
1505417092,21229015,43.08,0.99800000,1
1505417092,21229009,43.08,1.35900000,1
1505417092,21229008,43.11,10.00000000,1
1505417090,21228997,43.08,3.35854336,1
1505417088,21228979,43.08,25.00000000,1
1505417083,21228940,43.08,26.51099600,1
1505417081,21228932,43.08,16.00000000,1
1505417075,21228907,43.08,11.99973195,1
1505417075,21228906,43.09,0.00026805,1
1505417068,21228877,43.09,1.12699676,1
1505417063,21228867,43.09,3.37456183,1
1505417063,21228863,43.09,20.00000000,1
1505417060,21228843,43.09,28.00000000,1
1505417058,21228837,43.09,3.30496236,1
1505417039,21228787,43.19,1.00023000,0
1505417036,21228780,43.19,0.00622043,1
1505417031,21228764,43.19,8.88623669,1
1505417026,21228747,43.19,5.76810327,1
1505417007,21228698,43.19,13.38194445,1
1505417007,21228697,43.20,4.61805555,1
1505417004,21228634,43.19,27.00000000,1
1505416995,21228611,43.19,3.29492306,1
1505416981,21228583,43.19,5.76790785,1
1505416972,21228560,43.19,1.14880588,1
1505416971,21228558,43.19,5.75429300,1
1505416970,21228556,43.19,3.39523237,1
1505416967,21228547,43.21,18.14490856,1
1505416967,21228546,43.21,0.85500598,1
1505416967,21228545,43.22,1.00000000,1
1505416967,21228543,43.24,0.00008546,1
1505416961,21228528,43.24,2.78161032,1
1505416959,21228511,43.24,8.41142438,1
1505416951,21228468,43.24,20.00000000,1
1505416948,21228446,43.49,37.52476813,0
1505416948,21228445,43.48,8.21721487,0
1505416948,21228444,43.47,54.18500000,0
1505416948,21228443,43.47,15.07301700,0
1505416947,21228436,43.24,24.60962984,1
1505416946,21228434,43.26,3.48390000,1
1505416946,21228432,43.26,3.48390000,1
1505416946,21228431,43.26,3.48390000,1
1505416946,21228430,43.27,3.48390000,1
1505416946,21228429,43.27,3.48390000,1
1505416946,21228428,43.27,3.48390000,1
1505416946,21228427,43.27,0.04862016,1
1505416941,21228409,43.28,14.39383568,1
1505416938,21228397,43.27,3.39205274,1
1505416934,21228376,43.28,14.38032906,1
1505416933,21228372,43.28,3.34546042,1
1505416928,21228339,43.28,3.43978036,1
1505416927,21228332,43.28,5.71895957,1
1505416926,21228330,43.28,14.37683601,1
1505416924,21228319,43.27,0.04322710,1
1505416924,21228318,43.27,3.29699767,1
1505416923,21228315,43.27,0.18690233,1
1505416923,21228313,43.27,0.00002005,1
1505416920,21228299,43.24,3.48387995,0
1505416919,21228297,43.23,45.45724000,1
1505416916,21228286,43.24,5.71751712,1
1505416911,21228276,43.23,8.00000000,1
1505416894,21228245,43.52,7.42743689,0
1505416894,21228244,43.51,15.00000000,0
1505416875,21228230,43.21,1.00000000,1
1505416709,21227953,43.08,8.00000000,1
1505416689,21227912,43.50,5.04482759,0
1505416669,21227848,43.19,0.57721695,0
1505416662,21227829,43.19,0.00000021,1
1505416661,21227828,43.19,25.41569127,1
1505416661,21227827,43.20,7.54917573,1
1505416628,21227697,43.21,8.00000000,1
1505416601,21227623,43.32,13.00000000,1
1505416590,21227601,43.38,0.60000000,1
1505416527,21227392,43.38,0.84266945,1
1505416527,21227389,43.38,8.70900955,1
1505416523,21227384,43.38,4.00000000,1
1505416520,21227381,43.71,0.81732059,0
1505416520,21227380,43.70,21.81400000,0
1505416518,21227378,43.71,1.00304000,0
1505416518,21227374,43.39,8.00000000,1
1505416491,21227318,43.39,0.45177100,1
1505416456,21227167,43.38,7.69929000,0
1505416435,21227118,43.65,0.65612829,1
1505416433,21227106,43.29,0.39911361,0
1505416433,21227097,43.29,16.60088639,0
1505416427,21227058,43.68,5.70902014,0
1505416418,21227004,43.23,26.17500000,0
1505416394,21226940,43.23,3.84000000,1
1505416380,21226902,43.10,0.00000852,0
1505416380,21226901,43.10,25.41570000,0
1505416378,21226898,43.10,50.00000000,0
1505416372,21226875,43.10,50.00000000,0
1505416371,21226870,43.09,5.00000000,0
1505416371,21226868,43.09,15.00000000,0
1505416371,21226866,43.09,15.00000000,0
1505416370,21226865,43.09,15.00000000,0
1505416370,21226864,43.09,15.00000000,0
1505416370,21226863,43.09,15.00000000,0
1505416370,21226862,43.09,2.08000000,0
1505416364,21226840,43.09,2.92000000,0
1505416352,21226813,43.00,2.00002816,0
1505416352,21226811,43.00,16.86706065,0
1505416352,21226809,43.00,3.50000000,0
1505416343,21226775,42.99,1.40662944,0
1505416339,21226745,42.95,43.36763182,0
1505416325,21226692,42.95,1.16111758,0
1505416311,21226633,42.80,2.37792600,1
1505416311,21226632,42.80,2.62207400,1
1505416285,21226515,42.98,9.84094673,0
1505416263,21226462,42.80,5.47125060,0
1505416263,21226460,42.75,4.53574474,0
1505416263,21226459,42.75,9.99300466,0
1505416224,21226385,42.73,11.00023000,0
1505416197,21226351,42.73,0.58343084,0
1505416192,21226346,42.72,10.00000000,1
1505416180,21226331,42.72,1.16736891,0
1505416046,21226143,42.35,27.00000000,1
1505416042,21226137,42.47,1.25358130,1
1505416035,21226117,42.44,12.38207547,1
1505416002,21226051,42.60,1.00000000,1
1505416001,21226049,42.75,0.00000023,1
1505415988,21226033,42.75,9.99999977,1
1505415976,21226017,42.75,8.00000000,1
1505415906,21225866,42.75,2.00000000,0
1505415903,21225850,42.73,8.99977000,1
1505415903,21225849,42.74,10.00023000,1
1505415871,21225810,42.83,6.65972673,0
1505415871,21225807,42.83,31.26289983,0
1505415869,21225805,42.82,5.54000000,0
1505415863,21225793,42.83,11.26407642,0
1505415861,21225791,42.82,11.52362413,0
1505415822,21225752,42.68,1.99921483,1
1505415798,21225723,42.82,0.23283512,0
1505415742,21225646,42.82,10.00023000,0
1505415740,21225643,42.71,50.00023000,1
1505415693,21225561,42.51,39.29065094,1
1505415637,21225368,42.64,0.25898237,0
1505415637,21225366,42.64,0.75749995,0
1505415634,21225356,42.64,17.01718115,0
1505415629,21225345,42.63,10.00023000,0
1505415626,21225332,42.35,22.62475466,0
1505415622,21225325,42.35,2.78583234,0
1505415560,21225142,42.52,9.41327004,1
1505415548,21225103,42.52,3.80930000,1
1505415536,21225067,42.52,25.00000000,1
1505415536,21225066,42.52,11.77742996,1
1505415536,21225064,42.52,10.03655104,1
1505415536,21225062,42.52,19.88200000,1
1505415536,21225060,42.52,20.08144896,1
1505415535,21225059,42.52,13.93972504,1
1505415534,21225054,42.52,7.17067000,1
1505415534,21225052,42.52,7.06700400,1
1505415512,21225022,42.52,8.13310000,1
1505415508,21225013,42.52,9.83370767,1
1505415494,21224964,42.52,3.15579300,1
1505415494,21224963,42.53,2.80000000,1
1505415494,21224962,42.53,2.06790000,1
1505415493,21224959,42.54,2.06790000,1
1505415493,21224958,42.54,2.06790000,1
1505415493,21224954,42.56,2.06790000,1
1505415493,21224952,42.56,2.06790000,1
1505415493,21224950,42.58,2.06790000,1
1505415492,21224949,42.58,2.06790000,1
1505415492,21224948,42.58,2.06790000,1
1505415491,21224945,42.60,9.40050000,1
1505415491,21224944,42.60,6.20370000,1
1505415491,21224943,42.60,4.13580000,1
1505415480,21224898,42.60,27.00000000,1
1505415474,21224874,42.61,0.23000000,0
1505415470,21224860,42.87,0.00048985,1
1505415469,21224855,42.87,2.31700490,1
1505415460,21224825,42.60,3.26000000,1
1505415459,21224824,42.62,42.74000000,1
1505415455,21224796,42.61,1.00000000,1
1505415446,21224721,42.65,17.00000000,1
1505415445,21224717,42.93,43.43026775,0
1505415439,21224690,42.67,0.57746875,0
1505415438,21224687,42.63,14.42253125,1
1505415438,21224686,42.67,0.57746875,1
1505415430,21224664,42.68,49.60000000,1
1505415427,21224653,42.65,5.62881707,1
1505415426,21224650,42.66,25.37118293,1
1505415424,21224641,42.63,17.00000000,0
1505415423,21224639,42.94,9.29296693,0
1505415408,21224606,42.80,3.76800529,1
1505415391,21224559,42.87,8.22597000,0
1505415387,21224548,42.87,16.07821600,0
1505415380,21224525,42.79,25.36967440,0
1505415368,21224480,42.70,31.55550660,0
1505415368,21224473,42.79,5.77587475,1
1505415367,21224466,42.79,1.33396400,0
1505415363,21224441,42.79,16.33207200,0
1505415363,21224440,42.78,11.23000000,0
1505415355,21224405,42.79,1.33396400,0
1505415336,21224294,42.96,1.54058659,1
1505415336,21224293,42.96,16.34000000,0
1505415331,21224252,42.98,0.00005271,1
1505415331,21224248,42.98,5.50017729,1
1505415329,21224239,42.70,0.50000000,0
1505415326,21224221,42.52,0.70000000,0
1505415326,21224220,42.51,0.00000029,0
1505415317,21224197,42.51,1.36790000,0
1505415295,21224115,42.51,4.72829900,0
1505415230,21223926,42.08,1.00792089,1
1505415229,21223924,42.08,6.09630000,1
1505415229,21223923,42.08,6.09630000,1
1505415229,21223919,42.09,1.75031143,1
1505415227,21223911,42.37,8.13240000,1
1505415216,21223872,42.26,10.70490400,0
1505415211,21223862,42.09,4.34598857,1
1505415211,21223860,42.09,6.09630000,1
1505415211,21223858,42.10,6.09630000,1
1505415210,21223857,42.12,6.09630000,1
1505415210,21223856,42.12,6.09630000,1
1505415210,21223855,42.15,6.09630000,1
1505415208,21223848,42.16,5.50204400,1
1505415197,21223814,42.28,2.32183136,0
1505415195,21223802,42.28,0.31671000,0
1505415195,21223797,42.27,2.35982967,0
1505415195,21223795,42.27,5.00000000,0
1505415191,21223784,42.16,0.59425600,1
1505415191,21223783,42.16,6.09630000,1
1505415191,21223782,42.16,6.09630000,1
1505415190,21223780,42.16,6.09630000,1
1505415186,21223767,42.26,5.19260000,1
1505415182,21223759,42.26,0.90370000,1
1505415182,21223758,42.26,6.09630000,1
1505415171,21223726,42.27,5.60890200,1
1505415170,21223725,42.27,4.39109800,1
1505415166,21223719,42.28,10.00000000,1
1505415127,21223625,42.09,6.09630000,1
1505415127,21223624,42.09,6.09630000,1
1505415123,21223606,42.01,1.90370000,1
1505415123,21223605,42.01,6.09630000,1
1505415122,21223595,42.10,6.09630000,1
1505415118,21223581,42.17,15.01562130,0
1505415106,21223527,41.95,6.09632189,0
1505415101,21223511,41.94,15.00882423,1
1505415100,21223510,41.93,3.77117577,0
1505415100,21223506,41.93,15.00882423,0
1505415041,21223333,41.60,3.89640929,0
1505415040,21223328,41.60,25.71550000,0
1505415033,21223291,41.60,8.28450000,0
1505415032,21223289,41.50,24.45740340,0
1505415028,21223273,41.50,1.00000000,0
1505415014,21223220,41.49,22.86349251,0
1505414998,21223151,41.40,4.61561469,0
1505414998,21223149,41.39,22.88000000,0
1505414998,21223147,41.39,26.50438531,0
1505414931,21223041,41.47,5.05112129,0
1505414923,21223016,41.20,23.53238758,1
1505414921,21223007,41.21,9.43871688,1
1505414885,21222904,41.40,1.00000000,1
1505414850,21222784,41.46,2.00023000,0
1505414796,21222719,41.44,6.15534844,0
1505414795,21222718,41.44,6.14376408,0
1505414787,21222679,41.42,2.40825688,0
1505414724,21222498,41.35,10.00023000,0
1505414720,21222481,41.33,5.03023000,0
1505414708,21222453,41.12,20.98718600,1
1505414616,21222322,41.02,2.04496648,0
1505414615,21222321,41.02,60.00000000,1
1505414566,21222180,41.01,2.86550000,1
1505414530,21222143,41.01,3.96010000,1
1505414507,21222112,41.03,6.00000000,1
1505414494,21222046,41.03,17.00000000,1
1505414479,21222022,41.25,2.10813041,1
1505414478,21222020,41.24,0.89186959,0
1505414461,21221980,41.07,0.22000000,0
1505414460,21221978,41.07,18.78000000,1
1505414456,21221968,41.07,31.55550660,0
1505414456,21221966,41.07,18.78000000,1
1505414418,21221924,41.35,11.30515495,0
1505414417,21221922,41.35,23.55051825,0
1505414416,21221920,41.36,20.00023000,0
1505414362,21221822,40.98,6.96000000,1
1505414362,21221820,41.01,3.44000000,1
1505414305,21221743,41.42,4.77739715,0
1505414304,21221736,41.26,9.00000000,0
1505414302,21221726,41.42,9.31982205,0
1505414302,21221725,41.42,0.68040795,0
1505414301,21221720,41.43,8.55895289,1
1505414299,21221712,41.26,15.00000000,0
1505414041,21221178,40.80,2.94000000,1
1505414029,21221160,40.96,0.70000000,0
1505414000,21221095,41.06,1.00623000,0
1505413999,21221092,41.09,1.00023000,0
1505413995,21221080,41.11,2.42582685,0
1505413918,21220926,41.44,8.03909266,1
1505413917,21220925,41.44,4.00000000,0
1505413910,21220901,41.05,27.08784710,1
1505413910,21220900,41.06,0.26956627,1
1505413910,21220899,41.15,1.31980929,1
1505413901,21220875,41.17,4.00000000,1
1505413898,21220867,41.15,2.57660000,1
1505413825,21220588,41.29,56.45367811,1
1505413824,21220582,42.26,5.90061523,1
1505413823,21220581,42.26,55.44599956,1
1505413823,21220580,42.26,20.00000000,1
1505413822,21220575,42.20,1.00000000,0
1505413822,21220573,42.10,1.00000000,0
1505413822,21220571,42.10,22.03600000,1
1505413821,21220568,41.99,8.67402147,0
1505413821,21220567,41.99,30.00000000,1
1505413821,21220566,41.99,15.00000000,1
1505413821,21220564,41.95,20.00000000,1
1505413820,21220562,41.94,20.69054842,1
1505413820,21220561,41.71,0.72761205,0
1505413820,21220560,41.71,14.12685278,0
1505413819,21220558,41.56,4.14478147,1
1505413819,21220555,41.56,3.00000000,0
1505413819,21220554,41.53,18.78000000,0
1505413758,21220399,41.47,18.78000000,0
1505413625,21220073,41.33,3.14952818,1
1505413623,21220068,41.01,7.71494758,0
1505413618,21220049,41.00,2.00000000,0
1505413618,21220048,40.99,8.13173945,0
1505413565,21219888,40.94,5.47120000,0
1505413565,21219887,40.78,4.82880000,0
1505413514,21219734,40.56,1.25000000,1
1505413458,21219582,40.85,4.82880320,1
1505413457,21219576,40.85,7.07066264,0
1505413360,21219292,40.55,9.51726396,1
1505413358,21219288,40.75,3.67500000,1
1505413350,21219281,41.16,2.24423000,1
1505413350,21219280,41.00,2.75600000,0
1505413343,21219253,40.80,5.00023000,0
1505413313,21219214,40.80,0.84705882,0
1505413311,21219213,40.79,5.19291200,0
1505413252,21219111,40.83,7.32916972,1
1505413249,21219108,40.60,1.01009852,0
1505413227,21219054,40.51,3.01070000,1
1505413199,21218957,40.50,22.01557000,1
1505413199,21218956,40.53,1.00000000,1
1505413199,21218953,40.54,60.00000000,1
1505413164,21218863,40.60,1.98990148,0
1505413140,21218771,40.26,11.63512143,0
1505413140,21218768,40.27,24.23793921,0
1505413139,21218766,40.39,7.91772146,1
1505413139,21218765,40.39,5.63325300,0
1505413139,21218764,40.41,24.59000000,1
1505413137,21218760,40.43,60.00000000,1
1505413131,21218734,40.45,0.32063335,0
1505413113,21218680,40.35,30.00000000,1
1505413092,21218604,40.62,10.09158050,0
1505413071,21218482,40.53,12.31186775,0
1505413058,21218394,40.59,0.50000000,0
1505413040,21218294,40.27,1.76930717,1
1505413037,21218275,40.70,25.50724638,0
1505413032,21218245,40.27,48.00000000,0
1505413031,21218239,40.27,12.00000000,1
1505413028,21218220,40.77,4.15008519,1
1505413028,21218215,40.77,4.41307400,0
1505413021,21218167,40.77,4.28144600,0
1505413021,21218166,40.44,7.71855400,0
1505413014,21218103,40.43,12.00000000,0
1505413007,21218055,40.41,0.32063335,0
1505413007,21218054,40.41,10.50000000,1
1505412995,21217996,40.09,1.79245283,1
1505412991,21217954,40.46,73.58971824,0
1505412991,21217953,40.28,31.55550660,1
1505412989,21217947,40.26,0.64239866,1
1505412989,21217946,40.26,18.78000000,1
1505412989,21217944,40.68,22.09636184,0
1505412988,21217942,40.59,19.00000000,1
1505412988,21217941,40.43,20.00000000,0
1505412987,21217934,40.25,18.78000000,1
1505412986,21217930,40.25,8.90000000,0
1505412985,21217924,40.09,18.78000000,0
1505412981,21217904,40.12,5.44449340,1
1505412981,21217901,40.12,31.55550660,1
1505412980,21217900,40.12,20.00000000,0
1505412956,21217779,39.83,0.82000000,0
1505412956,21217778,39.83,0.82000000,0
1505412956,21217776,39.83,0.82000000,0
1505412956,21217775,39.83,0.82000000,0
1505412956,21217773,39.83,0.82000000,0
1505412955,21217772,39.82,0.82000000,0
1505412955,21217770,39.82,0.82000000,0
1505412955,21217769,39.82,0.82000000,0
1505412952,21217754,39.81,0.82000000,0
1505412952,21217752,39.81,0.82000000,0
1505412944,21217735,39.59,3.00000000,0
1505412939,21217708,39.66,3.00000000,1
1505412917,21217666,39.85,0.82000000,1
1505412913,21217661,39.83,0.70000000,0
1505412911,21217657,39.55,3.00000000,0
1505412905,21217605,39.67,3.00000000,1
1505412901,21217587,39.59,3.00000000,1
1505412884,21217544,39.50,1.01946472,1
1505412883,21217538,39.42,9.48700000,1
1505412877,21217530,39.50,8.71770000,0
1505412876,21217529,39.48,0.12682400,0
1505412840,21217410,39.34,34.86827131,1
1505412836,21217402,39.35,15.94485388,1
1505412812,21217329,39.49,1.00000000,0
1505412799,21217293,39.69,39.54398450,0
1505412799,21217290,39.60,15.00000000,1
1505412798,21217287,39.60,0.12647200,1
1505412798,21217283,39.60,3.20241196,1
1505412798,21217281,39.60,15.00000000,1
1505412766,21217237,39.35,14.85750506,0
1505412764,21217231,39.35,0.30419314,0
1505412716,21217079,39.29,23.00000000,1
1505412682,21217019,39.29,7.37977000,1
1505412577,21216728,39.24,63.29026276,1
1505412577,21216727,39.24,33.45237761,0
1505412575,21216719,39.26,3.25635963,1
1505412562,21216678,39.76,10.00023000,0
1505412555,21216662,39.76,3.01757000,0
1505412536,21216575,39.40,1.25000000,1
1505412468,21216332,39.38,0.78325200,1
1505412441,21216190,39.36,1.18937500,1
1505412371,21215978,39.36,24.99932000,1
1505412371,21215976,39.36,22.94383165,1
1505412369,21215961,39.50,0.00000239,1
1505412368,21215952,39.50,34.70237761,0
1505412302,21215661,39.41,24.00000000,1
1505412268,21215502,40.00,0.00098130,0
1505412268,21215501,40.00,12.06077393,0
1505412267,21215499,39.93,3.99924870,1
1505412266,21215495,40.00,5.97023000,0
1505412266,21215494,39.93,3.13000000,0
1505412265,21215489,39.66,0.90000000,0
1505412263,21215478,39.85,0.24108184,0
1505412261,21215470,39.84,24.19878963,0
1505412244,21215373,39.19,1.81806583,1
1505412238,21215342,39.12,8.69793365,1
1505412238,21215340,39.12,91.00000000,0
1505412237,21215338,39.20,1.00000000,1
1505412237,21215337,39.49,1.79697351,1
1505412236,21215332,39.50,15.00000000,1
1505412236,21215328,39.52,1.00000000,1
1505412236,21215325,39.55,2.92827358,0
1505412235,21215324,39.57,1.79155142,1
1505412235,21215323,39.65,15.71252649,1
1505412234,21215318,39.66,9.98000000,1
1505412234,21215317,39.66,37.87349375,1
1505412230,21215305,39.66,7.00000000,1
1505412228,21215295,39.66,2.00000000,1
1505412223,21215255,39.66,4.00000000,1
1505412205,21215180,39.66,0.17498425,1
1505412205,21215178,39.67,5.82501575,1
1505412199,21215168,39.67,12.00000000,1
1505412195,21215156,39.72,4.02500630,1
1505412144,21214942,39.74,0.99000000,1
1505412129,21214893,39.88,0.00000170,1
1505412129,21214889,39.88,4.76163000,1
1505412128,21214888,39.89,14.01000000,1
1505412123,21214873,40.15,14.04000000,0
1505412122,21214871,40.15,13.03000000,0
1505412121,21214867,39.88,1.01836830,1
1505412121,21214866,39.88,12.98163170,1
1505412042,21214659,39.88,5.79836830,1
1505411907,21214147,40.05,19.00000000,1
1505411900,21214133,39.90,1.75000000,1
1505411860,21213831,39.76,35.80309340,1
1505411860,21213829,40.05,10.39120000,1
1505411860,21213828,40.05,10.39120000,1
1505411859,21213826,40.07,10.39120000,1
1505411859,21213825,40.10,31.55550660,1
1505411830,21213713,40.31,9.81836458,1
1505411829,21213709,40.31,1.79155142,0
1505411828,21213706,40.09,31.55550660,1
1505411827,21213705,39.66,10.39123058,0
1505411827,21213704,39.77,1.79155142,1
1505411826,21213703,39.99,3.00000000,1
1505411826,21213702,40.05,1.79160000,1
1505411826,21213700,40.08,1.51000000,1
1505411824,21213692,40.21,1.21561800,1
1505411822,21213678,40.23,62.80355800,0
1505411822,21213677,40.23,16.12490100,0
1505411822,21213676,40.23,16.07154100,0
1505411727,21213504,40.30,0.99800000,1
1505411721,21213497,40.32,1.20023000,1
1505411671,21213409,40.09,10.00000000,1
1505411625,21213351,40.09,2.02786000,1
1505411478,21213082,39.77,1.79155142,0
1505411476,21213080,39.77,39.76733518,0
1505411476,21213079,39.78,55.97000000,0
1505411475,21213077,39.80,1.00000000,1
1505411475,21213076,39.80,38.28510500,0
1505411475,21213074,39.87,1.78035982,1
1505411475,21213071,40.00,1.00000000,1
1505411474,21213070,40.00,9.00000000,0
1505411474,21213069,40.04,7.09860000,1
1505411474,21213068,40.05,7.09860000,1
1505411472,21213067,40.08,7.00000000,1
1505411447,21213024,40.29,7.00000000,0
1505411444,21213022,40.30,1.94000000,1
1505411405,21212964,40.23,1.93660732,0
1505411405,21212963,40.24,0.55000000,1
1505411402,21212958,40.24,5.45000000,1
1505411399,21212955,40.25,0.00000627,0
1505411398,21212954,40.24,1.00000000,0
1505411396,21212953,40.28,10.12934458,1
1505411396,21212952,40.28,17.67154915,1
1505411375,21212926,40.27,27.84236700,1
1505411372,21212906,40.38,48.21810526,0
1505411372,21212905,40.38,23.59596400,0
1505411352,21212849,40.22,2.76355000,1
1505411337,21212831,40.22,10.35300000,1
1505411262,21212653,40.22,3.00000000,1
1505411191,21212455,40.36,2.66613900,0
1505411185,21212435,40.14,3.73764380,1
1505411184,21212430,40.15,10.00023000,1
1505411183,21212426,40.14,3.99693102,1
1505411177,21212405,40.42,10.00023000,0
1505411161,21212352,40.36,0.39478161,1
1505411161,21212350,40.36,7.03146679,1
1505411161,21212349,40.37,15.52271060,1
1505411117,21212239,40.23,4.21735200,1
1505411111,21212219,40.38,16.03279600,1
1505411078,21212147,40.36,8.27319970,0
1505411056,21212113,40.43,24.05948303,0
1505411035,21212032,40.31,3.00000000,0
1505411032,21212021,40.31,0.48962784,0
1505411032,21212020,40.31,1.51037216,0
1505410955,21211841,40.02,1.78035982,1
1505410946,21211830,40.02,29.24910918,1
1505410937,21211813,39.70,32.11667242,1
1505410937,21211811,39.70,19.04107400,0
1505410937,21211810,39.71,0.46000000,1
1505410936,21211809,39.77,0.00000010,1
1505410936,21211807,39.77,1.78551200,1
1505410936,21211806,39.77,0.00020218,1
1505410936,21211804,39.80,1.00000000,1
1505410934,21211803,39.90,2.00000000,1
1505410919,21211764,40.02,6.69783800,0
1505410919,21211763,40.02,19.83281800,0
1505410895,21211711,40.02,20.98400000,1
1505410893,21211706,39.96,29.34651746,0
1505410892,21211703,39.94,0.45597500,0
1505410885,21211688,40.02,25.27074500,0
1505410876,21211676,39.98,1.78551177,0
1505410862,21211644,39.98,0.00000023,0
1505410862,21211643,39.90,1.78551177,0
1505410849,21211610,39.90,3.52757600,0
1505410844,21211603,39.90,1.78551200,0
1505410842,21211589,39.81,13.45092759,1
1505410830,21211574,39.90,14.50864900,0
1505410826,21211571,39.98,5.31308800,0
1505410810,21211512,39.90,0.00000010,0
1505410805,21211479,39.90,1.78551200,0
1505410802,21211459,39.90,0.00020218,1
1505410794,21211436,39.90,1.99979782,1
1505410793,21211435,39.94,0.00020218,1
1505410774,21211374,39.94,1.77704900,1
1505410774,21211373,40.00,0.00011650,1
1505410753,21211309,40.00,24.89099975,1
1505410719,21211221,40.01,8.58490000,1
1505410702,21211157,40.01,15.93750000,0
1505410668,21211057,40.10,1.77725118,1
1505410660,21211031,40.00,25.16038465,0
1505410660,21211029,40.03,2.00000000,1
1505410659,21211028,40.04,45.08600000,1
1505410659,21211027,40.04,7.09863192,0
1505410659,21211026,40.05,32.77498300,1
1505410657,21211024,40.17,0.00000043,1
1505410650,21211016,40.30,5.84267990,1
1505410650,21211015,40.30,9.98982630,1
1505410649,21211013,40.31,8.92768600,1
1505410520,21210696,40.35,8.52910000,0
1505410381,21210381,40.17,1.76755104,1
1505410380,21210380,40.20,7.89154228,1
1505410380,21210379,40.20,2.35746268,1
1505410338,21210300,40.56,6.23123000,0
1505410338,21210299,40.56,3.76900000,1
1505410296,21210253,40.30,0.10173698,1
1505410296,21210252,40.30,2.89826302,1
1505410280,21210223,40.70,0.60000000,0
1505410261,21210185,40.80,0.97794658,0
1505410232,21210139,41.00,0.25000000,1
1505410222,21210104,40.40,75.60582139,1
1505410222,21210103,40.41,55.16000000,1
1505410219,21210092,40.42,2.60667200,1
1505410217,21210079,41.12,5.00023000,0
1505410175,21209944,40.41,1.76755147,1
1505410172,21209927,40.30,4.90630273,1
1505410171,21209926,40.30,2.47369727,1
1505410170,21209924,41.31,7.52021302,1
1505410169,21209923,41.30,6.98000000,1
1505410169,21209922,41.30,6.18790800,1
1505410169,21209920,40.62,17.14157362,0
1505410167,21209916,40.61,18.78000000,0
1505410101,21209785,40.30,0.22000000,1
1505410100,21209782,40.30,4.75000000,0
1505410100,21209781,40.30,13.03000000,0
1505410095,21209756,40.30,1.00000000,0
1505410092,21209741,40.32,4.75000000,1
1505410091,21209738,40.31,5.45085587,0
1505410091,21209736,40.30,14.03066228,0
1505410090,21209732,40.30,4.74933772,0
1505410082,21209690,40.29,13.25539800,1
1505410074,21209658,40.31,4.94914413,0
1505409981,21209311,40.13,9.00000000,0
1505409951,21209190,39.83,1.31044800,0
1505409951,21209188,39.83,28.68955200,1
1505409881,21209002,39.98,43.11492111,1
1505409879,21208990,39.99,3.88507889,1
1505409876,21208978,39.99,0.12746000,1
1505409722,21208522,40.63,47.76372138,1
1505409722,21208520,40.62,31.55550660,1
1505409722,21208514,40.17,19.15546231,0
1505409721,21208512,40.11,0.00300000,0
1505409689,21208386,39.75,40.00000000,1
1505409628,21208206,39.70,5.00000000,1
1505409623,21208189,39.70,7.80128000,1
1505409613,21208153,39.66,53.48585900,0
1505409613,21208152,39.66,25.51414100,0
1505409609,21208137,39.65,1.79697351,1
1505409604,21208105,39.33,9.64590502,0
1505409604,21208104,39.33,7.66838721,0
1505409604,21208101,39.38,0.19520000,1
1505409603,21208099,39.50,5.00000000,1
1505409603,21208098,39.50,3.78784810,1
1505409603,21208097,39.50,3.08544781,0
1505409603,21208094,39.55,2.68858407,1
1505409602,21208090,39.56,11.15550660,1
1505409601,21208085,39.90,1.05263816,1
1505409600,21208083,39.90,0.72638805,1
1505409599,21208078,40.00,8.38965434,1
1505409598,21208077,40.00,2.70901900,1
1505409598,21208076,40.00,4.85970300,1
1505409598,21208075,40.00,13.97083291,1
1505409598,21208074,40.00,9.60586209,1
1505409597,21208072,40.00,7.26119856,1
1505409597,21208070,40.00,1.16358374,1
1505409597,21208068,40.00,9.57521770,1
1505409596,21208065,40.00,6.27452300,1
1505409596,21208062,40.00,9.66890830,1
1505409586,21208023,40.00,2.88363000,1
1505409581,21208000,40.00,16.59772100,1
1505409581,21207999,40.00,12.45000000,1
1505409581,21207998,40.00,2.95227900,1
1505409577,21207973,40.00,9.04772100,1
1505409576,21207968,40.00,1.00000000,1
1505409576,21207966,40.00,1.20362785,1
1505409571,21207954,40.00,0.79637215,1
1505409571,21207953,40.00,3.00000000,1
1505409571,21207952,40.00,1.01233811,1
1505409570,21207950,40.10,4.87226800,1
1505409569,21207941,40.10,1.00000000,1
1505409569,21207938,40.10,20.70000000,1
1505409564,21207915,40.10,25.81747100,1
1505409564,21207913,40.10,15.00000000,1
1505409562,21207903,40.10,98.60500000,1
1505409561,21207900,40.11,7.85000000,0
1505409556,21207863,40.10,20.00000000,1
1505409554,21207853,40.10,20.00000000,1
1505409549,21207834,40.10,2.65895000,1
1505409545,21207827,40.10,21.00000000,1
1505409543,21207815,40.10,39.73962200,1
1505409539,21207796,40.10,51.49594200,1
1505409538,21207789,40.10,4.00000000,1
1505409535,21207778,40.10,92.83074700,1
1505409533,21207766,40.10,82.28000000,1
1505409527,21207738,40.12,8.00000000,1
1505409526,21207733,40.11,3.04700000,1
1505409517,21207687,40.12,3.63498293,0
1505409483,21207540,40.38,21.53000436,0
1505409482,21207538,40.29,2.28993300,0
1505409480,21207527,40.01,8.40937015,1
1505409479,21207525,40.29,9.58227848,1
1505409477,21207521,40.37,2.00000000,1
1505409468,21207500,40.58,23.15695593,1
1505409450,21207451,40.56,10.40000000,1
1505409406,21207302,40.40,0.16000000,0
1505409381,21207238,40.36,2.00000000,1
1505409318,21207109,40.25,8.00000000,1
1505409315,21207099,40.29,11.00000000,0
1505409301,21207058,40.30,89.00000000,0
1505409295,21207036,40.33,14.05370800,0
1505409295,21207032,40.31,1.00000000,0
1505409295,21207029,40.30,28.94629200,0
1505409293,21207020,40.32,1.00000000,1
1505409290,21207014,40.32,10.00000000,0
1505409268,21206884,40.15,64.68636900,1
1505409263,21206876,40.06,13.31363100,1
1505409263,21206875,40.20,4.00000000,1
1505409261,21206873,40.20,2.00000000,0
1505409245,21206826,40.00,0.88000000,1
1505409237,21206766,40.00,0.60141189,1
1505409237,21206765,40.00,1.00000000,1
1505409237,21206764,40.00,0.50000000,1
1505409237,21206763,40.00,1.00000000,1
1505409237,21206762,40.00,0.82884815,1
1505409221,21206679,40.00,1.00000000,1
1505409217,21206649,40.00,0.17115185,1
1505409217,21206644,40.00,1.02567937,1
1505409217,21206642,40.00,4.00000000,1
1505409217,21206641,40.00,1.22800000,1
1505409217,21206637,40.00,2.50000000,1
1505409216,21206633,40.00,12.00000000,1
1505409216,21206632,40.00,2.00000000,1
1505409216,21206630,40.00,1.20100000,1
1505409216,21206629,40.00,5.15199778,1
1505409211,21206592,40.00,0.61304554,1
1505409211,21206589,40.05,17.73695446,1
1505409211,21206586,40.05,1.04304554,1
1505409211,21206585,40.06,2.95695446,1
1505409202,21206546,40.00,4.23495668,1
1505409201,21206545,40.00,1.00000000,1
1505409201,21206544,40.00,1.00000000,1
1505409201,21206543,40.00,25.00000000,1
1505409201,21206542,40.00,2.00000000,1
1505409201,21206541,40.05,1.05263816,1
1505409201,21206539,40.05,0.14146816,1
1505409190,21206394,40.36,10.00000000,0
1505409179,21206333,40.05,1.05263816,0
1505409169,21206299,40.05,0.72638805,1
1505409165,21206288,40.05,29.27361195,1
1505409165,21206286,40.07,1.49888805,1
1505409165,21206284,40.07,0.27350000,1
1505409165,21206281,40.11,10.00000000,1
1505409163,21206273,40.14,11.00000000,1
1505409163,21206270,40.17,3.78756441,1
1505409152,21206212,40.20,8.62941300,1
1505409151,21206206,40.17,8.62941343,1
1505409149,21206201,40.20,2.32058657,1
1505409139,21206160,40.20,1.49888805,1
1505409139,21206158,40.20,0.27350000,1
1505409134,21206141,40.39,1.75752343,1
1505409129,21206116,40.42,0.16000000,1
1505409124,21206095,40.50,0.00000043,1
1505409124,21206094,40.50,3.30873600,1
1505409120,21206072,40.69,2.31026052,0
1505409120,21206068,40.57,0.00004637,0
1505409115,21206034,40.50,6.69126357,1
1505409115,21206033,40.52,1.30873643,1
1505409100,21205928,40.52,11.00000000,1
1505409079,21205829,40.58,2.54845363,1
1505409077,21205796,40.58,3.69541622,1
1505409065,21205689,41.03,1.00000000,1
1505409061,21205657,40.59,17.27795132,1
1505409059,21205647,40.60,0.56778980,1
1505409027,21205479,40.57,5.82147783,0
1505409025,21205459,40.58,4.17852217,1
1505409016,21205430,40.55,1.75752343,1
1505409014,21205422,40.54,2.20000000,1
1505409014,21205421,40.54,18.05099213,1
1505409013,21205419,40.60,0.17200000,1
1505409013,21205417,40.63,84.00000000,1
1505409013,21205415,40.85,1.73780487,1
1505409012,21205411,40.87,1.73780487,1
1505409012,21205410,40.87,1.73780487,1
1505409012,21205409,40.88,1.73738112,1
1505409011,21205408,40.92,8.26812487,0
1505409011,21205405,40.95,1.73442064,1
1505409009,21205391,41.00,33.20665892,1
1505409006,21205384,41.00,28.83830756,1
1505409006,21205383,41.00,1.00000000,1
1505409005,21205381,41.00,1.00000000,1
1505409005,21205379,41.00,1.62718444,1
1505409004,21205375,41.00,0.37281556,1
1505409003,21205373,41.00,3.01781744,1
1505409002,21205371,41.00,1.08218256,1
1505409002,21205370,41.08,2.33494644,1
1505408948,21205180,41.51,2.60921460,0
1505408943,21205160,41.08,20.00000000,1
1505408941,21205151,41.08,1.73442064,1
1505408936,21205117,41.26,0.30000000,1
1505408936,21205114,41.50,1.00000000,1
1505408933,21205099,41.52,1.70822344,1
1505408932,21205092,41.71,0.73391909,1
1505408930,21205086,41.71,8.37292100,1
1505408930,21205084,41.71,9.00000000,1
1505408929,21205081,41.71,2.91403300,1
1505408929,21205077,41.71,3.15381700,1
1505408927,21205071,41.71,1.42920700,1
1505408927,21205070,41.71,3.00000000,1
1505408927,21205066,41.71,2.70822400,1
1505408927,21205060,41.71,2.99790146,1
1505408927,21205059,41.71,6.59177800,1
1505408926,21205056,41.71,6.02690100,1
1505408926,21205054,41.71,10.79014700,1
1505408926,21205052,41.71,20.62153500,1
1505408926,21205051,41.71,4.02466600,1
1505408926,21205049,41.71,2.32197100,1
1505408924,21205043,41.71,50.00000000,1
1505408922,21205037,41.71,50.88631000,1
1505408921,21205035,41.71,50.00000000,1
1505408921,21205033,41.71,13.22238400,1
1505408921,21205031,41.71,2.99790146,1
1505408920,21205029,41.71,3.73877100,1
1505408920,21205025,41.71,9.00000000,1
1505408920,21205016,41.71,35.26528300,1
1505408919,21205004,41.71,3.00000000,1
1505408918,21204996,41.71,9.00000000,1
1505408917,21204992,41.71,14.00000000,1
1505408916,21204990,41.71,9.00000000,1
1505408915,21204980,41.71,15.22134100,1
1505408914,21204975,41.71,2.99790146,1
1505408910,21204949,41.71,50.00000000,1
1505408910,21204946,41.71,1.20580900,1
1505408910,21204945,41.71,8.37292100,1
1505408910,21204939,41.71,2.99790146,1
1505408909,21204938,41.71,3.57334836,1
1505408906,21204915,41.71,15.91512780,1
1505408906,21204907,41.71,25.00000000,1
1505408905,21204903,41.71,6.63304500,1
1505408904,21204901,41.71,2.99790146,1
1505408904,21204897,41.71,7.45610800,1
1505408903,21204893,41.71,220.68974300,1
1505408901,21204879,41.71,99.00000000,1
1505408900,21204876,41.71,87.51565000,1
1505408900,21204874,41.71,5.93003000,1
1505408898,21204864,41.71,2.81738373,1
1505408897,21204852,41.71,6.43000000,1
1505408892,21204831,41.71,50.24459000,1
1505408892,21204821,41.71,40.00003215,1
1505408888,21204808,41.71,1.93185500,1
1505408885,21204790,41.71,16.00000000,1
1505408884,21204786,41.71,29.19487600,1
1505408879,21204758,41.71,53.95679400,1
1505408878,21204753,41.71,11.00000000,1
1505408877,21204747,41.71,2.79908608,1
1505408872,21204703,41.71,18.48093300,1
1505408855,21204653,41.72,14.01600000,1
1505408855,21204652,41.72,60.98400000,1
1505408850,21204641,41.72,2.00000000,1
1505408827,21204542,41.80,34.04000000,1
1505408741,21204283,41.91,7.55261274,0
1505408740,21204281,41.91,1.00000000,0
1505408696,21204221,41.71,2.00000000,1
1505408657,21204169,41.71,3.00000000,1
1505408603,21204114,41.86,4.50000000,0
1505408594,21204108,41.86,9.25926940,0
1505408594,21204107,41.86,2.31000000,0
1505408576,21204086,41.86,16.47000000,0
1505408575,21204084,41.85,37.56295600,0
1505408569,21204072,41.85,0.90000000,0
1505408481,21203926,41.99,18.42757219,0
1505408398,21203793,41.83,13.99743400,1
1505408396,21203791,41.99,0.21386044,0
1505408355,21203729,41.75,20.00000000,1
1505408316,21203668,41.89,6.08379088,1
1505408282,21203629,42.10,10.24730501,1
1505408282,21203628,42.00,7.00000000,0
1505408281,21203627,41.94,0.50000000,0
1505408281,21203626,41.91,0.18410000,0
1505408280,21203618,41.90,3.81947462,0
1505408279,21203617,41.90,0.18410000,0
1505408279,21203615,41.90,0.18410000,0
1505408220,21203556,41.88,10.00000000,0
1505408217,21203550,41.72,54.30000066,1
1505408206,21203529,41.71,1.70822344,1
1505408198,21203511,41.77,59.18733258,0
1505408197,21203506,41.77,1.70047732,1
1505408195,21203499,41.88,1.19078319,0
1505408192,21203486,41.87,46.43800000,0
1505408192,21203485,41.87,7.55200000,0
1505408189,21203452,41.88,3.90928622,0
1505408180,21203417,41.86,18.30868289,0
1505408171,21203404,41.91,0.18411670,1
1505408148,21203364,41.94,0.50000000,1
1505408142,21203348,41.97,5.40000000,0
1505408134,21203342,41.94,0.50000000,0
1505408123,21203330,41.94,0.50000000,0
1505408071,21203226,41.90,1.70047732,1
1505408062,21203202,41.71,83.52734543,1
1505408061,21203199,41.72,20.00000000,1
1505408061,21203198,41.87,1.69642857,1
1505408059,21203194,42.00,23.76000000,1
1505407899,21202804,42.00,2.21697792,0
1505407889,21202769,41.97,1.00000000,1
1505407869,21202741,41.96,4.95607616,1
1505407869,21202740,41.98,10.79035241,1
1505407867,21202736,42.00,0.25357143,1
1505407855,21202713,42.22,5.00000000,0
1505407846,21202696,42.00,1.69642857,1
1505407843,21202689,41.76,1.95000000,0
1505407834,21202667,41.73,18.43235261,0
1505407834,21202666,41.73,20.00000000,0
1505407834,21202665,41.94,2.37959941,1
1505407834,21202664,41.97,1.69199715,1
1505407833,21202663,42.00,1.00000000,1
1505407833,21202662,42.00,1.00000000,1
1505407833,21202660,42.03,1.68918918,1
1505407833,21202659,42.10,23.79144840,1
1505407831,21202653,42.11,3.80686165,1
1505407817,21202624,42.10,1.32591104,1
1505407788,21202576,42.12,1.69199715,1
1505407785,21202532,42.10,99.88264056,1
1505407785,21202531,42.10,2.50000000,1
1505407785,21202530,42.11,14.22470520,1
1505407785,21202529,42.14,2.43189486,1
1505407784,21202528,42.14,0.96075938,1
1505407780,21202522,42.29,9.49911382,0
1505407780,21202521,42.18,1.68918918,0
1505407773,21202498,42.26,1.68002829,1
1505407773,21202497,42.30,0.00000058,1
1505407771,21202484,42.30,0.99999942,1
1505407771,21202483,42.36,1.67647058,1
1505407769,21202479,42.40,16.16720660,1
1505407759,21202462,42.40,0.99900000,1
1505407728,21202380,42.40,43.90572000,1
1505407727,21202377,42.42,1.68002829,1
1505407724,21202354,42.69,5.26911075,1
1505407724,21202353,42.69,5.42894500,0
1505407722,21202344,42.48,1.67088371,0
1505407722,21202341,42.41,16.71837757,0
1505407721,21202337,42.48,1.67096622,1
1505407717,21202304,42.50,20.26890683,0
1505407712,21202282,42.50,4.36414426,1
1505407705,21202254,42.66,27.37549000,0
1505407705,21202251,42.66,30.16906500,0
1505407704,21202248,42.60,0.63700000,0
1505407702,21202230,42.60,1.00000000,1
1505407702,21202229,42.62,20.00000000,1
1505407702,21202228,42.63,84.36300000,1
1505407679,21202062,42.63,72.20000000,0
1505407678,21202059,42.63,30.00000000,1
1505407627,21201904,42.72,19.95809500,0
1505407627,21201903,42.72,16.16740800,0
1505407621,21201888,42.66,1.67096622,1
1505407605,21201848,42.63,43.13657300,0
1505407604,21201847,42.66,1.66471962,1
1505407604,21201843,42.73,30.00000000,1
1505407603,21201836,42.74,20.19870738,1
1505407135,21201176,43.06,0.11565258,0
1505407034,21201041,43.06,3.45641500,0
1505407034,21201039,42.91,0.00000010,0
1505407032,21201036,42.90,41.57000000,0
1505406931,21200931,42.89,20.00000000,1
1505406910,21200919,42.91,4.32264400,0
1505406855,21200863,42.97,0.00450000,1
1505406823,21200845,43.10,0.00018686,1
1505406817,21200837,43.10,1.12705314,1
1505406816,21200836,43.10,1.12724000,1
1505406814,21200835,43.10,1.12724000,0
1505406790,21200815,43.07,1.03830000,0
1505406754,21200800,43.08,2.27822000,0
1505406734,21200796,43.01,7.40023000,0
1505406733,21200795,43.02,8.99604919,0
1505406629,21200692,43.12,6.01461039,0
1505406614,21200670,43.11,3.01757000,0
1505406612,21200666,42.91,3.00000000,0
1505406593,21200646,42.94,3.00000000,1
1505406413,21200486,42.91,3.00000000,1
1505406312,21200217,43.12,18.41900000,0
1505406267,21200105,43.09,36.22670000,1
1505406267,21200100,43.09,36.22670000,1
1505406266,21200098,43.09,36.22670000,1
1505406266,21200097,43.09,0.85387519,1
1505406262,21200077,43.09,19.29985798,1
1505406254,21200062,43.17,22.34844708,0
1505406250,21200054,43.09,3.83107195,1
1505406243,21200042,43.09,10.24189488,1
1505406210,21200012,43.09,2.00000000,1
1505406122,21199865,43.38,2.02351314,0
1505406100,21199847,42.73,4.13508843,0
1505406099,21199846,42.75,20.00000000,0
1505406099,21199845,42.76,2.81000000,1
1505406099,21199844,42.87,4.64081464,1
1505406098,21199843,42.87,4.64081464,1
1505406098,21199842,42.94,61.00000000,0
1505406097,21199841,43.10,5.87562305,1
1505406097,21199840,43.23,32.00500000,1
1505406096,21199839,43.24,32.00500000,1
1505406096,21199838,43.24,25.68765924,1
1505406050,21199793,43.24,6.31734076,1
1505406042,21199783,43.25,4.91490000,1
1505405856,21199680,43.25,9.08820400,1
1505405856,21199679,43.26,18.78000000,1
1505405838,21199651,43.46,2.00023000,1
1505405838,21199650,43.55,1.92974615,0
1505405836,21199649,43.46,4.76788800,0
1505405831,21199639,43.10,32.00500000,0
1505405829,21199636,43.10,15.00000000,1
1505405829,21199635,43.11,44.48100000,1
1505405768,21199562,43.33,6.76483824,1
1505405549,21199294,43.33,0.41655238,1
1505405534,21199279,43.46,3.46543000,0
1505405533,21199277,43.41,0.76740000,0
1505405533,21199276,43.41,0.76740000,0
1505405516,21199270,43.32,1.44633978,1
1505405516,21199269,43.32,2.30263158,1
1505405498,21199265,43.46,0.76668200,0
1505405496,21199263,43.42,3.12000000,0
1505405496,21199262,43.42,3.12000000,0
1505405416,21199210,43.56,3.12000000,1
1505405415,21199208,43.56,9.00000000,1
1505405406,21199194,43.34,13.26578300,1
1505405406,21199193,43.34,2.30263200,1
1505405406,21199191,43.34,2.99158500,1
1505405391,21199179,43.34,0.22000000,0
1505405390,21199176,43.34,18.78000000,1
1505405231,21199026,43.69,5.00000000,0
1505405081,21198854,43.34,31.53435000,1
1505405071,21198837,43.67,31.48614609,1
1505405069,21198836,43.65,60.00000000,0
1505404894,21198549,43.67,38.28735808,1
1505404893,21198546,43.64,42.86417852,1
1505404892,21198542,43.64,4.28891663,0
1505404873,21198517,43.69,5.00023000,0
1505404788,21198378,43.60,22.26635997,0
1505404641,21198220,43.34,7.00000000,0
1505404543,21198084,43.49,2.37558900,0
1505404540,21198077,43.49,12.77550700,1
1505404539,21198075,43.49,18.78000000,1
1505404538,21198070,43.49,18.78000000,0
1505404453,21197914,43.51,18.78000000,0
1505404392,21197803,43.36,4.25783336,1
1505404366,21197751,43.40,0.00000508,0
1505404296,21197626,43.40,9.41991200,0
1505404283,21197579,43.40,50.41278610,0
1505404283,21197577,43.39,9.42000000,0
1505404271,21197544,43.27,11.10000000,1
1505404262,21197474,43.15,6.83956796,0
1505404252,21197453,43.15,0.78503204,0
1505404252,21197452,43.15,7.62460000,0
1505404252,21197451,43.15,0.00002000,0
1505404252,21197450,43.14,7.59034796,0
1505404248,21197443,43.20,7.62458000,1
1505404247,21197441,43.19,1.99976847,0
1505404236,21197406,43.15,50.00000000,0
1505404230,21197389,43.31,3.93090930,1
1505404230,21197388,43.62,7.08321870,1
1505404228,21197386,43.30,17.53687059,0
1505404221,21197374,43.13,1.40000000,1
1505404188,21197335,43.01,7.41587941,1
1505404188,21197334,43.01,17.53687059,1
1505404150,21197212,43.25,18.77999981,0
1505404147,21197191,42.90,20.00001730,1
1505404126,21197121,43.09,4.51277374,0
1505404059,21197060,43.00,45.00000000,0
1505403913,21196859,42.98,2.01179000,0
1505403796,21196639,42.82,0.20083307,0
1505403759,21196588,42.80,5.56060810,1
1505403736,21196508,42.80,1.66471962,1
1505403736,21196507,42.80,12.77467228,1
1505403735,21196506,42.88,0.22532772,1
1505403724,21196466,42.86,0.41036650,1
1505403709,21196410,42.86,1.24661024,1
1505403520,21195913,43.42,21.54024300,0
1505403462,21195776,43.00,2.50000000,0
1505403461,21195772,43.00,1.00000000,0
1505403429,21195732,43.49,5.01149690,0
1505403409,21195682,43.00,1.65697674,1
1505403407,21195679,43.00,15.78805874,0
1505403405,21195676,43.00,0.14428953,1
1505403405,21195675,43.10,1.64777983,1
1505403405,21195674,43.20,0.50000000,1
1505403396,21195663,43.66,26.01078057,0
1505403396,21195662,43.66,25.70200000,1
1505403395,21195661,43.58,6.73993812,0
1505403395,21195659,43.57,2.83000000,0
1505403395,21195658,43.56,16.79500751,1
1505403393,21195651,43.24,1.64777983,0
1505403349,21195593,43.26,1.64170506,1
1505403331,21195556,43.46,7.21089400,0
1505403331,21195554,43.46,11.62275800,0
1505403326,21195531,43.45,11.74665700,1
1505403326,21195530,43.45,9.64000000,0
1505403323,21195516,43.38,20.00000000,1
1505403305,21195457,43.40,9.64170506,0
1505403304,21195454,43.40,5.35829494,1
1505403299,21195439,43.45,34.77275289,0
1505403299,21195438,43.44,3.04244011,0
1505403218,21195214,43.59,2.01376462,0
1505403202,21195174,43.62,6.73993812,0
1505403200,21195164,43.58,15.42000000,0
1505403166,21195065,43.52,18.78000000,1
1505403153,21195044,43.52,11.22000000,1
1505403153,21195043,43.52,30.00000000,1
1505403153,21195042,43.53,18.78000000,1
1505403140,21195013,43.54,0.00579076,1
1505403123,21194944,43.62,10.73051700,0
1505403089,21194821,43.54,18.77420924,1
1505403072,21194787,43.54,25.13298094,1
1505403062,21194766,43.61,18.76790484,0
1505403051,21194726,43.61,4.50376751,1
1505403050,21194724,43.61,0.01211765,0
1505403049,21194719,43.61,8.77000000,1
1505403049,21194717,43.61,9.99783810,1
1505403048,21194707,43.61,8.78216190,1
1505402962,21194575,43.57,3.04244011,1
1505402962,21194574,43.71,20.00000000,1
1505402960,21194572,43.77,0.00011308,1
1505402899,21194480,43.77,17.99988692,1
1505402847,21194400,43.91,1.95000000,0
1505402831,21194392,43.84,10.82000000,0
1505402812,21194365,43.85,28.28346079,0
1505402812,21194364,43.84,12.85000000,1
1505402810,21194363,43.84,15.27000000,0
1505402806,21194361,43.83,0.44242514,1
1505402806,21194359,43.83,13.37280215,1
1505402798,21194356,43.83,5.40719785,0
1505402786,21194345,43.83,0.21317721,0
1505402771,21194334,43.84,4.03000000,0
1505402770,21194333,43.84,3.91560600,0
1505402770,21194332,43.77,0.11439400,0
1505402769,21194331,43.70,4.00000000,1
1505402549,21194100,43.75,5.00000000,0
1505402513,21194075,43.58,4.89028668,0
1505402512,21194073,43.58,0.29668516,0
1505402414,21193986,43.79,2.27791733,0
1505402303,21193820,43.74,0.20000000,0
1505402247,21193774,43.83,8.46771617,0
1505402247,21193773,43.81,2.89000000,0
1505402245,21193771,43.64,5.52000000,1
1505402244,21193770,43.64,14.46000000,1
1505402244,21193769,43.65,1.38091834,0
1505402244,21193768,43.65,1.38091834,0
1505402244,21193767,43.65,1.38091834,0
1505402244,21193766,43.65,1.38091834,0
1505402241,21193765,43.64,52.64000000,0
1505402099,21193538,43.43,4.70237761,1
1505402098,21193532,43.54,0.29976610,1
1505402078,21193500,43.57,10.59151715,0
1505402077,21193497,43.55,0.11497200,0
1505402009,21193451,43.40,1.64170506,1
1505402001,21193438,43.39,0.63541206,1
1505402001,21193437,43.43,1.31458794,1
1505401997,21193427,43.69,1.00000000,0
1505401990,21193391,43.43,0.31958637,1
1505401990,21193389,43.53,0.82096494,1
1505401990,21193388,43.59,4.91638869,1
1505401982,21193363,43.65,170.49521200,1
1505401981,21193362,43.65,28.54152400,1
1505401980,21193361,43.65,333.51490200,1
1505401980,21193359,43.66,52.64000000,1
1505401976,21193350,43.65,52.65000000,1
1505401976,21193348,43.64,33.50606772,0
1505401962,21193330,43.59,15.08361131,1
1505401962,21193329,43.60,4.91638869,1
1505401961,21193326,43.60,13.44943700,1
1505401950,21193315,43.60,1.63417431,1
1505401940,21193296,43.66,20.00000000,1
1505401940,21193294,43.66,1.62634101,1
1505401940,21193293,43.66,18.37365899,1
1505401940,21193291,43.66,1.62634101,1
1505401939,21193290,43.67,17.08849140,1
1505401939,21193288,43.67,12.91150860,1
1505401939,21193287,43.67,9.04428618,1
1505401933,21193266,43.67,10.95571382,1
1505401933,21193264,43.68,20.00000000,1
1505401933,21193262,43.68,10.67062718,1
1505401923,21193240,43.68,9.32937282,1
1505401923,21193239,43.69,20.00000000,1
1505401923,21193238,43.70,20.00000000,1
1505401923,21193237,43.70,2.19632608,1
1505401922,21193236,43.71,4.16151910,1
1505401791,21193092,43.71,2.00000000,1
1505401607,21192840,43.71,10.32831748,1
1505401607,21192838,43.71,30.00000000,1
1505401607,21192837,43.80,1.04062777,1
1505401607,21192836,43.80,3.94723303,1
1505401606,21192835,43.80,0.62913837,0
1505401606,21192834,43.81,3.81946188,1
1505401606,21192832,43.90,7.00000000,1
1505401604,21192828,44.00,0.00011680,1
1505401589,21192809,44.00,39.99988320,1
1505401579,21192795,44.01,23.73000000,1
1505401535,21192692,44.02,17.55542913,1
1505401517,21192653,44.03,50.00000000,1
1505401516,21192652,44.23,2.18786809,0
1505401507,21192625,44.05,9.00000000,0
1505401505,21192617,44.04,18.00000000,1
1505401422,21192443,44.31,0.91998347,1
1505401421,21192439,44.31,1.33075000,0
1505401317,21192299,44.31,1.33074977,0
1505401209,21192167,44.10,13.10480598,0
1505401193,21192133,44.10,2.26190476,0
1505401182,21192125,44.09,9.47947380,0
1505401109,21192061,44.17,1.00023000,0
1505401109,21192060,44.17,8.75078238,1
1505401071,21192007,43.90,3.00000000,1
1505401047,21191962,43.92,5.00000000,1
1505401004,21191856,44.04,1.00000000,0
1505400985,21191809,44.34,2.18786809,0
1505400983,21191804,44.35,9.92183000,0
1505400982,21191803,44.17,0.07840000,0
1505400982,21191800,44.17,0.92160000,1
1505400980,21191797,44.36,3.36912600,1
1505400980,21191795,44.53,3.38799870,0
1505400980,21191793,44.36,6.63110400,0
1505400978,21191788,44.20,1.03214102,1
1505400978,21191785,44.20,5.58009028,0
1505400973,21191777,44.18,0.86043109,1
1505400973,21191776,44.20,0.06053236,1
1505400970,21191768,44.20,4.41796764,1
1505400969,21191767,44.20,1.10150000,1
1505400968,21191766,44.27,8.26052975,1
1505400964,21191757,44.27,1.90941925,0
1505400964,21191756,44.26,17.73005100,0
1505400963,21191751,44.26,3.98887700,1
1505400961,21191746,44.26,11.77107164,1
1505400961,21191744,44.27,1.90945231,1
1505400936,21191709,44.62,11.17884357,0
1505400931,21191704,44.66,6.09023734,0
1505400930,21191703,44.65,3.05000000,0
1505400930,21191702,44.64,0.61000000,0
1505400930,21191701,44.48,9.83647535,0
1505400929,21191700,44.47,15.43000000,1
1505400928,21191697,44.47,18.78000000,0
1505400881,21191614,44.38,8.41572300,1
1505400875,21191602,44.39,5.52000000,1
1505400838,21191535,44.48,50.00000000,0
1505400793,21191478,44.38,5.90310500,1
1505400779,21191444,44.48,10.97752826,0
1505400777,21191440,44.38,15.68117200,1
1505400773,21191432,44.48,4.48516187,0
1505400770,21191429,44.48,67.57306654,0
1505400770,21191428,44.47,3.31000000,0
1505400769,21191426,44.46,0.66000000,1
1505400769,21191425,44.46,11.95000000,1
1505400769,21191423,44.45,3.78360000,0
1505400769,21191421,44.45,1.00000000,0
1505400769,21191419,44.45,6.83000000,1
1505400768,21191415,44.41,2.00000000,0
1505400768,21191414,44.41,11.95000000,1
1505400767,21191411,44.38,6.83000000,1
1505400766,21191409,44.38,10.00000000,0
1505400766,21191408,44.38,1.95000000,0
1505400766,21191407,44.38,6.74000000,0
1505400766,21191406,44.38,0.08619181,0
1505400735,21191306,44.38,10.00023000,0
1505400702,21191271,44.38,1.95000000,0
1505400658,21191223,44.38,6.74357819,0
1505400650,21191212,44.22,0.00000400,1
1505400639,21191194,44.20,36.23729600,0
1505400634,21191184,44.20,20.07189400,0
1505400630,21191172,44.20,1.19535200,0
1505400630,21191171,44.20,8.59320900,0
1505400626,21191168,44.20,5.79594900,0
1505400625,21191164,44.19,4.67000000,0
1505400614,21191151,44.20,44.45000000,0
1505400614,21191149,44.19,5.55000000,0
1505400602,21191130,44.19,2.26288778,0
1505400588,21191114,44.20,10.00000000,0
1505400588,21191112,44.19,7.02000000,0
1505400582,21191100,44.18,0.92160000,0
1505400582,21191099,44.18,0.92160000,0
1505400581,21191096,44.18,0.92160000,0
1505400581,21191094,44.18,0.00001520,0
1505400581,21191093,44.17,0.92158480,0
1505400571,21191082,44.18,0.22566772,0
1505400546,21191067,44.19,1.01584069,0
1505400520,21191038,44.19,1.12876216,0
1505400502,21191030,44.19,0.50000000,1
1505400454,21190980,44.20,56.87000000,0
1505400453,21190979,44.19,2.29000000,0
1505400453,21190978,44.19,8.84000000,0
1505400450,21190972,44.17,9.74956983,0
1505400432,21190948,43.98,2.28630515,1
1505400430,21190947,44.17,12.93118859,1
1505400430,21190945,44.17,11.82000000,0
1505400328,21190734,44.20,26.68270000,0
1505400328,21190732,44.19,10.50000000,0
1505400328,21190731,44.13,0.81730000,0
1505400325,21190721,44.13,7.00000000,0
1505400277,21190520,43.85,11.82016931,1
1505400276,21190518,43.98,2.26922236,1
1505400250,21190448,44.12,0.45217588,0
1505400185,21190338,44.23,28.49235883,0
1505400185,21190331,44.23,68.32088724,0
