date,tid,price,amount,type
1505433653,21260954,45.60,7.02000000,1
1505433653,21260953,45.61,3.09000000,1
1505433652,21260952,45.60,4.33729337,1
1505433651,21260950,45.60,7.97521200,1
1505433651,21260949,45.61,64.09439575,1
1505433651,21260948,45.62,2.98160425,1
1505433641,21260940,45.60,67.07600000,1
1505433639,21260937,46.30,15.47925500,0
1505433639,21260936,46.29,0.00000500,0
1505433636,21260932,45.41,40.00000000,1
1505433633,21260929,46.29,3.19999500,0
1505433629,21260928,45.41,67.07600000,1
1505433619,21260912,46.35,66.10999500,0
1505433617,21260909,45.41,67.07600000,1
1505433605,21260890,45.41,0.19900000,1
1505433594,21260870,45.41,9.99100000,1
1505433578,21260843,45.41,9.99100000,1
1505433566,21260835,45.40,1.00000000,1
1505433546,21260825,45.40,99.39000000,1
1505433546,21260824,45.41,0.61000000,1
1505433531,21260801,45.39,0.93000000,1
1505433512,21260785,46.45,3.14960576,0
1505433500,21260764,45.37,0.80046814,1
1505433497,21260757,45.37,16.08000000,1
1505433491,21260752,45.37,23.11953186,1
1505433491,21260751,45.38,16.08000000,1
1505433481,21260737,45.38,16.08000000,1
1505433471,21260733,45.38,6.79000000,1
1505433470,21260732,45.38,9.28000000,1
1505433457,21260721,45.38,6.80000000,1
1505433445,21260706,45.31,0.00020898,1
1505433445,21260705,45.37,7.92979102,1
1505433428,21260702,45.37,7.08020898,1
1505433427,21260701,45.37,4.99000000,1
1505433413,21260697,45.36,1.22700000,1
1505433401,21260693,45.50,0.56000000,1
1505433386,21260674,46.35,2.21956843,0
1505433386,21260672,46.30,0.56042119,0
1505433386,21260670,46.25,0.25000000,0
1505433385,21260669,46.20,0.00000538,0
1505433385,21260667,46.17,0.25000000,0
1505433385,21260665,45.35,1.22700000,1
1505433385,21260662,45.36,0.61330000,0
1505433379,21260653,45.32,1.22660000,0
1505433378,21260650,45.32,1.21430000,0
1505433377,21260646,45.32,1.21430000,0
1505433377,21260645,45.32,1.21430000,0
1505433377,21260644,45.32,1.21430000,0
1505433374,21260637,45.35,0.00613300,0
1505433373,21260633,45.35,0.60716700,0
1505433372,21260631,45.35,0.61330000,0
1505433370,21260626,45.28,65.50649444,1
1505433370,21260625,45.30,0.00015871,1
1505433369,21260624,45.37,0.61334685,1
1505433367,21260616,46.20,5.51429500,0
1505433366,21260611,45.37,0.40562500,0
1505433366,21260604,45.37,0.59436000,0
1505433364,21260597,46.16,3.01999500,1
1505433364,21260596,46.16,3.84802000,1
1505433363,21260592,46.16,1.00000000,1
1505433362,21260590,46.16,16.08000000,1
1505433361,21260584,46.16,3.02000000,0
1505433360,21260582,46.09,16.08000000,0
1505433360,21260581,46.08,20.92760347,0
1505433352,21260572,45.31,10.67432571,1
1505433347,21260559,46.20,35.73982100,0
1505433347,21260557,46.09,0.25000000,0
1505433347,21260555,46.09,0.25000000,0
1505433347,21260553,46.09,0.25000000,0
1505433343,21260544,45.30,14.57900000,1
1505433337,21260529,45.28,3.10552129,1
1505433337,21260528,45.28,26.22015300,1
1505433334,21260519,46.18,16.07999500,1
1505433334,21260516,46.20,89.05908500,0
1505433334,21260515,46.09,0.25000000,0
1505433332,21260509,46.09,10.67432571,1
1505433332,21260508,46.09,10.90000000,1
1505433325,21260468,46.10,77.63823789,0
1505433325,21260467,46.09,0.56000000,0
1505433324,21260461,45.45,17.08056531,1
1505433324,21260458,46.09,9.13963469,1
1505433322,21260451,46.09,8.58168300,0
1505433321,21260446,45.46,8.64900000,1
1505433320,21260441,46.09,55.81087999,0
1505433320,21260440,45.45,26.22015800,0
1505433314,21260420,45.44,5.01399400,0
1505433314,21260418,45.32,33.11007900,0
1505433310,21260398,45.23,6.00000000,1
1505433308,21260388,45.23,5.65286100,1
1505433308,21260384,45.40,1.23706000,1
1505433304,21260363,46.10,94.15556018,0
1505433304,21260361,46.04,14.34229067,0
1505433304,21260360,46.04,64.94959753,0
1505433301,21260345,46.05,64.95000000,1
1505433301,21260343,46.06,14.97711180,1
1505433300,21260341,46.06,16.37000000,1
1505433298,21260338,46.06,8.64880100,0
1505433290,21260322,45.21,1.82497607,1
1505433288,21260318,45.21,13.07877200,1
1505433286,21260310,45.21,1.00000000,1
1505433285,21260305,45.20,167.45758724,1
1505433284,21260304,45.20,72.28904902,1
1505433284,21260303,45.21,11.12000000,1
1505433284,21260302,45.21,685.48000000,1
1505433284,21260301,45.21,3.78000000,1
1505433284,21260300,45.21,1.17625193,1
1505433284,21260298,45.22,27.35000000,1
1505433284,21260297,45.25,31.34711181,1
1505433281,21260293,45.22,25.09625193,1
1505433280,21260289,46.01,3.04998917,0
1505433279,21260288,45.99,0.25000000,0
1505433279,21260287,45.97,0.00000583,0
1505433279,21260286,45.97,165.79752300,0
1505433278,21260280,45.97,9.32058400,0
1505433277,21260278,45.97,0.25000000,0
1505433272,21260270,45.22,12.50000000,1
1505433271,21260265,45.21,11.11340000,1
1505433267,21260251,45.21,3.79034807,1
1505433266,21260248,45.98,31.34711181,0
1505433263,21260246,45.97,0.25000000,1
1505433263,21260243,45.97,3.60178320,1
1505433263,21260242,45.98,12.47821680,1
1505433260,21260236,45.97,0.31000000,1
1505433254,21260221,45.97,63.89000000,0
1505433253,21260218,45.20,3.79115098,1
1505433253,21260217,45.21,16.08000000,1
1505433253,21260216,45.21,661.26000000,1
1505433251,21260210,45.98,18.86884902,1
1505433251,21260209,45.21,0.30000000,1
1505433251,21260208,45.98,1.25510500,0
1505433247,21260190,45.21,23.92000000,1
1505433246,21260188,45.21,16.08000000,1
1505433240,21260135,45.22,12.50000000,1
1505433227,21260120,45.20,23.91980000,1
1505433227,21260119,45.21,16.08000000,1
1505433226,21260118,45.27,0.00020000,1
1505433218,21260112,45.27,0.54300000,1
1505433209,21260100,45.40,10.40356438,0
1505433208,21260099,45.40,27.59643562,1
1505433208,21260098,45.40,28.92414749,1
1505433208,21260097,45.40,40.00000000,1
1505433207,21260096,45.40,24.14300000,1
1505433205,21260094,45.41,0.42000000,1
1505433197,21260086,45.40,7.10000000,1
1505433186,21260070,45.41,7.20400000,1
1505433184,21260069,46.04,3.05999500,0
1505433183,21260068,45.99,0.25000000,0
1505433178,21260051,45.98,31.34711180,0
1505433175,21260049,45.96,26.47500000,1
1505433161,21260040,45.40,12.32215629,1
1505433159,21260036,45.97,102.96608959,0
1505433152,21260032,45.40,654.69436220,1
1505433152,21260031,45.41,113.95852600,1
1505433152,21260030,45.42,31.34711180,1
1505433144,21260017,45.97,200.37833604,0
1505433140,21260014,45.40,1.30387800,1
1505433137,21260003,45.98,31.34711180,0
1505433135,21260000,45.40,9.97900000,1
1505433130,21259996,45.40,40.00000000,1
1505433130,21259995,45.40,8.65289864,1
1505433130,21259994,45.41,31.34710136,1
1505433106,21259950,45.97,3.27959347,0
1505433100,21259941,45.40,14.97825600,1
1505433093,21259926,45.97,26.14112136,0
1505433092,21259924,45.40,8.32828400,1
1505433092,21259923,45.41,0.30022200,1
1505433091,21259921,45.41,13.99970300,1
1505433091,21259920,45.41,2.39353500,1
1505433085,21259894,45.98,3.21958305,0
1505433082,21259878,45.41,4.72401500,1
1505433074,21259868,46.01,3.19999500,0
1505433074,21259862,45.94,9.93000000,0
1505433074,21259861,45.41,4.72401500,1
1505433073,21259856,45.40,4.36120919,1
1505433072,21259851,45.93,9.92999500,0
1505433069,21259841,45.93,21.00000000,1
1505433067,21259836,45.52,0.00041115,0
1505433065,21259825,45.52,5.18745065,0
1505433063,21259816,45.40,15.99472280,1
1505433063,21259815,45.46,6.59920810,1
1505433061,21259811,45.94,17.40606910,1
1505433049,21259740,45.46,21.62485500,0
1505433045,21259725,45.40,0.96907590,1
1505433043,21259721,45.46,200.00000000,0
1505433037,21259701,45.40,12.00000000,1
1505433033,21259690,45.40,49.23561300,1
1505433032,21259687,45.40,39.41696087,1
1505433032,21259686,45.45,0.54100000,1
1505433032,21259684,45.46,37.31474113,1
1505433030,21259676,45.46,79.73832700,1
1505433023,21259658,45.46,14.90840000,1
1505433011,21259627,45.46,52.21380284,1
1505433006,21259618,45.46,5.28232900,1
1505432999,21259608,45.46,34.71767100,1
1505432986,21259582,45.46,20.00000000,1
1505432985,21259575,45.46,20.18975779,1
1505432977,21259557,45.46,2.80150000,1
1505432976,21259555,45.46,35.00000000,1
1505432971,21259546,45.46,2.19850000,1
1505432961,21259531,45.46,36.00000000,1
1505432960,21259526,45.46,12.00000000,1
1505432959,21259525,45.46,38.00000000,1
1505432958,21259523,45.46,2.00000000,1
1505432957,21259522,45.46,20.00000000,1
1505432951,21259517,45.46,47.90000000,1
1505432941,21259498,45.46,39.50000000,1
1505432939,21259495,45.46,34.00000000,1
1505432939,21259494,45.46,40.00000000,1
1505432927,21259478,45.50,10.10000000,1
1505432919,21259466,45.55,2.00000000,1
1505432918,21259463,45.55,2.00000000,1
1505432918,21259462,45.55,18.70283095,1
1505432918,21259461,45.55,1.29716905,1
1505432916,21259459,45.55,3.28900000,1
1505432914,21259458,45.55,2.00000000,1
1505432912,21259453,45.46,100.00000000,1
1505432911,21259451,45.50,30.00000000,0
1505432906,21259444,45.60,11.30000000,1
1505432903,21259437,45.60,28.21259519,0
1505432901,21259435,45.46,11.71497124,1
1505432901,21259434,45.50,2.75000000,1
1505432901,21259433,45.50,25.53502876,1
1505432900,21259432,45.50,23.91422508,1
1505432900,21259431,45.50,1.00000000,1
1505432900,21259430,45.55,15.00000000,1
1505432900,21259429,45.60,0.08577492,1
1505432895,21259423,45.60,10.60000000,1
1505432886,21259421,45.60,1.00000000,1
1505432884,21259417,45.60,40.00000000,1
1505432884,21259416,45.60,40.00000000,1
1505432878,21259409,45.60,10.00000000,1
1505432874,21259404,45.60,0.50000000,1
1505432866,21259394,45.60,29.78000000,1
1505432865,21259393,45.60,8.95952458,1
1505432865,21259392,45.61,31.04047542,1
1505432861,21259389,45.60,36.90000000,1
1505432851,21259366,45.61,0.30700000,1
1505432849,21259360,45.60,40.00000000,1
1505432843,21259343,46.17,2.96930240,0
1505432843,21259342,46.12,0.00036460,0
1505432843,21259341,46.10,0.00000500,0
1505432840,21259339,45.60,4.30000000,1
1505432838,21259317,46.10,16.07999500,0
1505432836,21259313,45.60,10.00000000,1
1505432829,21259307,46.11,8.95528100,0
1505432824,21259289,46.12,3.11963540,0
1505432823,21259288,45.61,8.95528644,1
1505432813,21259273,45.60,22.93400000,1
1505432809,21259266,45.60,7.92029556,1
1505432809,21259265,46.16,2.07970444,1
1505432809,21259262,46.16,14.00029056,0
1505432808,21259259,46.16,2.07970944,0
1505432808,21259258,46.06,0.00000756,0
1505432805,21259253,46.06,3.06999244,0
1505432804,21259250,46.00,0.00000256,0
1505432804,21259246,46.00,0.00000275,0
1505432804,21259244,45.99,31.34738725,0
1505432801,21259233,45.61,31.34700000,1
1505432792,21259211,45.60,10.00000000,1
1505432788,21259199,45.60,33.19700000,1
1505432779,21259184,45.60,20.88568902,1
1505432779,21259180,45.99,29.69609361,0
1505432775,21259170,45.60,100.00000000,1
1505432774,21259166,46.00,16.07999469,0
1505432774,21259165,46.00,0.00000531,0
1505432768,21259151,46.00,16.07999469,0
1505432768,21259149,46.00,0.00077731,0
1505432765,21259144,45.60,1.82394568,1
1505432765,21259143,45.61,2.74711631,1
1505432765,21259142,45.63,14.42893801,1
1505432765,21259138,45.64,14.42900000,1
1505432763,21259132,46.00,16.07922269,0
1505432763,21259130,46.00,0.00041545,0
1505432763,21259129,45.98,0.00036460,0
1505432762,21259123,45.98,3.11963540,0
1505432758,21259110,46.00,16.07958455,0
1505432758,21259108,45.99,16.08000000,0
1505432755,21259100,45.63,0.00010024,1
1505432755,21259099,45.91,0.00038928,1
1505432754,21259098,46.00,5.39551048,1
1505432741,21259054,46.00,0.17773000,1
1505432738,21259044,46.00,10.09126207,1
1505432738,21259042,46.01,5.57373793,1
1505432724,21259008,46.01,15.66500000,1
1505432715,21258994,46.00,15.47753655,1
1505432715,21258992,46.00,28.45626845,1
1505432713,21258982,46.00,38.50000000,1
1505432711,21258975,46.00,1.43500000,1
1505432707,21258964,46.03,10.10873155,1
1505432703,21258938,46.00,0.46669245,1
1505432702,21258937,46.01,38.25000000,1
1505432702,21258936,46.01,1.92830755,1
1505432700,21258926,46.01,4.25168745,1
1505432697,21258917,46.01,25.63958100,1
1505432696,21258909,46.20,0.00022815,1
1505432692,21258899,46.25,31.34709948,0
1505432691,21258898,46.21,0.00000552,0
1505432691,21258897,46.21,1.20195600,0
1505432687,21258883,46.20,7.70561039,1
1505432686,21258882,46.20,1.93338961,1
1505432675,21258858,46.20,4.57700000,1
1505432671,21258853,46.20,1.00000000,1
1505432659,21258835,46.21,3.44200000,1
1505432649,21258822,46.35,3.23999492,0
1505432649,21258820,46.35,0.00000308,0
1505432627,21258787,46.21,2.73763000,1
1505432562,21258681,46.20,7.45183942,0
1505432560,21258675,46.20,3.99761904,0
1505432560,21258674,46.20,7.70584415,0
1505432558,21258669,46.20,1.33939393,0
1505432557,21258663,46.20,10.72012987,0
1505432555,21258657,46.20,121.91307359,0
1505432555,21258655,46.19,6.18000000,0
1505432552,21258644,46.18,6.18000000,0
1505432539,21258593,45.91,10.45308472,1
1505432539,21258591,45.91,33.69091528,1
1505432520,21258546,45.91,4.26846072,1
1505432520,21258545,45.91,1.03053928,1
1505432490,21258503,45.96,2.69499500,1
1505432490,21258501,45.91,36.92883672,1
1505432490,21258499,45.94,16.08000000,1
1505432490,21258498,45.95,4.76116328,1
1505432475,21258474,45.62,6.18700000,1
1505432475,21258473,45.92,0.64000000,1
1505432470,21258458,45.94,2.06616800,1
1505432468,21258441,45.93,1.48690000,0
1505432460,21258427,45.92,4.76100000,1
1505432458,21258414,45.92,0.00000574,0
1505432458,21258403,45.92,37.95937562,0
1505432456,21258393,45.92,40.85474738,0
1505432453,21258380,45.89,4.76116300,1
1505432450,21258356,45.88,5.05746293,0
1505432446,21258339,45.92,13.47316715,0
1505432445,21258337,45.92,0.84670411,0
1505432445,21258336,45.92,0.63982561,0
1505432443,21258325,45.90,1.48690000,1
1505432443,21258324,45.90,1.48700000,1
1505432442,21258322,46.24,0.84707439,1
1505432442,21258320,46.24,1.48690000,1
1505432442,21258318,46.24,1.48690000,1
1505432441,21258310,46.24,0.95334706,1
1505432441,21258308,46.24,0.53355294,1
1505432441,21258302,46.24,1.48690000,1
1505432440,21258298,46.24,1.48690000,1
1505432437,21258280,46.24,56.07652817,0
1505432437,21258278,45.89,35.03030574,0
1505432435,21258266,45.89,4.96969426,0
1505432433,21258254,46.23,19.80991824,0
1505432433,21258253,46.23,5.91368007,0
1505432433,21258251,46.22,160.64100000,0
1505432432,21258238,46.23,3.50108084,0
1505432431,21258233,46.23,12.85234909,0
1505432431,21258232,45.91,59.19369500,0
1505432430,21258228,46.23,4.85633958,0
1505432429,21258222,46.24,34.42560000,0
1505432427,21258211,45.90,7.40950904,1
1505432427,21258210,45.91,8.67049096,1
1505432426,21258208,46.26,1.72765132,0
1505432426,21258207,46.26,171.30300000,0
1505432425,21258203,46.25,4.74376835,1
1505432425,21258198,46.25,0.00037704,0
1505432425,21258196,46.25,63.48962296,0
1505432415,21258145,45.72,8.67000000,1
1505432394,21258085,45.84,18.84623693,0
1505432394,21258084,45.84,5.09015661,0
1505432394,21258082,45.84,11.06360646,0
1505432393,21258081,45.84,15.00000000,1
1505432392,21258078,46.35,0.00000265,0
1505432392,21258076,46.22,0.24078735,0
1505432390,21258071,46.21,44.98606241,0
1505432389,21258066,46.20,6.49210128,0
1505432388,21258063,46.22,3.51558311,0
1505432378,21258055,46.23,36.24362954,1
1505432368,21258036,46.35,30.89444800,0
1505432365,21258033,46.35,4.85444627,0
1505432360,21258027,46.34,35.74889500,0
1505432360,21258023,46.34,4.82540330,0
1505432360,21258022,46.34,0.00038334,0
1505432355,21258012,46.34,1.80470340,0
1505432353,21258009,46.34,1.37419881,0
1505432353,21258006,46.50,35.74861445,1
1505432351,21257998,46.51,1.00062619,1
1505432338,21257974,46.50,22.00000000,1
1505432323,21257952,46.23,16.70100000,1
1505432302,21257920,47.10,4.91629807,0
1505432272,21257864,46.34,0.00000012,0
1505432271,21257860,46.34,5.03626700,1
1505432271,21257859,46.67,12.92572088,1
1505432264,21257846,46.68,2.29683400,1
1505432248,21257818,46.67,7.07427400,1
1505432246,21257815,46.68,7.88944400,1
1505432244,21257807,46.67,0.00000512,0
1505432241,21257800,46.67,5.03627200,0
1505432238,21257792,46.67,18.87172288,0
1505432238,21257790,46.65,5.03627212,0
1505432227,21257771,46.65,16.08000000,0
1505432223,21257763,46.65,75.35189033,0
1505432221,21257758,46.65,13.23783755,0
1505432221,21257757,46.65,36.74300000,0
1505432221,21257755,46.65,97.86237706,0
1505432220,21257751,46.65,63.48962294,0
1505432219,21257748,46.64,25.14998400,0
1505432182,21257627,46.17,2.30151400,1
1505432146,21257478,46.14,9.37921493,1
1505432112,21257437,46.01,14.29397698,1
1505432112,21257436,46.01,16.08000000,1
1505432112,21257435,46.01,5.16245602,1
1505432100,21257417,46.01,4.46356700,1
1505432043,21257315,45.86,10.32524039,1
1505432041,21257303,47.69,9.17308827,1
1505432039,21257298,47.69,2.91437173,1
1505432039,21257294,46.62,3.03000000,0
1505432038,21257292,46.11,0.00037198,0
1505432038,21257291,46.11,3.32208893,0
1505432037,21257289,45.98,0.00036607,0
1505432033,21257279,45.98,3.98152711,0
1505432032,21257278,46.11,0.65943227,0
1505432030,21257274,45.92,10.77084607,0
1505432029,21257267,45.92,3.25631416,0
1505432021,21257252,46.18,3.98189318,1
1505432021,21257250,46.18,21.99094659,1
1505432002,21257227,46.18,18.00905341,1
1505432002,21257223,46.18,0.92000000,1
1505432001,21257222,46.19,16.08000000,1
1505432000,21257219,46.18,3.78602791,1
1505431989,21257210,46.18,1.56400000,1
1505431981,21257198,46.18,40.00000000,1
1505431979,21257196,46.18,24.34500000,1
1505431951,21257161,46.19,22.89500000,1
1505431871,21256991,45.74,9.93526614,1
1505431862,21256970,45.74,7.00000000,1
1505431847,21256943,45.65,10.00000000,1
1505431843,21256935,45.60,24.70787504,1
1505431843,21256933,45.63,15.29212496,1
1505431837,21256921,45.63,0.78787504,1
1505431837,21256919,46.20,1.45212496,1
1505431828,21256913,46.21,1.45210000,1
1505431826,21256905,46.20,1.56000000,1
1505431823,21256895,46.00,0.00003504,0
1505431818,21256868,46.00,35.85019283,0
1505431816,21256863,46.00,75.62908129,0
1505431816,21256860,45.60,34.02800000,1
1505431816,21256859,45.60,0.66788630,1
1505431815,21256858,45.61,16.08000000,1
1505431815,21256857,45.99,31.34711180,0
1505431799,21256801,45.60,72.40000000,1
1505431799,21256799,45.60,2.00000000,1
1505431790,21256782,45.60,38.00000000,1
1505431780,21256769,45.60,100.00000000,1
1505431778,21256762,45.60,2.00000000,1
1505431774,21256756,45.60,33.00000000,1
1505431770,21256743,45.60,1.00000000,1
1505431767,21256735,45.60,82.19103087,1
1505431764,21256730,45.60,5.00000000,1
1505431763,21256727,45.60,2.00000000,1
1505431758,21256713,45.60,7.41000000,1
1505431753,21256710,45.60,40.00000000,1
1505431741,21256671,45.60,40.00000000,1
1505431738,21256661,45.63,1.91900000,1
1505431726,21256632,45.63,3.32800000,1
1505431711,21256589,45.63,38.75500000,1
1505431695,21256564,45.63,53.97000000,1
1505431681,21256517,45.63,2.02800000,1
1505431679,21256513,45.61,37.97231434,1
1505431679,21256512,45.97,2.02768566,1
1505431675,21256497,45.78,0.00001272,0
1505431674,21256496,45.91,2.19308728,1
1505431671,21256487,45.79,0.00038272,0
1505431670,21256484,45.79,6.77351728,0
1505431670,21256481,45.79,2.21515045,0
1505431669,21256475,45.61,1.81700000,1
1505431668,21256473,45.85,0.00001955,1
1505431668,21256471,45.94,2.21522000,1
1505431668,21256470,45.95,2.34351000,1
1505431668,21256469,45.95,2.21520000,1
1505431664,21256452,45.85,1.81730000,1
1505431662,21256444,45.85,4.95777045,0
1505431661,21256441,45.85,1.81731882,0
1505431660,21256438,45.85,1.00491073,0
1505431658,21256433,45.61,16.13945833,1
1505431657,21256432,45.61,3.72655388,1
1505431657,21256430,45.61,11.59911789,1
1505431657,21256429,45.62,8.53486990,1
1505431645,21256415,45.85,3.94600000,1
1505431632,21256399,45.60,3.83400000,1
1505431631,21256395,45.85,0.35928596,0
1505431630,21256393,45.85,3.58716404,0
1505431630,21256391,45.99,3.83355000,1
1505431620,21256378,45.99,0.00036000,1
1505431620,21256376,45.99,4.97464000,1
1505431610,21256350,45.95,6.91116463,1
1505431610,21256348,46.04,1.54183537,1
1505431609,21256347,45.97,3.42740463,0
1505431605,21256340,45.97,5.02589537,0
1505431605,21256337,45.97,0.10992500,0
1505431604,21256335,45.96,8.34340000,0
1505431604,21256334,46.20,8.34337500,1
1505431603,21256333,46.20,0.10987500,1
1505431597,21256323,46.20,0.16000000,1
1505431589,21256308,46.21,14.00000000,1
1505431587,21256306,46.11,87.27945602,0
1505431587,21256304,45.60,3.70700000,1
1505431586,21256303,46.11,24.74386800,0
1505431586,21256300,46.11,5.15701070,0
1505431586,21256298,46.11,13.41850000,0
1505431585,21256294,46.11,51.18874286,0
1505431584,21256289,46.10,18.99960342,0
1505431582,21256276,46.11,13.41850000,0
1505431580,21256270,46.10,21.61721678,0
1505431580,21256268,46.10,5.05051722,0
1505431579,21256265,46.10,13.41850000,0
1505431576,21256254,46.11,3.75320000,0
1505431575,21256253,46.11,4.89460689,0
1505431575,21256251,45.68,5.50998333,1
1505431575,21256249,46.08,0.00001667,1
1505431570,21256241,46.11,5.36290444,0
1505431569,21256238,46.08,5.51040000,1
1505431568,21256236,46.11,31.10392405,0
1505431568,21256235,46.10,4.89607595,0
1505431567,21256234,46.11,24.57687600,0
1505431565,21256227,46.11,24.47754800,0
1505431564,21256221,46.11,3.87092476,0
1505431563,21256217,46.08,1.00000000,1
1505431563,21256212,46.11,24.37843700,0
1505431561,21256206,46.11,2.83034000,0
1505431560,21256205,46.11,24.11267788,0
1505431560,21256203,45.76,0.16707712,0
1505431560,21256201,45.76,5.14944083,0
1505431559,21256196,45.76,8.58000000,1
1505431558,21256191,46.08,6.87327000,0
1505431558,21256190,46.09,24.18593500,1
1505431554,21256179,46.09,1.91111429,0
1505431553,21256175,46.08,24.01170600,0
1505431550,21256154,46.11,2.82132103,0
1505431549,21256152,45.98,2.04972993,0
1505431549,21256149,45.98,13.12940000,0
1505431548,21256145,45.95,23.84728600,0
1505431547,21256140,45.75,29.79600000,1
1505431546,21256139,45.97,8.49966900,0
1505431546,21256137,45.97,15.17912400,0
1505431546,21256135,45.96,6.62456140,0
1505431544,21256131,45.97,5.01989812,0
1505431542,21256129,45.98,23.54088200,0
1505431542,21256127,45.98,1.27961000,0
1505431540,21256114,45.97,0.86230222,0
1505431537,21256103,46.22,15.42079428,1
1505431537,21256101,46.22,3.51963512,1
1505431537,21256098,46.22,29.41242071,1
1505431537,21256097,46.27,13.01350000,1
1505431537,21256096,46.27,0.00525755,1
1505431537,21256095,46.28,43.97348391,1
1505431537,21256093,46.29,54.16000000,1
1505431534,21256082,46.28,5.29098718,1
1505431534,21256075,46.28,4.76425223,1
1505431532,21256068,46.27,1.04625297,1
1505431531,21256066,46.28,1.00000000,1
1505431529,21256055,46.27,5.23417982,1
1505431528,21256037,46.27,4.57208906,1
1505431527,21256033,46.26,2.15572060,0
1505431524,21256014,46.22,4.93368508,0
1505431515,21255966,45.86,0.94230000,0
1505431514,21255965,45.86,0.94230000,0
1505431514,21255964,45.86,2.75950322,0
1505431514,21255963,45.86,0.40749678,0
1505431514,21255962,45.86,1.88455561,0
1505431513,21255959,45.86,1.28244439,1
1505431513,21255958,45.86,0.94226220,1
1505431513,21255957,45.88,0.00003780,1
1505431512,21255956,45.88,0.94230000,1
1505431509,21255952,45.86,2.22511805,0
1505431508,21255947,46.01,1.11158195,1
1505431499,21255921,46.01,0.05621650,0
1505431498,21255916,46.01,2.16738350,0
1505431422,21255708,46.36,1.59396290,0
1505431422,21255707,45.86,0.00036710,0
1505431415,21255698,45.61,3.52135019,1
1505431415,21255697,45.64,0.53880000,1
1505431415,21255696,45.80,3.00684981,1
1505431410,21255682,45.86,1.82663290,0
1505431410,21255681,45.86,1.82700000,0
1505431410,21255680,45.86,0.75765520,0
1505431407,21255669,45.88,1.06934480,1
1505431407,21255664,45.88,0.75764342,1
1505431407,21255663,46.01,1.06935658,1
1505431407,21255662,46.01,1.82700000,1
1505431406,21255659,46.01,36.67543542,0
1505431406,21255657,46.01,2.89636188,0
1505431402,21255639,45.88,0.42800000,1
1505431402,21255637,45.85,4.20330000,0
1505431402,21255635,45.85,0.42824085,0
1505431401,21255626,45.88,0.62656642,1
1505431401,21255624,45.89,1.58696742,1
1505431401,21255623,45.89,1.56152531,1
1505431399,21255612,46.26,0.42820270,1
1505431397,21255604,45.90,0.00003148,0
1505431397,21255603,45.89,0.31230000,0
1505431397,21255601,45.89,0.31230000,0
1505431397,21255600,45.89,0.31230000,0
1505431396,21255597,45.89,0.31230000,0
1505431396,21255596,45.89,0.31230000,0
1505431396,21255595,45.89,0.00041595,0
1505431394,21255589,45.89,0.02063707,0
1505431394,21255587,45.88,0.31230000,0
1505431394,21255586,45.88,0.31230000,0
1505431393,21255584,45.87,0.31230000,0
1505431393,21255582,45.87,0.31230000,0
1505431393,21255581,45.88,0.31230000,0
1505431391,21255575,45.89,0.29124698,0
1505431391,21255573,45.89,0.31230000,0
1505431390,21255570,45.93,0.31226852,1
1505431385,21255566,46.28,0.34073589,1
1505431385,21255565,46.28,2.33155911,0
1505431385,21255564,46.28,2.33003009,0
1505431385,21255562,46.28,0.20891074,0
1505431384,21255560,45.93,1.85015148,0
1505431384,21255557,45.93,0.31227053,0
1505431381,21255547,45.80,8.79315019,1
1505431381,21255546,45.88,1.98584981,1
1505431377,21255537,45.88,98.01415019,0
1505431377,21255536,45.88,1.98584981,0
1505431375,21255529,45.93,2.98957799,0
1505431374,21255526,46.08,10.77860000,1
1505431374,21255525,46.28,2.11253874,0
1505431369,21255515,45.94,43.17906671,0
1505431369,21255513,45.92,63.90000000,0
1505431369,21255511,45.94,5.15236329,0
1505431367,21255502,45.80,169.19781620,0
1505431367,21255501,45.80,12.75344000,0
1505431367,21255498,45.82,0.53670000,1
1505431366,21255496,45.90,9.91074609,1
1505431366,21255495,45.90,4.42594771,1
1505431364,21255491,45.95,2.17535000,0
1505431363,21255483,45.90,2.11000000,1
1505431362,21255476,45.90,4.95540000,0
1505431361,21255475,45.90,4.95535451,0
1505431361,21255473,45.90,0.00004549,1
1505431360,21255469,45.90,1.19995451,1
1505431360,21255468,45.94,3.75544549,1
1505431357,21255460,45.92,0.00001328,0
1505431356,21255455,46.00,4.08755756,1
1505431356,21255454,46.00,18.80795614,1
1505431356,21255453,46.28,0.33257302,1
1505431352,21255440,46.28,4.62600000,1
1505431328,21255360,46.28,0.51100000,1
1505431322,21255340,46.00,22.50396107,1
1505431322,21255339,46.00,8.33227514,1
1505431322,21255338,46.01,0.51124465,1
1505431317,21255321,46.01,2.52616123,1
1505431312,21255297,46.01,2.28000000,1
1505431312,21255296,46.34,5.26000000,1
1505431306,21255238,46.01,0.80856812,0
1505431305,21255223,46.01,0.45429154,0
1505431303,21255216,46.01,4.86312018,0
1505431302,21255211,46.00,19.71602000,1
1505431301,21255200,46.01,31.34748086,0
1505431297,21255166,46.00,14.95065026,1
1505431297,21255165,46.00,46.45559628,1
1505431297,21255164,46.34,8.03000000,1
1505431297,21255162,46.85,30.56375346,1
1505431296,21255157,46.85,3.20376766,1
1505431295,21255147,46.85,6.44626888,1
1505431287,21255099,46.33,3.48982081,1
1505431287,21255098,46.37,5.39479919,1
1505431287,21255097,46.41,4.20938000,1
1505431286,21255093,46.58,1.00000000,0
1505431283,21255078,46.34,7.86521355,0
1505431282,21255074,46.34,10.55590000,0
1505431281,21255071,46.34,10.55590000,0
1505431280,21255066,46.34,5.89990831,0
1505431280,21255065,46.33,28.97659640,0
1505431278,21255058,46.34,5.12307814,0
1505431277,21255054,46.01,2.53481539,1
1505431271,21255011,46.01,100.00000000,1
1505431271,21255003,46.01,37.46480654,1
1505431260,21254940,46.00,37.46480654,1
1505431260,21254939,46.00,2.00000000,1
1505431260,21254938,46.00,0.53460000,1
1505431260,21254937,46.03,0.00021539,1
1505431252,21254916,46.03,5.83200000,1
1505431241,21254890,46.03,4.16778461,1
1505431241,21254889,46.04,1.00000000,1
1505431241,21254888,46.10,0.11000000,1
1505431241,21254887,46.18,5.40424819,1
1505431241,21254886,46.23,31.32996720,1
1505431237,21254827,46.23,6.65634541,0
1505431236,21254822,46.23,14.24501612,0
1505431236,21254820,46.23,17.08534812,0
1505431236,21254815,46.34,2.01253421,1
1505431235,21254814,46.34,39.99962193,1
1505431235,21254812,46.34,0.45560000,1
1505431230,21254802,46.34,53.01300000,1
1505431223,21254777,46.34,50.00000000,1
1505431221,21254772,46.34,9.99962193,1
1505431217,21254752,46.34,30.00000000,1
1505431213,21254749,46.34,100.00000000,1
1505431210,21254743,46.34,339.00000000,1
1505431210,21254742,46.34,21.00000000,1
1505431201,21254710,46.34,39.99962193,1
1505431196,21254698,46.36,4.81400000,1
1505431182,21254661,46.36,36.67314698,0
1505431182,21254660,46.36,0.10191904,0
1505431182,21254656,46.36,3.22455591,0
1505431167,21254609,46.35,3.70000000,1
1505431151,21254582,47.02,3.07999500,0
1505431147,21254574,46.87,77.67529000,0
1505431146,21254573,46.87,6.32429600,0
1505431143,21254563,46.96,3.20665483,0
1505431137,21254552,46.91,2.37040360,1
1505431136,21254551,46.91,82.62922352,0
1505431135,21254547,46.35,6.75300000,1
1505431134,21254543,46.91,0.61866387,0
1505431134,21254542,46.90,2.95233200,0
1505431134,21254539,46.90,3.37462000,0
1505431133,21254536,46.91,1.75211261,0
1505431132,21254534,46.90,0.14041739,0
1505431132,21254533,46.90,63.85958261,1
1505431128,21254526,46.90,3.66498000,0
1505431126,21254521,46.50,117.02360492,0
1505431126,21254520,46.50,63.85958261,0
1505431125,21254517,46.50,1.14802000,0
1505431125,21254515,46.90,17.96879247,1
1505431125,21254513,46.90,49.79805800,1
1505431124,21254511,46.90,17.80000000,1
1505431124,21254510,46.90,5.43277247,0
1505431122,21254503,46.90,0.56760041,0
1505431122,21254501,46.90,84.99962712,0
1505431118,21254496,46.46,31.34700000,1
1505431116,21254494,46.14,32.44488962,1
1505431116,21254493,46.18,100.00000000,1
1505431116,21254492,46.18,0.53250000,1
1505431116,21254491,46.20,10.00000000,1
1505431116,21254489,46.21,2.11337423,1
1505431116,21254488,46.24,86.00000000,1
1505431116,21254487,46.35,91.00000000,1
1505431116,21254486,46.36,108.17900000,1
1505431115,21254485,46.36,25.78300000,1
1505431115,21254484,46.36,0.53040000,1
1505431115,21254483,46.37,36.21700000,1
1505431115,21254482,46.40,0.11000000,1
1505431115,21254481,46.44,92.00000000,1
1505431115,21254480,46.50,7.52688172,1
1505431115,21254479,46.50,1.00000000,1
1505431115,21254478,46.55,0.52830000,1
1505431115,21254477,46.57,1.51228960,1
1505431114,21254476,46.57,0.01275320,1
1505431114,21254475,46.61,2.86059644,1
1505431114,21254474,46.62,1.70241613,1
1505431114,21254473,46.66,105.81623660,1
1505431114,21254472,46.66,6.62078868,1
1505431114,21254471,46.67,655.48037807,1
1505431099,21254461,46.67,29.99962193,1
1505431099,21254459,46.67,10.00000000,1
1505431064,21254408,47.06,30.99959506,0
1505431060,21254394,46.95,11.12037220,1
1505431060,21254393,47.01,1.23731759,1
1505431058,21254390,47.01,0.11100000,1
1505431054,21254385,47.15,9.61587625,0
1505431053,21254384,47.01,1.34869975,0
1505431052,21254381,47.01,0.11120025,1
1505431048,21254372,47.01,0.00036975,0
1505431042,21254368,47.01,10.15549040,0
1505431021,21254319,47.25,1.91758000,0
1505431019,21254317,47.25,4.26649714,0
1505431019,21254316,47.24,4.77036286,0
1505430950,21254236,47.55,13.43258700,0
1505430950,21254235,47.50,0.00000500,0
1505430946,21254231,47.50,3.14999500,0
1505430944,21254228,47.49,2.82964300,0
1505430932,21254220,46.99,67.07600000,1
1505430921,21254212,47.09,2.93000000,1
1505430912,21254194,47.10,7.60000000,1
1505430907,21254190,47.54,31.34747500,1
1505430896,21254180,47.00,3.81553400,1
1505430871,21254152,47.00,0.00021740,1
1505430871,21254151,47.10,35.67726456,1
1505430871,21254150,47.10,55.63251804,1
1505430857,21254126,47.09,19.18100000,1
1505430841,21254101,46.99,1.00000000,1
1505430823,21254063,46.99,5.04000000,1
1505430812,21254051,46.97,5.43000000,1
1505430797,21254030,47.11,0.11696300,1
1505430795,21254027,47.11,16.56900000,1
1505430791,21254018,47.25,39.99962193,0
1505430791,21254017,47.21,0.00000170,0
1505430790,21254015,47.21,16.36293000,0
1505430776,21253989,47.60,5.52817915,0
1505430774,21253986,47.24,26.21500000,1
1505430772,21253981,47.25,26.21500177,1
1505430762,21253968,47.16,5.89800000,1
1505430748,21253935,47.42,26.54181078,0
1505430747,21253933,47.41,26.21500177,1
1505430747,21253930,47.26,11.20000000,1
1505430746,21253928,47.42,103.24317075,0
1505430746,21253927,47.08,31.67355000,0
1505430745,21253921,47.21,63.86000000,1
1505430744,21253916,47.42,5.13211180,0
1505430744,21253915,47.44,31.40990667,1
1505430743,21253912,47.44,0.00036616,0
1505430743,21253911,47.43,17.15000000,0
1505430741,21253902,47.44,22.34492257,0
1505430739,21253896,47.44,151.26771127,0
1505430730,21253871,47.24,5.93100000,1
1505430722,21253848,47.22,77.43881200,1
1505430714,21253828,47.18,1.53100000,1
1505430712,21253821,47.17,4.94500000,1
1505430705,21253802,47.42,2.23500441,1
1505430705,21253801,47.41,22.44900000,0
1505430704,21253792,47.44,6.66311180,1
1505430703,21253789,47.43,24.68400000,0
1505430703,21253786,47.09,3.14010000,1
1505430689,21253742,47.29,31.34672881,0
1505430680,21253713,47.27,16.43000000,1
1505430652,21253613,47.07,17.14900000,1
1505430642,21253574,47.28,77.60741000,1
1505430635,21253565,47.28,0.00038299,0
1505430634,21253563,47.28,77.69229644,0
1505430633,21253556,47.28,5.30732057,0
1505430623,21253544,47.37,71.54245860,0
1505430620,21253530,47.37,9.45712129,0
1505430620,21253529,47.28,71.54248285,0
1505430619,21253524,47.28,5.45751715,0
1505430604,21253462,47.38,79.99959575,0
1505430599,21253455,47.37,32.99959366,0
1505430577,21253368,47.38,88.99962433,0
1505430561,21253327,47.45,31.34711180,0
1505430522,21253206,47.10,23.84148533,1
1505430522,21253205,47.11,31.20051467,1
1505430520,21253195,47.50,39.64000000,1
1505430518,21253187,47.42,11.09000000,1
1505430517,21253184,47.42,16.08000000,0
1505430517,21253183,47.42,0.00041545,0
1505430514,21253173,47.42,16.07958455,0
1505430511,21253164,47.38,16.07958455,0
1505430510,21253158,47.43,75.99963339,0
1505430510,21253157,47.43,50.00000000,0
1505430504,21253136,47.44,1.58170961,1
1505430504,21253134,47.44,85.49793000,1
1505430504,21253133,47.45,6.50207000,1
1505430500,21253119,47.44,1.45003700,0
1505430499,21253117,47.44,14.78890000,0
1505430499,21253115,47.38,47.43082667,0
1505430498,21253111,47.38,16.07958455,0
1505430497,21253106,47.38,26.48958878,0
1505430497,21253105,47.37,63.51000000,0
1505430494,21253101,47.44,31.99962921,0
1505430490,21253095,47.44,15.26711180,1
1505430489,21253092,47.44,16.08000000,1
1505430488,21253090,47.45,16.07999429,0
1505430488,21253088,47.45,0.00000571,0
1505430485,21253080,47.45,16.07999429,0
1505430484,21253078,47.45,0.00041271,0
1505430479,21253067,47.45,16.07958729,0
1505430479,21253066,47.45,0.00041545,0
1505430475,21253058,47.45,16.07958455,0
1505430463,21253025,47.44,16.07958455,0
1505430299,21252851,47.58,10.57909000,1
1505430281,21252837,47.49,3.78852225,0
1505430281,21252836,47.49,16.36293170,1
1505430244,21252805,47.95,0.60000000,0
1505430203,21252719,47.66,39.02024000,0
1505430133,21252654,47.66,0.97976000,0
1505430118,21252651,47.64,16.36293170,0
1505430033,21252591,47.21,0.33339501,1
1505429954,21252528,47.21,100.00000000,1
1505429938,21252478,47.21,6.17000000,1
1505429925,21252434,47.17,11.99000000,1
1505429904,21252412,47.22,5.68000000,1
1505429895,21252404,47.21,7.09000000,1
1505429883,21252388,47.43,12.09800000,1
1505429868,21252379,47.12,51.63000000,1
1505429854,21252368,47.05,2.47500000,1
1505429853,21252366,47.12,8.00000000,1
1505429840,21252354,47.05,16.52000000,1
1505429823,21252348,47.08,6.80000000,1
1505429769,21252274,47.10,1.53600000,1
1505429752,21252247,47.03,6.81095000,1
1505429752,21252246,47.34,2.20905000,1
1505429750,21252243,47.16,6.72475956,1
1505429748,21252237,47.22,34.25500000,0
1505429748,21252236,47.22,9.02024044,1
1505429705,21252189,47.23,15.00000000,1
1505429701,21252180,47.67,40.00000000,1
1505429697,21252172,47.34,0.97976000,1
1505429683,21252158,47.60,10.00000044,1
1505429682,21252157,47.60,77.60693500,1
1505429679,21252153,47.60,10.00000000,1
1505429662,21252126,47.60,1.61500000,1
1505429634,21252097,47.61,5.88951901,0
1505429634,21252096,47.61,5.25804100,0
1505429632,21252094,47.60,11.89750100,1
1505429632,21252093,47.60,29.49610500,1
1505429625,21252085,47.61,14.12034300,1
1505429619,21252078,47.60,8.76300000,1
1505429618,21252075,47.60,7.12432706,1
1505429618,21252073,47.60,9.23839693,1
1505429608,21252070,47.60,2.57818900,1
1505429606,21252068,47.60,1.99600000,1
1505429591,21252058,47.60,6.47454000,1
1505429582,21252049,47.60,165.74126500,1
1505429580,21252048,47.60,5.56640400,1
1505429580,21252047,47.60,4.24725477,1
1505429579,21252045,47.60,107.60309746,1
1505429579,21252044,47.61,31.49366254,1
1505429570,21252031,47.60,0.32760000,1
1505429567,21252025,47.60,0.99800000,1
1505429565,21252024,47.60,6.63274300,1
1505429564,21252022,47.60,7.49390800,1
1505429562,21252020,47.60,31.49366254,0
1505429490,21251940,47.50,3.28039800,0
1505429488,21251929,47.56,16.08000000,1
1505429488,21251927,47.57,16.08000000,1
1505429427,21251831,47.13,1.83500000,1
1505429381,21251756,47.15,0.00000139,1
1505429368,21251740,47.15,6.02064255,0
1505429368,21251739,47.04,6.58388606,0
1505429356,21251715,46.99,2.84469888,0
1505429329,21251671,46.86,16.08000000,1
1505429312,21251622,46.86,10.00000000,1
1505429308,21251610,47.00,0.36000000,1
1505429307,21251606,47.00,15.72000000,1
1505429306,21251605,46.99,16.08000000,0
1505429305,21251603,47.00,16.08000000,1
1505429303,21251599,47.00,16.08000000,1
1505429301,21251591,46.94,16.08000000,0
1505429294,21251574,46.84,1.08619753,1
1505429294,21251572,46.85,8.91380247,1
1505429143,21251383,47.00,1.33200000,0
1505429139,21251376,46.99,7.84315800,0
1505429130,21251355,47.00,0.36112000,0
1505429130,21251354,47.00,12.87000000,0
1505429083,21251259,46.70,1.00000000,1
1505429077,21251251,46.70,10.00000000,1
1505429076,21251249,46.70,1.00000000,1
1505429070,21251245,46.70,0.99951048,1
1505429070,21251244,46.86,0.00048952,1
1505429061,21251234,46.86,2.85200000,1
1505428926,21251106,47.05,86.60000000,0
1505428924,21251105,47.05,5.06000000,0
1505428883,21251082,46.88,8.20300000,1
1505428866,21251075,46.87,17.57500000,1
1505428857,21251068,46.86,8.29800000,1
1505428851,21251063,47.00,3.08307952,0
1505428850,21251062,47.00,12.99692048,1
1505428841,21251053,47.00,13.37000000,1
1505428830,21251042,47.00,9.06700000,1
1505428817,21251022,47.00,7.56607952,1
1505428817,21251019,47.00,2.50000000,1
1505428817,21251017,47.00,2.29092048,1
1505428807,21250974,47.00,0.20907952,1
1505428807,21250973,47.00,99.79092048,1
1505428798,21250962,47.07,10.95823030,0
1505428795,21250961,47.00,16.78800000,1
1505428786,21250947,47.01,4.00600000,1
1505428767,21250914,47.16,16.36272399,0
1505428766,21250913,47.00,0.00031428,1
1505428766,21250912,47.01,30.02000000,1
1505428766,21250911,47.01,30.58268572,1
1505428755,21250885,47.01,2.98900000,1
1505428731,21250841,47.04,33.94145197,1
1505428731,21250840,47.05,31.49366254,1
1505428723,21250832,47.21,4.54790000,1
1505428714,21250810,47.26,5.87272399,0
1505428713,21250809,47.25,10.49000000,0
1505428686,21250728,47.40,16.36272399,0
1505428646,21250662,47.56,3.93742399,0
1505428646,21250661,47.55,12.42530000,0
1505428620,21250608,47.12,10.49000000,1
1505428620,21250607,47.24,15.00000000,1
1505428619,21250603,47.60,16.36272399,0
1505428609,21250563,47.27,12.32000000,1
1505428598,21250551,47.27,31.38800000,1
1505428590,21250544,47.72,2.67520000,0
1505428558,21250515,47.87,0.28272399,0
1505428558,21250514,47.77,16.08000000,0
1505428528,21250472,47.82,13.97935745,0
1505428527,21250471,47.78,2.38336654,0
1505428520,21250461,47.54,7.58000000,1
1505428500,21250418,47.78,16.36272399,0
1505428476,21250358,47.78,1.15272399,0
1505428476,21250357,47.77,15.21000000,0
1505428460,21250315,47.73,16.36272399,0
1505428399,21250245,47.77,16.36272399,0
1505428397,21250238,47.53,0.10530000,1
1505428338,21250115,47.80,2.91588277,0
1505428338,21250114,47.77,13.44684122,0
1505428245,21249992,47.76,16.36272399,0
1505428180,21249913,47.90,16.36272399,0
1505428167,21249909,47.58,35.00000000,1
1505428138,21249856,47.85,0.67427056,0
1505428113,21249839,47.68,37.38100000,1
1505428101,21249818,47.65,10.55338247,1
1505428101,21249817,47.66,4.44661753,1
1505428091,21249804,47.70,17.31600000,1
1505428058,21249781,47.85,12.14221496,0
1505428011,21249742,47.73,16.08000000,1
1505427872,21249580,48.11,1.05154669,0
1505427872,21249579,48.11,0.01913000,0
1505427852,21249548,48.11,2.41822000,0
1505427852,21249546,48.11,11.78265000,0
1505427852,21249544,48.11,0.01645000,0
1505427844,21249530,48.11,1.84815000,0
1505427843,21249526,48.11,14.21540000,0
1505427833,21249515,48.14,20.48831600,0
1505427820,21249482,48.32,2.08590000,0
1505427576,21249107,48.49,16.36293170,0
1505427529,21249038,48.51,4.09771181,0
1505427504,21248978,48.50,3.92000000,0
1505427503,21248974,48.50,16.08000000,1
1505427488,21248951,48.60,0.07293170,0
1505427488,21248950,48.59,16.29000000,0
1505427485,21248946,48.60,16.08000000,0
1505427484,21248943,48.59,16.08000000,0
1505427431,21248809,48.42,1.46373946,1
1505427431,21248808,48.53,1.02761179,0
1505427429,21248801,48.53,0.11811176,1
1505427410,21248760,48.39,16.36293170,1
1505427404,21248730,48.38,3.30949893,1
1505427399,21248709,48.53,81.67972674,0
1505427398,21248705,48.39,15.01050000,1
1505427390,21248631,48.57,13.69963477,0
1505427389,21248625,48.57,31.49366254,0
1505427388,21248613,48.57,29.00000000,0
1505427388,21248612,48.57,28.13547800,0
1505427388,21248610,48.56,46.54698300,0
1505427387,21248605,48.46,36.11148800,1
1505427387,21248600,48.56,12.59766500,1
1505427386,21248594,48.56,19.91715200,1
1505427386,21248591,48.56,16.08000000,1
1505427386,21248589,48.56,30.46698300,1
1505427375,21248514,48.76,0.50633746,0
1505427375,21248511,48.75,31.49366254,0
1505427373,21248498,48.76,21.68075415,0
1505427371,21248491,48.66,26.73192200,1
1505427368,21248480,48.66,22.09420000,1
1505427357,21248432,48.56,3.93820000,0
1505427355,21248422,49.68,0.07159566,0
1505427354,21248421,49.34,88.00000000,0
1505427354,21248419,49.32,642.73953582,0
1505427354,21248417,49.28,2.91000000,0
1505427354,21248414,49.27,85.17300000,0
1505427354,21248413,49.22,81.00000000,0
1505427354,21248412,49.21,84.70500000,0
1505427354,21248411,49.12,86.00000000,0
1505427354,21248409,49.06,0.22091866,0
1505427353,21248408,49.01,85.00000000,0
1505427353,21248407,48.91,65.47000000,0
1505427353,21248405,48.90,75.00000000,0
1505427353,21248403,48.90,50.00000000,0
1505427341,21248365,48.46,84.00000000,1
1505427335,21248333,48.37,33.97999996,1
1505427335,21248331,48.39,0.00000004,1
1505427266,21248182,48.39,1.99999996,1
1505427266,21248181,48.54,0.82636604,1
1505427209,21248045,48.39,16.36293170,0
1505427183,21247947,48.15,15.16000000,0
1505427181,21247939,48.15,0.92000000,1
1505427179,21247920,48.15,16.08000000,0
1505427149,21247849,47.88,31.49366254,0
1505427139,21247808,48.17,7.67253170,0
1505427138,21247807,47.79,5.72938300,0
1505427138,21247806,47.79,2.96101700,0
1505427120,21247701,47.80,6.32018962,0
1505427108,21247640,47.70,31.49350358,0
1505427086,21247589,47.80,34.06437123,1
1505427085,21247584,47.80,3.39365183,1
1505427085,21247581,47.79,3.06000000,0
1505427085,21247580,47.69,168.10400000,0
1505427085,21247578,47.69,162.06200000,0
1505427084,21247576,47.68,31.49366254,0
1505427028,21247474,47.20,0.00000149,0
1505427027,21247472,47.20,4.02444000,0
1505427010,21247457,47.20,15.83580600,0
1505427008,21247453,47.20,0.44127600,0
1505427000,21247425,47.20,3.58316500,0
1505426993,21247413,47.17,5.11014200,1
1505426989,21247406,47.19,11.25278962,1
1505426981,21247394,47.01,16.42831428,1
1505426981,21247392,47.10,0.11000000,1
1505426981,21247390,47.11,0.00000038,1
1505426980,21247388,47.17,18.81916472,0
1505426979,21247383,47.17,4.62264150,0
1505426977,21247378,47.17,23.04699975,0
1505426976,21247377,47.11,11.25278962,0
1505426968,21247369,47.20,3.68000000,0
1505426968,21247368,47.19,12.40000000,0
1505426967,21247367,47.20,16.08000000,0
1505426966,21247366,47.20,0.00009786,0
1505426966,21247365,47.20,28.74721038,0
1505426964,21247363,47.25,16.08000000,0
1505426963,21247327,47.25,16.08000000,0
1505426961,21247314,47.20,10.00000000,1
1505426961,21247313,47.25,35.52340091,1
1505426939,21247295,47.25,19.76791930,1
1505426900,21247259,47.35,31.11531151,0
1505426877,21247228,47.26,8.35839037,1
1505426877,21247227,47.29,0.18862339,1
1505426877,21247226,47.33,0.00000024,1
1505426874,21247224,47.33,9.02264500,1
1505426854,21247192,47.33,0.97735476,1
1505426853,21247190,47.38,61.55164524,0
1505426852,21247186,47.38,42.24900000,1
1505426845,21247180,47.39,31.49366254,0
1505426813,21247120,47.57,24.99999976,1
1505426805,21247098,47.58,45.52028022,0
1505426804,21247097,47.57,29.47971954,0
1505426738,21246992,47.68,5.21339140,0
1505426738,21246991,47.68,8.06517298,0
1505426717,21246974,47.55,57.74555772,0
1505426716,21246968,47.56,2.25444228,1
1505426681,21246940,47.75,1.49277184,1
1505426634,21246907,47.83,2.50000000,1
1505426634,21246906,47.83,2.50000000,1
1505426633,21246905,47.90,7.06527914,1
1505426595,21246887,47.90,11.93465341,1
1505426595,21246886,47.91,125.21134659,1
1505426583,21246879,47.91,24.36802700,1
1505426582,21246877,47.91,24.31701200,1
1505426581,21246875,47.91,46.81300000,1
1505426576,21246871,47.91,165.75349786,1
1505426575,21246870,47.95,2.82650214,1
1505426570,21246864,47.95,3.33400000,1
1505426569,21246863,47.95,87.81300000,1
1505426557,21246855,47.95,1.47500000,1
1505426556,21246853,47.95,1.71000000,1
1505426554,21246851,47.95,1.00000000,1
1505426551,21246843,47.95,2.40119400,1
1505426535,21246835,47.95,155.00000000,1
1505426522,21246827,47.95,5.01264000,1
1505426513,21246821,47.95,39.75172980,1
1505426513,21246820,48.00,0.00000020,1
1505426506,21246811,48.00,18.08994800,1
1505426505,21246810,48.00,19.56700000,1
1505426500,21246801,48.12,16.36251500,0
1505426498,21246791,48.00,8.52055648,1
1505426498,21246790,48.00,1.47944352,1
1505426494,21246785,48.05,10.04139489,1
1505426481,21246770,48.05,1.32900000,1
1505426476,21246766,48.05,3.61583000,1
1505426436,21246701,48.05,18.77428400,1
1505426435,21246698,48.05,16.23949111,1
1505426435,21246695,48.10,0.11000000,1
1505426435,21246692,48.10,51.96839589,1
1505426433,21246687,48.17,15.07451500,1
1505426431,21246679,48.17,1.28800000,1
1505426407,21246615,48.10,6.60392800,1
1505426407,21246611,48.10,21.64100000,1
1505426406,21246600,48.10,1.30100000,1
1505426405,21246593,48.10,166.00000000,1
1505426405,21246591,48.10,31.40100000,1
1505426401,21246579,48.10,72.77737600,1
1505426399,21246570,48.10,134.88800000,1
1505426397,21246557,48.11,20.00000000,1
1505426367,21246525,48.29,16.36251500,0
1505426355,21246520,48.16,14.34857200,0
1505426354,21246519,48.18,42.66000000,1
1505426306,21246486,48.38,16.36251500,0
1505426264,21246435,48.12,49.18361671,1
1505426264,21246434,48.20,4.13838329,1
1505426218,21246289,48.39,7.23516443,1
1505426161,21246183,48.26,18.05520677,1
1505426161,21246182,48.40,16.36251500,1
1505426116,21246097,48.34,2.91700000,1
1505426097,21246063,48.40,0.28251500,0
1505426097,21246062,48.39,16.08000000,0
1505426075,21246030,48.42,16.08000000,1
1505426075,21246029,48.43,31.49366254,1
1505426072,21246028,48.64,18.00000000,0
1505426018,21245952,48.69,10.87884400,0
1505426018,21245951,48.68,5.48367100,0
1505425998,21245932,48.71,0.97888484,0
1505425998,21245931,48.70,14.37000000,0
1505425995,21245924,48.43,5.48367100,1
1505425990,21245917,48.69,5.48367065,1
1505425989,21245916,48.68,18.07800000,0
1505425988,21245915,48.67,4.65092454,0
1505425968,21245895,48.71,0.82138344,0
1505425950,21245878,48.70,5.10448992,0
1505425937,21245868,48.71,11.25288900,0
1505425928,21245852,48.67,1.13627100,1
1505425927,21245850,48.67,3.76856300,1
1505425927,21245849,48.68,0.20479200,1
1505425918,21245838,48.59,0.20483400,0
1505425908,21245822,48.43,0.97750000,1
1505425902,21245818,48.39,16.08000000,0
1505425900,21245817,48.59,0.28251500,0
1505425900,21245816,48.57,16.08000000,0
1505425893,21245811,48.59,50.00000000,0
1505425893,21245810,48.58,20.00000000,0
1505425878,21245801,48.45,77.90092300,1
1505425878,21245800,48.46,65.52000000,1
1505425839,21245766,48.57,16.36251500,0
1505425823,21245746,48.36,3.39727200,1
1505425808,21245713,48.72,9.05381220,0
1505425808,21245710,48.72,7.30870280,0
1505425805,21245707,48.35,8.59760615,0
1505425803,21245705,48.35,28.85754063,0
1505425803,21245703,48.36,1.73648732,1
1505425803,21245702,48.37,15.00000000,1
1505425674,21245557,48.76,2.00000000,0
1505425374,21244915,48.99,14.69397000,1
1505425373,21244914,48.99,1.03840000,1
1505425372,21244912,48.99,0.63014500,1
1505425316,21244793,48.98,3.79278500,1
1505425311,21244787,48.98,12.56973000,1
1505425246,21244629,48.99,16.36251501,1
1505425162,21244504,48.97,16.36251501,1
1505425136,21244463,48.92,15.02740000,0
1505425123,21244447,48.92,2.00040883,0
1505425094,21244414,49.00,40.57591837,0
1505425016,21244323,48.82,15.16000000,1
1505425013,21244322,48.82,0.92000000,0
1505425011,21244321,48.82,16.08000000,1
1505424818,21243999,48.92,2.63612191,1
1505424807,21243985,49.19,6.00024361,1
1505424807,21243984,49.19,4.97800400,0
1505424763,21243864,48.89,57.43016000,0
1505424763,21243863,48.88,16.56984000,0
1505424727,21243778,49.00,1.83732633,1
1505424720,21243746,49.01,5.02105031,0
1505424719,21243745,49.00,9.50413837,0
1505424704,21243708,48.79,50.00000000,0
1505424690,21243649,48.77,50.00000000,0
1505424656,21243532,48.58,1.31500000,0
1505424489,21243260,48.37,8.59324700,1
1505424435,21243167,48.36,1.18051268,1
1505424434,21243166,48.36,1.25180232,1
1505424419,21243147,48.36,1.66519768,1
1505424419,21243146,48.37,0.44947132,1
1505424419,21243144,48.37,2.46752868,1
1505424419,21243143,48.38,1.25180232,1
1505424416,21243134,48.38,1.66519768,1
1505424416,21243133,48.38,1.25180232,1
1505424413,21243130,48.38,1.66519768,1
1505424412,21243129,48.39,2.91700000,1
1505424412,21243127,48.39,1.04100032,1
1505424411,21243126,48.39,1.87599968,1
1505424411,21243125,48.40,0.00000032,1
1505424406,21243122,48.40,2.17629800,1
1505424395,21243107,48.40,0.74070168,1
1505424395,21243106,48.41,2.91700000,1
1505424395,21243104,48.41,2.91700000,1
1505424395,21243103,48.42,2.91700000,1
1505424395,21243102,48.43,0.50829832,1
1505424392,21243098,48.43,2.40870168,1
1505424392,21243096,48.43,2.91700000,1
1505424392,21243095,48.43,2.91700000,1
1505424391,21243094,48.44,2.91700000,1
1505424391,21243093,48.44,2.91700000,1
1505424391,21243092,48.44,0.08146261,1
1505424355,21243034,48.45,5.91546300,1
1505424246,21242876,48.90,20.00000000,0
1505424209,21242827,48.95,1.70484288,0
1505424198,21242809,48.92,12.60297570,0
1505424198,21242808,48.91,3.75995600,0
1505424180,21242786,48.70,2.06113000,1
1505424170,21242769,48.96,16.36293170,0
1505424151,21242683,48.98,8.22070232,0
1505424149,21242678,48.97,3.89861732,0
1505424129,21242615,48.97,13.68286094,1
1505424129,21242612,48.97,61.91000000,0
1505424128,21242611,48.94,16.08000000,0
1505424117,21242565,48.74,16.08000000,1
1505424116,21242561,49.06,50.20423970,1
1505424116,21242557,48.94,19.50600000,1
1505424116,21242556,48.94,16.08000000,1
1505424115,21242551,48.72,16.08000000,0
1505424107,21242507,48.68,0.14125136,0
1505424106,21242503,48.68,16.36293170,0
1505424087,21242446,48.67,51.97642942,0
1505424087,21242444,48.66,30.15621853,0
1505424082,21242416,48.44,2.83553739,1
1505424081,21242407,48.58,6.04527400,1
1505424079,21242397,48.58,7.88765800,1
1505424046,21242286,48.34,2.91696500,0
1505424044,21242281,48.34,7.93103278,0
1505424024,21242242,48.29,1.21169270,1
1505424022,21242236,48.29,15.15123900,1
1505423950,21242118,48.29,16.36293170,0
1505423888,21241988,48.36,13.39893242,0
1505423888,21241987,48.35,2.96399928,0
1505423865,21241956,48.43,1.07267000,0
1505423757,21241761,48.32,74.22281200,1
1505423757,21241760,48.33,16.81000000,1
1505423757,21241759,48.40,14.39362200,1
1505423748,21241733,48.40,49.82919000,1
1505423744,21241721,48.41,33.67901700,1
1505423740,21241714,48.40,4.77718800,1
1505423729,21241692,48.67,1.33744401,1
1505423726,21241685,48.43,14.38182990,0
1505423726,21241683,48.47,2.53690000,1
1505423725,21241681,48.48,8.54242110,1
1505423721,21241666,48.43,48.74000000,0
1505423720,21241663,48.43,16.08000000,0
1505423716,21241655,48.50,1.74000000,1
1505423702,21241633,48.50,18.26000000,1
1505423697,21241626,48.51,1.26299977,1
1505423697,21241625,48.68,0.00000023,1
1505423697,21241623,48.74,7.23430447,0
1505423686,21241598,48.79,16.08000000,1
1505423682,21241590,48.68,9.68999977,1
1505423682,21241589,48.68,6.37973800,1
1505423682,21241588,48.69,11.29390523,1
1505423674,21241575,48.79,9.80542087,0
1505423666,21241564,48.68,9.70026200,1
1505423656,21241538,48.68,16.08000000,1
1505423655,21241534,48.69,19.95100000,0
1505423645,21241507,48.66,13.28201000,1
1505423643,21241505,48.98,0.00010584,1
1505423642,21241504,48.98,90.72000000,0
1505423576,21241362,48.98,0.00001230,1
1505423575,21241361,48.98,117.85100000,0
1505423561,21241329,48.92,79.99999976,0
1505423555,21241312,49.00,0.00000035,1
1505423548,21241308,49.00,8.92300000,1
1505423547,21241306,49.00,1.07699965,1
1505423547,21241304,49.03,0.00000035,1
1505423546,21241299,49.03,21.78495300,1
1505423543,21241289,49.05,55.19947011,1
1505423538,21241278,49.05,32.91894600,1
1505423530,21241240,49.05,29.56600000,1
1505423465,21241110,49.35,24.48237439,0
1505423445,21241041,49.06,13.36702255,1
1505423435,21241031,49.05,33.16345523,1
1505423433,21241029,49.27,8.42654477,1
1505423427,21241019,49.06,10.01349546,1
1505423414,21240994,49.28,2.02414773,0
1505423398,21240971,49.19,11.55555532,0
1505423350,21240914,49.28,15.26202572,0
1505423349,21240913,49.25,0.99999980,0
1505423349,21240912,49.25,0.00000020,1
1505423291,21240850,49.47,11.51344249,0
1505423290,21240847,49.47,3.01514810,0
1505423278,21240831,49.47,8.24207755,0
1505423268,21240818,49.46,8.06035093,0
1505423236,21240786,49.25,9.41096462,0
1505423236,21240785,49.34,2.00000000,1
1505423235,21240784,49.35,16.83903538,1
1505423204,21240754,49.35,0.44138900,1
1505423170,21240720,49.33,9.60800000,1
1505423107,21240585,49.36,3.91774716,0
1505423107,21240582,49.36,10.97204946,0
1505423105,21240566,49.36,0.75622715,0
1505423105,21240565,49.33,26.88842438,0
1505423065,21240459,49.53,16.36273142,0
1505423058,21240447,49.47,10.00000000,1
1505423048,21240421,49.54,0.42731816,0
1505423005,21240370,49.48,3.61104000,1
1505423003,21240367,49.66,7.78896000,1
1505422991,21240357,49.66,7.78896000,1
1505422979,21240323,49.61,51.71700000,1
1505422971,21240306,49.67,9.30945207,1
1505422940,21240261,49.67,0.69054793,1
1505422940,21240260,49.68,31.49366254,1
1505422912,21240214,49.70,29.05946000,0
1505422907,21240205,49.70,16.36293170,0
1505422874,21240149,49.95,3.76471933,0
1505422866,21240142,49.95,12.59821237,0
1505422809,21240073,50.04,10.55760000,0
1505422678,21239940,50.00,8.27893170,1
1505422669,21239937,50.00,0.23400000,1
1505422669,21239936,50.09,16.36293170,1
1505422643,21239930,50.00,41.48706830,0
1505422589,21239912,50.00,8.51293170,0
1505422588,21239911,49.99,7.85000000,0
1505422558,21239891,49.99,6.90222397,0
1505422558,21239890,49.99,9.46070773,1
1505422524,21239873,49.97,3.58744827,1
1505422510,21239864,49.97,3.31477570,1
1505422509,21239863,49.98,16.01538900,0
1505422497,21239847,49.89,1.78874800,0
1505422443,21239779,49.86,9.54966700,1
1505422425,21239765,49.51,1.00000000,1
1505422368,21239724,49.57,11.86444270,1
1505422367,21239723,49.81,4.14936760,0
1505422228,21239584,49.58,0.26234363,0
1505422228,21239583,49.47,16.08000000,0
1505422172,21239536,49.46,50.00000000,0
1505422163,21239528,49.41,1.00930986,0
1505422150,21239520,49.41,16.34234363,0
1505422133,21239507,49.41,50.00000000,0
1505422129,21239495,49.38,1.89660000,1
1505422117,21239491,49.48,1.20093536,0
1505422117,21239490,49.47,15.14140827,0
1505422067,21239451,49.54,11.85710124,0
1505422048,21239436,49.59,16.35214175,0
1505422027,21239425,49.38,10.00000000,1
1505422018,21239373,49.49,16.35214175,0
1505421988,21239352,49.38,16.35214175,0
1505421955,21239308,49.50,12.30203161,0
1505421955,21239307,49.50,4.05011014,0
1505421941,21239256,49.27,16.35202923,0
1505421940,21239249,49.25,11.39999980,1
1505421920,21239225,49.48,16.35214175,0
1505421878,21239176,49.45,0.44150000,0
1505421874,21239167,49.03,8.21504665,1
1505421874,21239166,49.08,41.94000000,1
1505421874,21239165,49.09,31.49366254,1
1505421874,21239164,49.38,7.07188670,1
1505421873,21239161,49.38,2.15902000,1
1505421869,21239151,49.20,6.67973505,0
1505421857,21239137,49.10,0.44150000,0
1505421852,21239126,49.10,0.93220000,0
1505421844,21239115,49.11,29.19493000,0
1505421842,21239112,49.11,15.00000000,0
1505421840,21239111,49.20,50.00000000,0
1505421820,21239068,49.20,16.35214175,0
1505421811,21239057,49.20,7.28047000,0
1505421810,21239056,49.20,35.14370200,0
1505421804,21239042,49.20,0.30000000,0
1505421801,21239036,49.20,7.09873000,0
1505421799,21239033,49.20,2.24334300,0
1505421797,21239032,49.20,10.81934417,0
1505421797,21239031,49.19,5.53279758,0
1505421795,21239029,49.19,2.80101900,0
1505421765,21238967,49.20,202.84613821,0
1505421757,21238943,49.20,1.21799000,0
1505421756,21238941,49.20,7.00297000,0
1505421756,21238940,49.20,3.30277999,0
1505421754,21238929,49.14,15.00009796,0
1505421749,21238922,49.19,0.24714600,0
1505421749,21238921,49.19,13.04936176,0
1505421744,21238903,49.19,1.55995200,0
1505421738,21238884,49.19,3.54720200,0
1505421736,21238878,49.19,8.15974800,0
1505421729,21238860,49.20,10.20000000,0
1505421728,21238857,49.20,5.98085766,0
1505421728,21238854,49.19,13.43000648,1
1505421721,21238835,49.19,10.20000000,0
1505421719,21238830,49.25,2.83000000,1
1505421719,21238829,49.29,21.00000000,1
1505421719,21238828,49.30,36.84000000,1
1505421719,21238827,49.31,31.49366254,1
1505421696,21238736,49.69,16.36234111,0
1505421668,21238663,49.79,16.36234111,0
1505421663,21238653,49.79,6.66994476,0
1505421636,21238629,49.80,0.28234111,0
1505421636,21238628,49.67,16.08000000,0
1505421634,21238625,49.80,20.00000000,0
1505421627,21238613,49.67,1.00000000,0
1505421625,21238604,49.67,5.21586700,0
1505421609,21238576,49.68,1.00000000,0
1505421599,21238556,49.63,32.00000000,1
1505421585,21238540,49.80,0.80213300,0
1505421570,21238523,50.05,2.04917401,0
1505421570,21238521,50.00,10.87156410,0
1505421570,21238519,49.99,3.44160300,0
1505421539,21238486,50.00,0.28234111,0
1505421539,21238485,49.99,16.08000000,0
1505421508,21238459,50.00,0.28234111,0
1505421508,21238458,49.97,16.08000000,0
1505421490,21238417,49.98,16.36234111,1
1505421488,21238415,49.99,19.97200000,0
1505421448,21238335,49.60,16.36234111,0
1505421436,21238316,49.60,19.91906666,0
1505421433,21238305,49.60,12.54022938,0
1505421433,21238304,49.59,31.49366254,0
1505421431,21238302,49.60,167.00000000,0
1505421431,21238301,49.60,5.75000000,0
1505421424,21238287,49.70,20.26733794,1
1505421424,21238285,49.71,62.37000000,1
1505421423,21238283,49.73,18.74015572,1
1505421423,21238282,49.74,31.49366254,1
1505421400,21238221,49.80,13.55372230,1
1505421392,21238191,49.80,6.21419700,1
1505421390,21238178,49.86,5.13580300,1
1505421381,21238157,49.86,16.99999977,0
1505421366,21238133,49.95,6.93437800,0
1505421364,21238128,49.95,0.11999400,0
1505421355,21238112,50.00,12.60170000,0
1505421354,21238109,50.00,1.03804192,0
1505421354,21238107,49.99,3.60000000,0
1505421343,21238070,49.94,130.00000000,1
1505421343,21238068,49.95,15.00000000,1
1505421339,21238051,49.99,4.87192203,0
1505421339,21238050,49.98,5.12807797,0
1505421332,21238005,50.02,2.00000000,1
1505421331,21238004,50.05,1.00000000,1
1505421306,21237959,50.29,0.14117900,0
1505421298,21237916,50.30,20.00000000,1
1505421288,21237910,50.38,16.36253877,0
1505421260,21237865,50.40,13.66360394,0
1505421256,21237858,50.39,2.69893483,0
1505421248,21237851,50.40,13.66360394,0
1505421232,21237840,50.40,20.00000000,1
1505421224,21237835,50.53,16.36273537,0
1505421179,21237799,50.63,15.29391016,1
1505421179,21237798,50.63,1.06882521,1
1505421129,21237767,50.58,7.16273537,0
1505421119,21237755,50.66,1.55309909,1
1505421117,21237752,50.30,9.80000000,0
1505421114,21237751,50.30,9.20000000,0
1505421104,21237742,50.30,20.00000000,1
1505421098,21237734,50.56,16.36273537,0
1505421039,21237658,50.08,49.60323353,1
1505421038,21237656,50.12,0.39676647,1
1505421038,21237652,50.12,16.60323353,0
1505421035,21237634,50.12,16.36273537,0
1505421033,21237630,50.12,0.90135000,0
1505421030,21237623,50.12,15.00000000,0
1505421030,21237621,50.12,1.13268110,0
1505421029,21237620,50.12,1.72365590,0
1505421028,21237617,50.12,1.13268156,0
1505421026,21237615,50.12,15.00000000,0
1505421025,21237612,50.12,16.08000000,0
1505421024,21237609,50.13,2.41000000,1
1505421024,21237608,50.13,13.65366254,1
1505421018,21237595,50.10,2.42633746,0
1505421016,21237590,50.11,16.08000000,1
1505421016,21237589,50.12,31.49366254,1
1505420999,21237561,50.37,14.68108042,0
1505420999,21237559,50.36,1.68165495,0
1505420979,21237520,50.37,16.36273537,0
1505420955,21237504,50.32,16.36273537,0
1505420926,21237486,50.32,1.23180820,0
1505420926,21237485,50.31,15.13092717,0
1505420907,21237475,50.32,16.36273537,0
1505420890,21237471,50.01,56.61740000,1
1505420890,21237470,50.02,28.38260000,1
1505420890,21237469,50.20,15.00000000,1
1505420876,21237458,50.33,16.36273537,0
1505420845,21237441,50.33,10.00000000,0
1505420844,21237440,50.32,16.36273537,0
1505420841,21237436,50.33,27.37150000,0
1505420828,21237429,50.33,16.36273537,0
1505420816,21237424,50.33,19.86010000,0
1505420808,21237421,50.32,28.38260000,0
1505420807,21237419,50.33,57.74200000,0
1505420805,21237415,50.39,23.59700000,0
1505420802,21237413,50.39,0.10000000,1
1505420800,21237410,50.00,21.72030657,0
1505420800,21237409,50.00,19.30321600,0
1505420800,21237408,50.00,29.51112400,0
1505420800,21237407,50.00,20.00000000,0
1505420800,21237406,50.00,2.85000000,0
1505420798,21237404,50.00,40.00000000,1
1505420797,21237402,50.01,80.00000000,1
1505420797,21237401,50.11,67.00000000,1
1505420797,21237400,50.11,88.00000000,1
1505420797,21237399,50.12,7.91316745,1
1505420797,21237398,50.33,18.55000000,1
1505420704,21237181,50.63,2.07265547,0
1505420657,21237137,50.69,10.82304202,0
1505420600,21237024,50.68,3.54281768,0
1505420589,21237013,50.65,16.36293170,0
1505420558,21236985,50.42,25.20592478,1
1505420551,21236983,50.61,7.91316745,1
1505420510,21236942,50.42,7.05000000,1
1505420510,21236941,50.43,42.95000000,1
1505420480,21236900,50.20,38.00000000,0
1505420480,21236899,50.20,12.00000000,0
1505420453,21236854,50.22,18.50633746,1
1505420453,21236853,50.23,31.49366254,1
1505420435,21236845,50.01,50.00000000,1
1505420397,21236758,50.29,42.76000000,0
1505420397,21236757,50.28,31.49366254,0
1505420378,21236735,50.12,27.10898800,0
1505420376,21236733,50.12,19.00000000,1
1505420299,21236666,50.23,0.10000000,1
1505420254,21236626,50.24,31.49366254,1
1505420182,21236539,50.51,41.32171400,1
1505420181,21236538,50.51,6.45302400,1
1505420181,21236537,50.51,34.91863600,1
1505420179,21236535,50.39,4.30653362,0
1505420177,21236525,50.49,0.00009176,1
1505420177,21236523,50.49,101.96449000,0
1505420177,21236522,50.37,0.00001905,0
1505420176,21236519,50.40,5.95238095,1
1505420174,21236499,50.49,1.03551000,1
1505420173,21236498,50.49,101.35200000,1
1505420088,21236423,50.70,5.90295858,0
1505420033,21236353,50.74,6.86048845,1
1505420033,21236352,50.74,12.94558392,1
1505420020,21236345,50.75,3.37460000,0
1505420020,21236343,50.75,3.37460000,0
1505420019,21236338,50.75,3.37460000,0
1505420010,21236320,50.75,3.37460000,0
1505420010,21236319,50.75,3.37460000,0
1505420010,21236318,50.75,3.37460000,0
1505420009,21236317,50.75,3.37460000,0
1505420009,21236316,50.75,3.37460000,0
1505419993,21236255,50.74,20.17000000,1
1505419988,21236240,50.74,3.37460000,0
1505419987,21236237,50.74,3.37460000,0
1505419987,21236236,50.74,3.37460000,0
1505419987,21236233,50.74,3.37460000,0
1505419986,21236228,50.74,3.37460000,0
1505419986,21236225,50.74,3.37460000,0
1505419986,21236222,50.74,3.37460000,0
1505419985,21236220,50.74,3.37460000,0
1505419985,21236219,50.74,3.37460000,0
1505419977,21236184,50.74,3.37460000,0
1505419976,21236183,50.73,3.37460000,0
1505419976,21236182,50.72,3.37460000,0
1505419976,21236181,50.66,3.37460000,0
1505419976,21236179,50.66,0.00000043,0
1505419975,21236176,50.66,3.37459957,0
1505419975,21236174,50.66,3.37460000,0
1505419975,21236171,50.66,2.23613643,0
1505419975,21236170,50.66,1.13846357,0
1505419975,21236169,50.66,3.37460000,0
1505419975,21236167,50.66,3.37460000,0
1505419975,21236166,50.66,3.37460000,0
1505419975,21236165,50.66,3.37460000,0
1505419974,21236164,50.66,3.37460000,0
1505419974,21236162,50.66,3.37460000,0
1505419974,21236160,50.66,3.33165643,0
1505419969,21236138,50.66,0.04294357,0
1505419969,21236136,50.65,3.37460000,0
1505419957,21236085,50.65,3.37460000,0
1505419957,21236084,50.65,3.37460000,0
1505419957,21236082,50.65,3.37460000,0
1505419957,21236079,50.65,3.37460000,0
1505419957,21236078,50.65,3.37460000,0
1505419948,21236050,50.65,3.37460000,0
1505419948,21236048,50.65,3.37460000,0
1505419948,21236047,50.65,3.33165643,0
1505419942,21236024,50.65,0.04294357,0
1505419942,21236022,50.65,3.37460000,0
1505419941,21236019,50.65,3.37460000,0
1505419941,21236017,50.65,3.37460000,0
1505419941,21236015,50.65,3.37460000,0
1505419941,21236013,50.65,3.37460000,0
1505419941,21236012,50.65,0.04214258,0
1505419933,21235988,50.65,3.33245742,0
1505419933,21235985,50.65,1.54044558,0
1505419932,21235981,50.65,1.83415442,0
1505419932,21235979,50.65,3.37460000,0
1505419932,21235978,50.64,0.00000043,0
1505419924,21235938,50.64,3.37459957,0
1505419924,21235937,50.64,1.04503043,0
1505419923,21235931,50.64,2.32956957,0
1505419923,21235930,50.64,3.37460000,0
1505419923,21235928,50.64,3.37460000,0
1505419923,21235927,50.64,3.37460000,0
1505419922,21235926,50.63,3.37460000,0
1505419922,21235925,50.63,3.37460000,0
1505419922,21235924,50.63,3.37460000,0
1505419922,21235923,50.63,3.37460000,0
1505419922,21235922,50.63,3.37460000,0
1505419922,21235919,50.63,3.37460000,0
1505419922,21235918,50.63,0.20465643,0
1505419920,21235907,50.63,3.16994357,0
1505419919,21235906,50.63,0.24760000,0
1505419909,21235871,50.57,1.71477904,0
1505419893,21235797,50.43,41.95900000,1
1505419866,21235676,50.40,20.17162976,0
1505419842,21235635,50.63,3.12700000,0
1505419842,21235633,50.63,3.37460000,0
1505419842,21235631,50.63,3.37460000,0
1505419842,21235630,50.63,3.37460000,0
1505419841,21235624,50.62,3.37460000,0
1505419841,21235623,50.62,3.37460000,0
1505419818,21235604,50.21,0.10000000,0
1505419766,21235437,50.54,11.34187970,0
1505419766,21235436,50.54,16.91000000,0
1505419737,21235350,50.37,27.11435378,0
1505419735,21235347,50.20,12.59860558,0
1505419726,21235329,50.20,37.40139442,0
1505419694,21235288,49.94,9.67830000,0
1505419693,21235285,49.94,2.99368682,0
1505419680,21235255,49.94,6.68461318,0
1505419679,21235254,49.94,9.32018319,0
1505419675,21235245,49.94,0.35811681,0
1505419675,21235244,49.94,0.00001852,0
1505419654,21235225,49.97,9.67828148,1
1505419647,21235216,49.94,6.15410000,0
1505419646,21235215,49.94,0.53055022,0
1505419551,21235084,49.94,5.59702684,0
1505419549,21235081,49.94,0.02652294,0
1505419548,21235080,49.94,6.15410000,0
1505419548,21235078,49.94,4.58528192,0
1505419546,21235075,49.94,1.19912004,0
1505419519,21235045,49.94,0.36969804,0
1505419518,21235044,49.94,0.87110196,0
1505419501,21235023,49.93,0.20844173,1
1505419495,21235021,49.94,5.28299804,0
1505419495,21235020,49.94,6.15410000,0
1505419495,21235018,49.94,4.92583366,0
1505419479,21235004,49.94,1.22826634,0
1505419478,21235003,49.93,6.15410000,0
1505419474,21234999,49.92,8.98056536,0
1505419474,21234997,49.92,57.79423624,0
1505419463,21234985,49.40,23.70600000,1
1505419451,21234953,49.90,76.73000000,1
1505419440,21234930,49.90,0.17706830,1
1505419440,21234929,49.98,8.90293170,1
1505419437,21234924,49.99,0.20015952,0
1505419435,21234919,49.90,16.57969000,1
1505419427,21234907,49.90,5.00000000,1
1505419426,21234904,49.80,50.00000000,0
1505419426,21234901,49.80,50.00000000,0
1505419425,21234898,49.76,7.46000000,1
1505419422,21234894,50.00,14.60290882,1
1505419422,21234892,50.00,20.78165600,1
1505419422,21234891,50.00,39.72124300,1
1505419422,21234890,50.00,100.90950000,1
1505419422,21234889,50.00,33.35933900,1
1505419422,21234888,50.00,53.54471800,1
1505419421,21234884,50.00,173.00000000,1
1505419421,21234881,50.00,5.26400000,1
1505419421,21234880,50.00,80.50000000,1
1505419421,21234879,50.00,61.50160000,1
1505419421,21234877,50.00,53.34850900,1
1505419421,21234876,50.00,3.35037700,1
1505419420,21234874,50.00,25.74366500,1
1505419420,21234873,50.00,19.51114000,1
1505419419,21234870,50.00,101.10000000,0
1505419418,21234869,49.95,383.26334456,0
1505419418,21234868,49.90,33.12097104,0
1505419418,21234867,49.83,77.86800000,0
1505419418,21234866,49.68,75.61526902,0
1505419388,21234852,49.68,8.02179946,0
1505419388,21234851,49.67,8.34093154,0
1505419335,21234815,49.50,16.36273100,0
1505419279,21234775,49.49,16.36273100,0
1505419265,21234734,49.37,1.97578000,1
1505419250,21234707,49.50,7.97810600,0
1505419234,21234665,49.50,68.48439000,0
1505419232,21234660,49.50,9.79292900,0
1505419231,21234659,49.49,6.79000000,0
1505419231,21234657,49.48,6.79000000,0
1505419224,21234650,49.50,0.33792500,0
1505419224,21234649,49.49,16.58363600,0
1505419224,21234648,49.49,24.02975200,0
1505419224,21234647,49.49,15.00000000,0
1505419222,21234646,49.50,23.00000000,1
1505419222,21234645,49.54,118.13300000,1
1505419222,21234644,49.58,15.00000000,1
1505419218,21234639,49.53,18.16440594,1
1505419218,21234637,49.55,15.00000000,1
1505419218,21234635,49.55,42.36200000,1
1505419218,21234634,49.56,24.47359406,1
1505419206,21234630,49.62,6.66000000,1
1505419194,21234623,49.62,33.41000000,1
1505419157,21234552,49.61,5.42000000,1
1505419142,21234538,49.59,6.45600000,1
1505419131,21234533,49.52,0.56400000,1
1505419118,21234518,49.58,0.56400000,1
1505419107,21234511,49.52,10.68000000,1
1505419103,21234505,49.96,30.00000000,0
1505419095,21234502,49.52,0.00006848,1
1505419095,21234501,49.88,16.36293152,1
1505419061,21234456,49.70,4.53800000,1
1505419060,21234454,49.90,7.86926898,1
1505419060,21234453,49.78,15.13073102,0
1505419059,21234452,49.87,16.36293152,1
1505419051,21234440,49.70,46.26954000,1
1505419050,21234436,49.70,0.26900000,1
1505419043,21234429,49.70,13.42791300,1
1505419041,21234424,49.70,35.59341800,1
1505419041,21234423,49.70,5.78658200,1
1505419038,21234409,49.70,13.19900000,1
1505419034,21234401,49.76,23.63733288,1
1505419033,21234400,49.76,16.36266712,0
1505419027,21234399,49.70,100.00000000,1
1505419015,21234392,49.70,100.00000000,1
1505419003,21234376,49.71,62.40000000,1
1505418992,21234369,49.70,10.00000000,1
1505418988,21234363,49.76,0.00023288,0
1505418988,21234362,49.76,16.36269864,0
1505418985,21234355,49.70,54.17989156,1
1505418978,21234350,49.36,35.34000000,1
1505418968,21234332,49.77,0.00020136,1
1505418967,21234330,49.77,16.36273016,1
1505418952,21234305,49.20,40.25073029,1
1505418952,21234304,49.21,22.43926971,1
1505418931,21234265,49.87,1.56293152,0
1505418931,21234264,49.85,14.80000000,0
1505418916,21234237,49.41,10.75100000,1
1505418916,21234234,49.49,15.00000000,1
1505418904,21234223,49.42,7.72900000,1
1505418900,21234208,49.88,16.36293152,0
1505418893,21234199,49.41,22.43900000,1
1505418882,21234185,49.48,8.87200000,1
1505418871,21234162,49.96,16.36293152,0
1505418870,21234159,49.50,55.00000000,1
1505418864,21234139,49.60,9.05439283,1
1505418858,21234136,49.48,3.90000000,1
1505418858,21234135,49.83,34.50000000,0
1505418857,21234134,49.82,16.36293152,0
1505418847,21234123,49.51,10.00000000,1
1505418836,21234108,49.38,31.49400000,1
1505418823,21234097,49.29,0.96673427,1
1505418823,21234096,49.30,3.03326573,1
1505418819,21234090,49.67,16.36293152,0
1505418818,21234088,49.35,18.86000000,0
1505418809,21234069,49.72,43.94426898,1
1505418808,21234064,49.72,79.00000000,1
1505418808,21234062,49.72,171.12500000,1
1505418808,21234061,49.72,20.93073102,0
1505418802,21234050,49.33,5.80000000,1
1505418789,21234035,49.71,26.89635288,1
1505418789,21234034,49.61,48.40164712,0
1505418789,21234032,49.58,98.95700000,1
1505418787,21234026,49.36,0.74500000,0
1505418784,21234018,49.36,175.00000000,0
1505418783,21234014,49.28,18.89526573,1
1505418782,21234013,49.30,15.26673427,1
1505418779,21233998,49.28,0.30000000,1
1505418775,21233991,49.56,16.36293152,0
1505418775,21233989,49.23,9.88231200,1
1505418767,21233957,49.30,18.00000000,0
1505418754,21233878,49.10,3.35576430,0
1505418754,21233876,49.10,31.49366254,0
1505418753,21233874,49.10,107.45730916,1
1505418753,21233868,49.12,20.47000000,1
1505418748,21233838,49.49,398.21700000,0
1505418748,21233837,49.49,1.40000000,1
1505418748,21233836,49.47,159.38500000,0
1505418747,21233835,49.46,75.00000000,1
1505418747,21233832,49.45,50.00000000,1
1505418746,21233825,49.38,0.99800000,0
1505418734,21233787,49.38,158.00000000,0
1505418727,21233759,49.38,81.35793152,0
1505418727,21233757,49.38,0.64206848,0
1505418719,21233714,49.38,110.00000000,0
1505418713,21233689,49.38,41.36293152,0
1505418711,21233685,49.36,75.00000000,0
1505418711,21233683,49.36,33.63706848,0
1505418711,21233681,49.36,16.36293152,0
1505418703,21233652,49.39,31.74490451,1
1505418702,21233649,49.38,12.25509549,1
1505418697,21233632,49.06,12.25509549,1
1505418697,21233630,49.29,0.00002251,1
1505418695,21233623,49.29,2.11700000,1
1505418683,21233593,49.29,16.36293152,1
1505418683,21233592,49.29,23.48506548,1
1505418680,21233577,49.30,0.53000000,1
1505418678,21233566,49.57,33.00000000,0
1505418677,21233558,49.50,78.00000000,0
1505418673,21233533,49.29,1.55467300,0
1505418667,21233509,49.38,12.94400000,1
1505418666,21233499,49.38,32.04100000,0
1505418666,21233497,49.38,27.77600000,0
1505418666,21233495,49.37,12.23900000,0
1505418661,21233469,49.20,12.23900000,1
1505418659,21233453,49.04,0.28251600,0
1505418657,21233443,49.46,85.23384030,1
1505418656,21233439,49.46,68.00000000,1
1505418656,21233436,49.46,37.80800000,0
1505418656,21233435,49.45,22.95815970,0
1505418649,21233395,49.54,26.00000000,0
1505418649,21233394,49.49,88.00000000,0
1505418640,21233317,49.58,79.87662600,0
1505418640,21233315,49.58,44.12337400,0
1505418636,21233302,49.16,1.57489909,1
1505418634,21233291,49.57,10.11040193,1
1505418633,21233283,49.56,2.93159807,1
1505418632,21233278,49.56,59.95800000,0
1505418632,21233276,49.12,33.64633746,1
1505418632,21233274,49.13,31.16366254,1
1505418625,21233239,49.58,48.97662600,1
1505418625,21233237,49.58,23.52500000,0
1505418623,21233227,49.57,14.49837400,0
1505418617,21233200,49.57,7.00000000,0
1505418609,21233180,49.68,24.89546827,0
1505418608,21233179,49.65,8.10453173,1
1505418608,21233178,49.65,77.00000000,0
1505418601,21233164,49.68,51.00000000,0
1505418600,21233163,49.68,76.00000000,0
1505418594,21233147,49.70,38.00000000,0
1505418592,21233144,49.42,7.33000000,1
1505418589,21233143,49.77,16.36293170,1
1505418589,21233142,49.77,21.14000000,1
1505418561,21233096,49.23,0.00006830,1
1505418561,21233095,49.67,21.91293170,1
1505418556,21233086,49.66,15.59000000,0
1505418521,21232988,49.79,37.50293170,0
1505418517,21232977,49.79,9.91194600,0
1505418509,21232973,49.87,10.04800000,0
1505418504,21232971,49.79,20.31000000,1
1505418502,21232970,49.79,0.83000000,1
1505418410,21232786,49.79,24.57535093,0
1505418408,21232784,49.67,65.36438753,0
1505418398,21232767,49.79,8.03000000,0
1505418396,21232764,49.79,17.76293170,0
1505418395,21232763,49.78,19.74000000,0
1505418359,21232736,49.92,37.50293170,1
1505418328,21232710,49.94,37.50293170,0
1505418295,21232637,49.97,27.60230573,0
1505418293,21232634,49.61,19.74064000,1
1505418289,21232627,49.97,9.90062597,0
1505418288,21232623,49.97,0.35521680,0
1505418284,21232614,49.60,4.02200000,1
1505418284,21232610,49.97,19.71602577,1
1505418268,21232600,49.97,0.10006079,0
1505418263,21232596,49.97,77.25138537,0
1505418261,21232595,49.98,21.81287091,0
1505418260,21232594,49.73,15.59000000,0
1505418244,21232579,49.88,21.81287091,0
1505418244,21232578,49.73,15.59000000,0
1505418220,21232569,49.73,11.03323800,0
1505418218,21232565,49.73,26.46929394,0
1505418198,21232536,49.73,37.50253194,0
1505418168,21232513,49.66,37.50253194,0
1505418138,21232487,49.75,21.91273170,0
1505418138,21232486,49.75,15.59000000,0
1505418102,21232450,49.75,37.50293170,1
1505418080,21232413,49.76,9.34894826,1
1505418068,21232392,49.64,24.62446500,1
1505418042,21232357,49.63,3.52951844,1
1505418023,21232344,49.66,15.75372533,0
1505418015,21232335,49.66,37.04831882,0
1505418008,21232322,49.76,0.41468763,0
1505417999,21232305,49.77,8.06831882,0
1505417999,21232304,49.76,13.39000000,0
1505417999,21232303,49.76,2.19880105,0
1505417994,21232299,49.76,13.39119895,0
1505417979,21232282,49.66,37.46300645,0
1505417968,21232252,49.77,37.46300645,0
1505417954,21232216,49.53,47.64473000,0
1505417952,21232211,49.53,89.89100000,0
1505417944,21232176,49.52,37.46320613,0
1505417939,21232156,49.52,1.00706785,0
1505417932,21232151,49.52,1.29260700,0
1505417928,21232135,49.43,7.30903608,0
1505417927,21232134,49.42,20.15839580,0
1505417924,21232132,49.43,1.87434400,0
1505417923,21232131,49.42,2.27000000,0
1505417915,21232127,49.31,10.03027135,0
1505417913,21232126,49.03,20.15839580,1
1505417896,21232108,49.29,12.53606330,0
1505417891,21232103,49.32,1.67342041,0
1505417879,21232079,49.19,37.49770323,0
1505417873,21232067,49.19,1.00000000,0
1505417870,21232063,49.18,37.49770323,0
1505417866,21232061,49.00,33.12097104,1
1505417866,21232060,49.02,1.87902896,1
1505417864,21232059,49.08,15.00000000,1
1505417849,21232036,49.19,14.14244086,0
1505417849,21232035,49.18,23.35526237,0
1505417840,21232023,49.00,48.40164712,1
1505417840,21232021,49.02,6.09975520,1
1505417840,21232020,49.07,4.00631621,1
1505417840,21232019,49.07,1.00000000,1
1505417840,21232018,49.10,19.88546628,1
1505417830,21232003,49.19,34.19508558,0
1505417828,21231995,49.18,3.30261765,0
1505417818,21231969,49.19,34.19508558,0
1505417812,21231963,49.19,9.09098400,0
1505417811,21231959,49.19,8.68570400,0
1505417809,21231954,49.18,3.30302161,0
1505417772,21231886,49.08,19.43905300,1
1505417754,21231847,49.08,120.81529500,0
1505417754,21231845,49.07,20.97181391,0
1505417752,21231844,49.08,62.33000000,0
1505417752,21231843,49.08,31.49366254,0
1505417751,21231842,49.21,52.16358464,1
1505417751,21231841,49.28,16.52750564,1
1505417751,21231839,49.28,2.28500000,1
1505417734,21231817,49.21,39.78431955,0
1505417718,21231794,49.09,39.78431955,0
1505417715,21231790,49.09,0.42742700,0
1505417714,21231789,49.09,20.30148706,0
1505417712,21231786,49.09,0.26210900,0
1505417704,21231775,49.02,0.20884839,0
1505417702,21231771,49.02,24.22868217,1
1505417702,21231770,49.08,6.11246944,1
1505417702,21231769,49.09,51.45000000,1
1505417699,21231763,49.21,0.40100127,0
1505417699,21231762,49.10,0.99999873,0
1505417698,21231761,49.10,0.00000127,1
1505417689,21231752,49.29,2.62543600,1
1505417679,21231738,49.10,7.77122873,0
1505417678,21231736,49.10,37.15908561,0
1505417674,21231733,49.10,3.14743873,0
1505417670,21231728,49.10,2.62543600,0
1505417659,21231705,49.10,3.60000000,0
1505417656,21231695,49.10,30.46164100,0
1505417650,21231673,49.10,6.23517000,0
1505417647,21231661,49.10,9.31861400,0
1505417643,21231651,49.20,51.17172000,0
1505417643,21231648,49.20,7.43121600,0
1505417643,21231647,49.19,29.26559500,0
1505417643,21231646,49.19,1.03440500,0
1505417643,21231645,49.08,22.01123100,0
1505417643,21231644,49.08,15.70376900,0
1505417641,21231642,49.20,15.55378400,0
1505417636,21231635,49.29,10.00821243,0
1505417632,21231626,49.09,2.28500000,0
1505417621,21231578,49.08,37.71500000,1
1505417613,21231535,49.31,1.98599372,0
1505417610,21231520,49.29,4.28003903,0
1505417596,21231451,49.36,5.00000000,0
1505417595,21231449,49.40,5.66789435,0
1505417595,21231448,49.37,31.49366254,0
1505417590,21231433,48.76,16.74296576,1
1505417590,21231432,48.76,20.00000000,1
1505417590,21231431,48.76,20.00000000,1
1505417590,21231430,48.76,17.58200000,1
1505417590,21231429,48.76,2.41800000,1
1505417590,21231428,48.76,20.00000000,1
1505417590,21231427,48.76,20.00000000,1
1505417590,21231425,48.76,20.00000000,1
1505417589,21231422,48.76,20.00000000,1
1505417589,21231420,48.76,20.00000000,1
1505417588,21231417,48.76,20.00000000,1
1505417588,21231416,48.76,20.00000000,1
1505417588,21231415,48.76,20.00000000,1
1505417583,21231406,49.39,11.21587103,0
1505417579,21231401,49.37,1.63976000,0
1505417574,21231397,49.40,5.80000000,1
1505417570,21231393,49.46,2.30000000,1
1505417568,21231382,49.53,2.83724083,0
1505417564,21231367,49.42,23.71546849,0
1505417564,21231366,49.42,20.60954263,0
1505417563,21231365,48.11,20.00000000,1
1505417563,21231364,48.11,20.00000000,1
1505417563,21231363,48.11,20.00000000,1
1505417563,21231362,48.11,20.00000000,1
1505417563,21231361,48.11,20.00000000,1
1505417563,21231360,48.11,20.00000000,1
1505417563,21231359,48.11,20.00000000,1
1505417562,21231358,48.11,20.00000000,1
1505417562,21231356,48.11,20.00000000,1
1505417562,21231355,48.11,20.00000000,1
1505417562,21231354,48.11,20.00000000,1
1505417562,21231353,48.11,20.00000000,1
1505417562,21231352,48.11,20.00000000,1
1505417562,21231351,48.11,20.00000000,1
1505417562,21231350,48.11,20.00000000,1
1505417562,21231349,48.11,20.00000000,1
1505417561,21231348,48.11,20.00000000,1
1505417561,21231347,48.11,20.00000000,1
1505417561,21231345,48.11,20.00000000,1
1505417561,21231344,48.11,20.00000000,1
1505417561,21231343,48.11,20.00000000,1
1505417561,21231341,48.11,20.00000000,1
1505417561,21231340,48.11,20.00000000,1
1505417561,21231339,48.11,15.33000000,1
1505417560,21231337,48.22,4.67000000,1
1505417560,21231336,48.22,20.00000000,1
1505417560,21231335,48.22,20.00000000,1
1505417560,21231334,48.22,3.33000000,1
1505417560,21231333,48.22,16.67000000,0
1505417560,21231332,48.22,20.00000000,0
1505417559,21231329,48.31,20.00000000,0
1505417559,21231328,48.31,20.00000000,0
1505417559,21231327,48.31,20.00000000,0
1505417559,21231326,48.31,20.00000000,0
1505417559,21231325,48.31,2.12516387,0
1505417559,21231324,48.31,15.04001395,0
1505417558,21231321,48.40,2.83482218,1
1505417558,21231319,48.40,20.00000000,1
1505417558,21231317,48.40,20.00000000,1
1505417558,21231316,48.40,15.04001395,1
1505417558,21231315,48.87,2.73000000,1
1505417557,21231314,48.94,2.22998605,1
1505417557,21231313,48.94,15.29309649,1
1505417557,21231312,48.94,4.70690351,0
1505417556,21231308,48.94,20.00000000,1
1505417556,21231306,48.94,14.47691746,1
1505417555,21231296,49.00,5.26000000,1
1505417555,21231295,49.00,0.26308254,0
1505417555,21231293,49.00,20.00000000,0
1505417555,21231292,49.00,11.23058000,0
1505417554,21231289,49.02,2.28942000,0
1505417554,21231288,49.02,6.48000000,1
1505417553,21231287,49.02,8.52000000,1
1505417553,21231285,49.02,11.48000000,1
1505417553,21231284,49.02,20.00000000,1
1505417553,21231283,49.02,20.00000000,1
1505417553,21231282,49.02,20.00000000,1
1505417552,21231279,49.02,20.00000000,1
1505417552,21231278,49.02,20.00000000,1
1505417552,21231277,49.02,20.00000000,1
1505417551,21231276,49.02,20.00000000,1
1505417551,21231275,49.02,20.00000000,1
1505417546,21231262,49.50,1.09268982,0
1505417546,21231258,49.50,2.10064500,0
1505417542,21231242,49.52,16.31381260,1
1505417540,21231232,49.63,3.33000000,0
1505417537,21231228,49.64,0.37096791,0
1505417537,21231227,49.62,0.68020050,0
1505417534,21231219,49.62,0.31979950,1
1505417530,21231200,49.59,1.80430854,0
1505417529,21231199,49.58,25.00000000,0
1505417528,21231193,49.60,1.04855933,0
1505417521,21231169,49.64,12.98342300,0
1505417520,21231163,49.64,34.77000000,1
1505417519,21231161,48.40,20.00000000,1
1505417519,21231159,48.40,20.00000000,1
1505417519,21231158,48.40,13.91167229,1
1505417519,21231154,48.95,6.08832771,1
1505417519,21231151,48.95,20.00000000,1
1505417518,21231149,48.95,20.00000000,1
1505417518,21231148,48.95,20.00000000,1
1505417518,21231146,48.95,20.00000000,1
1505417518,21231145,48.95,5.91167229,1
1505417518,21231144,48.95,14.08832771,0
1505417518,21231142,48.95,20.00000000,0
1505417518,21231141,48.95,20.00000000,0
1505417518,21231139,48.95,13.32147029,0
1505417518,21231137,48.95,6.67852971,0
1505417517,21231136,48.95,20.00000000,0
1505417517,21231135,48.95,20.00000000,0
1505417517,21231134,48.95,20.00000000,0
1505417517,21231133,48.95,20.00000000,0
1505417517,21231132,48.95,20.00000000,0
1505417517,21231130,48.95,20.00000000,0
1505417517,21231128,48.95,2.21772029,0
1505417517,21231126,48.95,10.25000000,0
1505417516,21231124,48.95,7.53227971,0
1505417516,21231121,48.95,20.00000000,0
1505417516,21231119,48.95,20.00000000,0
1505417516,21231118,48.95,13.39817929,0
1505417516,21231116,48.95,6.60182071,0
1505417516,21231114,48.95,12.97577929,0
1505417516,21231112,48.95,3.28276300,0
1505417516,21231111,48.95,2.36967200,0
1505417516,21231110,48.95,1.37178571,0
1505417515,21231109,48.95,2.38500000,0
1505417515,21231108,49.07,17.61500000,1
1505417515,21231105,49.07,20.00000000,1
1505417514,21231104,49.07,9.38500000,1
1505417514,21231103,49.08,10.61500000,1
1505417514,21231102,49.08,20.00000000,1
1505417514,21231101,49.08,20.00000000,1
1505417514,21231100,49.08,20.00000000,0
1505417514,21231099,49.08,20.00000000,0
1505417514,21231098,49.08,20.00000000,0
1505417513,21231096,49.08,20.00000000,0
1505417513,21231095,49.08,20.00000000,0
1505417513,21231094,49.08,5.00000000,0
1505417513,21231093,49.19,15.00000000,1
1505417513,21231092,49.19,19.00000000,1
1505417512,21231089,49.30,1.00000000,1
1505417512,21231087,49.30,20.00000000,1
1505417512,21231086,49.30,20.00000000,1
1505417512,21231083,49.30,20.00000000,0
1505417512,21231081,49.30,7.37242293,0
1505417512,21231080,49.49,2.01657707,1
1505417510,21231078,49.74,10.61100000,1
1505417509,21231077,49.74,20.00000000,1
1505417494,21231044,49.96,7.28345800,0
1505417487,21231030,50.00,1.78793170,0
1505417479,21231023,49.98,0.96727900,0
1505417478,21231022,49.98,38.00000000,0
1505417474,21231016,49.98,1.74911663,0
1505417471,21231014,49.99,35.58831766,0
1505417471,21231013,49.97,14.31763594,0
1505417466,21231006,49.96,1.00250627,1
1505417465,21231005,49.97,0.39681949,0
1505417463,21230996,49.97,6.25764411,0
1505417462,21230988,49.86,41.83693600,0
1505417460,21230986,49.86,4.84470500,0
1505417460,21230984,49.97,13.07820800,0
1505417456,21230975,49.86,39.39111221,0
1505417455,21230974,49.86,33.68082900,0
1505417453,21230959,49.00,20.00000000,1
1505417452,21230957,49.00,52.95627173,0
1505417452,21230956,49.00,31.49365700,0
1505417452,21230955,49.00,13.86300000,0
1505417452,21230952,49.00,9.57000000,0
1505417451,21230951,48.36,20.00000000,1
1505417451,21230950,48.36,20.00000000,1
1505417451,21230949,48.36,20.00000000,1
1505417451,21230948,48.36,20.00000000,1
1505417451,21230946,48.36,20.00000000,1
1505417451,21230945,48.36,20.00000000,1
1505417451,21230944,48.36,20.00000000,1
1505417450,21230943,48.36,20.00000000,1
1505417450,21230942,48.36,20.00000000,1
1505417450,21230941,48.36,20.00000000,1
1505417450,21230940,48.36,20.00000000,1
1505417450,21230939,48.36,20.00000000,1
1505417450,21230938,48.36,8.18527060,1
1505417450,21230937,48.36,1.07410991,0
1505417450,21230936,48.36,10.74061949,0
1505417449,21230935,48.36,12.00000000,0
1505417449,21230933,48.36,20.00000000,0
1505417449,21230930,48.36,20.00000000,0
1505417449,21230929,48.36,20.00000000,0
1505417449,21230928,48.36,19.60318051,0
1505417449,21230927,48.36,0.39681949,0
1505417449,21230925,49.31,2.85000000,1
1505417448,21230923,49.48,8.00000000,1
1505417448,21230921,49.48,20.00000000,1
1505417448,21230918,49.48,20.00000000,1
1505417448,21230917,49.48,20.00000000,1
1505417447,21230914,49.48,20.00000000,1
1505417446,21230911,49.49,20.00000000,1
1505417440,21230899,49.96,46.06000000,1
1505417439,21230892,49.97,11.95965200,0
1505417438,21230886,49.96,15.55722700,0
1505417437,21230884,49.97,31.05360446,0
1505417437,21230882,49.96,31.49366254,0
1505417436,21230881,49.97,15.93643600,0
1505417430,21230857,48.22,13.63245232,0
1505417430,21230856,48.22,6.36754768,0
1505417430,21230855,48.22,5.43245232,0
1505417429,21230854,48.30,0.09897408,1
1505417429,21230852,48.35,14.46857360,1
1505417429,21230851,48.35,20.00000000,1
1505417429,21230850,48.35,15.53142640,1
1505417428,21230849,48.35,4.46857360,0
1505417428,21230848,48.35,0.90637572,0
1505417428,21230847,48.35,1.35390000,0
1505417428,21230846,48.35,17.73972428,0
1505417428,21230845,48.35,0.66016172,0
1505417428,21230844,48.35,14.60000000,0
1505417428,21230843,48.35,2.24060800,0
1505417428,21230842,48.35,2.49923028,0
1505417427,21230841,48.35,1.56076972,0
1505417427,21230840,48.35,6.69197800,0
1505417427,21230839,48.35,11.74725228,0
1505417427,21230838,48.35,20.00000000,0
1505417427,21230836,48.35,20.00000000,0
1505417427,21230833,48.35,20.00000000,0
1505417426,21230831,48.35,20.00000000,0
1505417426,21230830,48.35,20.00000000,0
1505417426,21230829,48.35,20.00000000,0
1505417426,21230828,48.35,2.88594472,0
1505417426,21230827,48.35,17.11405528,0
1505417426,21230825,48.35,20.00000000,0
1505417426,21230824,48.35,2.67387642,0
1505417425,21230823,48.36,17.32612358,1
1505417425,21230822,48.36,20.00000000,1
1505417425,21230821,48.36,20.00000000,1
1505417425,21230820,48.36,20.00000000,1
1505417424,21230819,48.36,20.00000000,1
1505417424,21230817,48.36,20.00000000,1
1505417424,21230815,48.36,20.00000000,1
1505417424,21230814,48.36,20.00000000,1
1505417424,21230813,48.36,20.00000000,1
1505417424,21230811,48.36,20.00000000,1
1505417424,21230809,48.36,20.00000000,1
1505417424,21230806,48.36,20.00000000,1
1505417424,21230805,48.36,20.00000000,1
1505417424,21230804,48.36,6.63326927,1
1505417423,21230803,48.40,13.36673073,0
1505417423,21230802,48.40,20.00000000,0
1505417423,21230801,48.40,20.00000000,0
1505417423,21230799,48.40,20.00000000,0
1505417423,21230798,48.40,20.00000000,0
1505417423,21230797,48.40,17.36619800,0
1505417423,21230796,48.40,2.63380200,0
1505417422,21230795,48.40,20.00000000,0
1505417422,21230793,48.40,8.08707587,0
1505417422,21230791,48.40,11.17926900,0
1505417422,21230790,48.40,0.73365513,0
1505417422,21230789,48.40,20.00000000,0
1505417422,21230787,48.40,0.46600187,0
1505417422,21230786,48.40,2.02393833,0
1505417421,21230781,48.98,17.51005980,0
1505417421,21230779,48.98,13.60994020,0
1505417421,21230777,49.27,6.39005980,1
1505417420,21230775,49.27,0.19366254,1
1505417420,21230774,49.27,19.80633746,0
1505417420,21230773,49.27,20.00000000,0
1505417420,21230772,49.27,4.67170046,0
1505417420,21230770,49.27,12.21463700,0
1505417419,21230769,49.28,2.92000000,1
1505417419,21230767,49.32,0.19366254,0
1505417419,21230766,49.32,20.00000000,0
1505417418,21230765,49.32,11.30000000,0
1505417418,21230761,49.66,8.70000000,1
1505417416,21230755,49.87,20.00000000,1
1505417415,21230753,50.00,35.87000000,0
1505417415,21230749,49.87,20.00000000,1
1505417412,21230734,49.99,9.50000000,0
1505417400,21230642,50.00,24.56319426,0
1505417400,21230638,49.99,9.39175574,0
1505417393,21230598,48.36,20.00000000,1
1505417393,21230596,48.36,20.00000000,1
1505417393,21230595,48.36,20.00000000,1
1505417393,21230594,48.36,20.00000000,1
1505417393,21230593,48.36,20.00000000,1
1505417393,21230592,48.36,20.00000000,1
1505417392,21230591,48.36,20.00000000,1
1505417392,21230589,48.36,20.00000000,1
1505417392,21230587,48.36,20.00000000,1
1505417392,21230586,48.36,20.00000000,1
1505417392,21230584,48.36,20.00000000,1
1505417392,21230583,48.36,20.00000000,1
1505417392,21230581,48.36,20.00000000,1
1505417392,21230579,48.36,20.00000000,1
1505417391,21230577,48.36,20.00000000,1
1505417391,21230576,48.36,20.00000000,1
1505417391,21230575,48.36,20.00000000,1
1505417391,21230574,48.36,20.00000000,1
1505417391,21230573,48.36,20.00000000,1
1505417391,21230571,48.36,20.00000000,1
1505417391,21230570,48.36,20.00000000,1
1505417391,21230569,48.36,1.52060715,1
1505417390,21230568,49.27,18.47939285,1
1505417390,21230566,49.27,0.62513323,1
1505417390,21230565,49.27,19.37486677,0
1505417390,21230564,49.27,20.00000000,0
1505417390,21230563,49.27,20.00000000,0
1505417390,21230562,49.27,20.00000000,0
1505417389,21230561,49.27,20.00000000,0
1505417389,21230560,49.27,17.97398323,0
1505417389,21230557,49.27,2.02601677,0
1505417389,21230555,49.27,20.00000000,0
1505417389,21230554,49.27,20.00000000,0
1505417388,21230552,49.27,20.00000000,0
1505417388,21230551,49.27,14.18067423,0
1505417388,21230549,49.27,5.81932577,0
1505417388,21230548,49.27,20.00000000,0
1505417388,21230546,49.27,20.00000000,0
1505417388,21230545,49.27,20.00000000,0
1505417388,21230544,49.27,19.34367423,0
1505417387,21230543,49.27,0.65632577,0
1505417387,21230542,49.27,16.46367423,0
1505417387,21230541,49.27,1.19604400,0
1505417387,21230540,49.27,2.34028177,0
1505417387,21230538,49.27,2.65971823,0
1505417387,21230536,49.27,17.34028177,0
1505417387,21230535,49.27,6.22903523,0
1505417387,21230534,49.27,13.77096477,0
1505417386,21230533,49.27,2.70833523,0
1505417386,21230532,49.27,17.29166477,0
1505417386,21230529,49.27,20.00000000,0
1505417386,21230527,49.27,20.00000000,0
1505417386,21230525,49.27,20.00000000,0
1505417386,21230524,49.27,20.00000000,0
1505417386,21230523,49.27,20.00000000,0
1505417385,21230521,49.27,19.88325823,0
1505417385,21230519,49.27,0.11674177,0
1505417385,21230516,49.27,20.00000000,0
1505417385,21230515,49.27,9.38325823,0
1505417385,21230513,49.27,6.06550748,0
1505417383,21230509,49.28,4.55123429,1
1505417383,21230508,49.28,20.00000000,1
1505417383,21230507,49.28,20.00000000,1
1505417383,21230506,49.28,20.00000000,1
1505417383,21230505,49.28,20.00000000,1
1505417383,21230504,49.28,20.00000000,1
1505417382,21230503,49.28,20.00000000,1
1505417382,21230502,49.28,20.00000000,1
1505417382,21230501,49.28,20.00000000,1
1505417382,21230500,49.28,0.17676571,1
1505417382,21230497,49.34,15.59000000,0
1505417382,21230495,49.34,4.23323429,0
1505417381,21230494,49.34,20.00000000,0
1505417381,21230493,49.34,13.42838847,0
1505417381,21230492,49.34,20.00000000,0
1505417381,21230490,49.34,11.33837724,0
1505417381,21230489,49.34,8.66162276,0
1505417381,21230488,49.34,20.00000000,0
1505417380,21230487,49.34,7.93145724,0
1505417380,21230485,49.34,12.06854276,0
1505417380,21230482,49.34,20.00000000,0
1505417380,21230480,49.34,7.69975609,0
1505417379,21230478,49.46,12.30024391,1
1505417379,21230476,49.46,10.69975609,1
1505417378,21230470,49.47,5.98544572,1
1505417378,21230469,49.47,3.31479819,0
1505417378,21230468,49.47,20.00000000,0
1505417378,21230467,49.47,20.00000000,0
1505417377,21230465,49.47,20.00000000,0
1505417377,21230464,49.47,20.00000000,0
1505417377,21230463,49.47,20.00000000,0
1505417377,21230462,49.47,20.00000000,0
1505417377,21230459,49.47,20.00000000,0
1505417377,21230458,49.47,20.00000000,0
1505417376,21230457,49.47,14.38520181,0
1505417376,21230456,49.60,1.79807019,1
1505417376,21230455,49.60,3.81672800,1
1505417376,21230454,49.60,5.00000000,1
1505417374,21230448,49.63,15.00000000,1
1505417373,21230447,49.65,6.57161153,1
1505417373,21230446,49.65,20.00000000,1
1505417373,21230445,49.65,20.00000000,1
1505417373,21230444,49.65,20.00000000,1
1505417373,21230442,49.65,20.00000000,1
1505417373,21230441,49.65,20.00000000,1
1505417373,21230440,49.65,20.00000000,1
1505417373,21230439,49.65,19.75538847,1
1505417371,21230437,49.66,0.24461153,0
1505417371,21230436,49.66,20.00000000,0
1505417370,21230432,49.66,20.00000000,1
1505417370,21230431,49.66,20.00000000,1
1505417369,21230428,49.65,20.00000000,1
1505417354,21230391,49.91,0.19975957,0
1505417349,21230384,49.48,0.24862711,1
1505417340,21230373,49.60,43.66563083,0
1505417339,21230371,49.60,8.33741029,0
1505417338,21230370,49.60,7.73736771,0
1505417338,21230369,49.60,3.81673387,0
1505417336,21230365,49.60,1.26750800,0
1505417333,21230357,49.59,22.15077434,1
1505417332,21230356,49.59,5.09000000,0
1505417328,21230345,49.28,5.08901146,0
1505417328,21230343,49.29,21.67913854,0
1505417326,21230341,49.59,25.23185000,1
1505417323,21230335,49.60,13.50534212,0
1505417323,21230333,49.59,36.49465788,0
1505417320,21230325,49.59,27.37701612,0
1505417320,21230321,49.59,25.12832600,0
1505417317,21230310,49.58,0.43000000,0
1505417314,21230304,49.60,6.51028225,0
1505417312,21230303,49.60,0.11059100,0
1505417311,21230297,49.60,31.86564000,0
1505417311,21230295,49.60,0.20100806,0
1505417310,21230293,49.60,7.98150235,0
1505417309,21230290,49.59,65.87433200,0
1505417308,21230289,49.60,3.54840100,0
1505417307,21230277,49.60,12.92363300,0
1505417305,21230261,49.59,6.20637600,0
1505417304,21230259,49.60,29.25201612,0
1505417294,21230222,49.59,3.31326500,0
1505417294,21230221,49.58,7.93000000,0
1505417292,21230217,49.60,39.56573000,0
1505417292,21230216,49.60,10.57000000,0
1505417291,21230214,49.60,20.00000000,0
1505417290,21230209,49.59,3.97910000,0
1505417282,21230177,49.60,5.02611752,0
1505417281,21230171,49.60,6.11812700,0
1505417279,21230158,49.59,53.25129800,0
1505417275,21230131,48.35,20.00000000,0
1505417275,21230129,48.35,11.17061506,0
1505417275,21230126,48.36,8.82938494,1
1505417274,21230125,48.36,20.00000000,1
1505417274,21230122,48.36,20.00000000,1
1505417274,21230121,48.36,1.17061506,1
1505417274,21230119,48.36,18.82938494,1
1505417274,21230117,48.36,20.00000000,1
1505417274,21230114,48.36,11.17061506,1
1505417273,21230111,48.36,8.82938494,1
1505417273,21230110,48.36,20.00000000,1
1505417273,21230109,48.36,20.00000000,1
1505417273,21230105,48.36,1.17061506,1
1505417272,21230103,48.72,18.82938494,1
1505417272,21230102,48.72,20.00000000,1
1505417272,21230100,48.72,20.00000000,1
1505417272,21230098,48.72,20.00000000,1
1505417272,21230096,48.72,20.00000000,1
1505417272,21230093,48.72,20.00000000,1
1505417272,21230091,48.72,20.00000000,1
1505417272,21230089,48.72,20.00000000,1
1505417272,21230087,48.72,20.00000000,1
1505417271,21230086,48.72,20.00000000,1
1505417271,21230084,48.72,20.00000000,1
1505417271,21230082,48.72,17.11000000,1
1505417271,21230081,48.72,2.89000000,0
1505417271,21230080,48.72,2.22097067,0
1505417271,21230078,49.04,2.89000000,1
1505417270,21230077,49.10,14.88902933,1
1505417270,21230075,49.10,20.00000000,1
1505417270,21230074,49.10,20.00000000,1
1505417270,21230073,49.10,20.00000000,1
1505417270,21230072,49.10,8.11097067,1
1505417270,21230069,49.22,11.88902933,1
1505417269,21230068,49.22,20.00000000,1
1505417269,21230066,49.22,20.00000000,1
1505417269,21230065,49.22,9.11097067,1
1505417269,21230064,49.27,10.88902933,1
1505417269,21230063,49.27,7.11198548,1
1505417268,21230061,49.61,2.84801452,1
1505417267,21230054,49.62,10.04000000,1
1505417266,21230050,49.64,20.00000000,0
1505417266,21230046,49.86,9.81168000,0
1505417265,21230041,49.86,5.12806000,0
1505417263,21230033,49.74,10.01460000,0
1505417248,21229950,49.74,24.26931200,0
1505417246,21229936,49.74,9.24185765,0
1505417246,21229932,49.74,5.09741500,1
1505417242,21229898,49.61,7.24228987,0
1505417241,21229896,49.60,13.00000000,0
1505417240,21229884,49.61,2.75771013,1
1505417235,21229851,49.28,13.00000000,1
1505417234,21229846,49.86,0.42000000,0
1505417232,21229836,49.86,60.74000000,0
1505417231,21229834,49.81,5.59162614,1
1505417231,21229833,49.81,31.49366254,1
1505417231,21229829,49.51,0.21206830,0
1505417230,21229826,49.09,10.52404685,0
1505417230,21229825,49.09,3.29195315,0
1505417230,21229823,49.09,48.29400000,0
1505417229,21229818,48.72,20.00000000,1
1505417229,21229816,48.72,20.00000000,1
1505417229,21229815,48.72,20.00000000,1
1505417229,21229814,48.72,20.00000000,1
1505417229,21229812,48.72,20.00000000,1
1505417229,21229811,48.72,20.00000000,1
1505417229,21229810,48.72,20.00000000,1
1505417228,21229809,48.72,20.00000000,1
1505417228,21229807,48.72,20.00000000,1
1505417228,21229805,48.72,20.00000000,1
1505417228,21229804,48.72,20.00000000,1
1505417228,21229802,48.72,20.00000000,1
1505417228,21229801,48.72,20.00000000,1
1505417228,21229798,48.72,20.00000000,1
1505417227,21229795,48.72,20.00000000,1
1505417227,21229792,48.72,20.00000000,1
1505417227,21229791,48.72,20.00000000,1
1505417227,21229788,48.72,20.00000000,1
1505417227,21229786,48.72,20.00000000,1
1505417227,21229785,48.72,20.00000000,1
1505417227,21229783,48.72,20.00000000,1
1505417227,21229782,48.72,20.00000000,1
1505417226,21229781,48.72,9.54061506,1
1505417226,21229777,48.72,2.01169924,0
1505417226,21229775,49.10,0.11000000,1
1505417226,21229772,49.16,8.33768570,0
1505417225,21229770,49.16,19.66231430,0
1505417225,21229769,49.16,0.33768570,0
1505417225,21229768,49.16,20.00000000,0
1505417225,21229767,49.16,15.66231430,0
1505417225,21229762,49.22,0.50225564,1
1505417224,21229758,49.26,3.83543006,1
1505417224,21229757,49.26,1.06530076,1
1505417223,21229755,49.26,18.93469924,0
1505417223,21229753,49.26,19.43998576,0
1505417223,21229752,49.26,0.56001424,0
1505417223,21229750,49.26,20.00000000,0
1505417223,21229748,49.26,13.06530076,0
1505417223,21229746,49.26,2.01169924,0
1505417222,21229743,49.27,4.92300000,1
1505417222,21229741,49.27,20.00000000,1
1505417222,21229740,49.27,20.00000000,1
1505417221,21229738,49.27,20.00000000,1
1505417221,21229735,49.27,20.00000000,1
1505417221,21229734,49.27,20.00000000,1
1505417221,21229733,49.27,20.00000000,1
1505417221,21229730,49.27,20.00000000,1
1505417221,21229728,49.27,20.00000000,1
1505417221,21229727,49.27,20.00000000,1
1505417221,21229725,49.27,20.00000000,1
1505417220,21229724,49.27,20.00000000,1
1505417220,21229723,49.27,20.00000000,1
1505417220,21229722,49.27,20.00000000,1
1505417220,21229720,49.27,20.00000000,1
1505417220,21229718,49.27,20.00000000,1
1505417220,21229717,49.27,20.00000000,1
1505417220,21229716,49.27,20.00000000,1
