date,tid,price,amount,type
1505433588,21260859,0.00005287,1424.02880000,1
1505433588,21260857,0.00005277,505.00000000,0
1505433466,21260725,0.00005274,535.84926052,0
1505433369,21260623,0.00005282,3510.00000000,1
1505433205,21260095,0.00005290,406.20030200,1
1505433202,21260091,0.00005290,1000.00000000,0
1505432905,21259442,0.00005272,2000.00000000,1
1505432883,21259415,0.00005278,325.03956675,0
1505432883,21259414,0.00005270,798.06045201,0
1505432868,21259397,0.00005270,11968.44811200,0
1505432838,21259319,0.00005265,1466.28390000,0
1505432704,21258948,0.00005279,624.67520000,1
1505432695,21258907,0.00005275,0.00000012,1
1505432693,21258904,0.00005277,184.15138690,1
1505432673,21258857,0.00005275,1464.10365388,1
1505432673,21258856,0.00005276,367.65240412,1
1505432658,21258831,0.00005275,1325.89634600,1
1505432614,21258766,0.00005260,6819.77307000,0
1505432613,21258762,0.00005290,180.22693000,1
1505432610,21258754,0.00005278,1448.48190000,0
1505432575,21258701,0.00005285,3300.00000000,1
1505432571,21258694,0.00005291,1045.03364203,0
1505432536,21258586,0.00005291,4000.00000000,1
1505432535,21258583,0.00005295,544.00000000,1
1505432480,21258485,0.00005286,5654.12380000,0
1505432480,21258483,0.00005290,2000.00000000,1
1505432452,21258369,0.00005323,1311.25561952,0
1505432452,21258367,0.00005312,812.43017048,0
1505432451,21258359,0.00005312,1255.96982952,0
1505432400,21258099,0.00005307,0.00000021,0
1505432400,21258098,0.00005306,9791.44227479,0
1505432328,21257956,0.00005295,158.53398031,0
1505432317,21257941,0.00005295,1056.74900000,0
1505432299,21257918,0.00005295,1234.93719410,0
1505432299,21257917,0.00005291,2006.88148190,0
1505432299,21257916,0.00005291,1315.47000000,0
1505432297,21257914,0.00005291,115.76014600,0
1505432269,21257855,0.00005292,2068.40000000,1
1505432210,21257727,0.00005337,2266.13897000,0
1505432209,21257725,0.00005314,2047.50000000,0
1505432209,21257724,0.00005310,1416.49050000,0
1505432202,21257708,0.00005290,1642.74784883,1
1505432198,21257697,0.00005290,3536.66808139,0
1505432197,21257690,0.00005289,2350.66360465,1
1505432190,21257662,0.00005292,1408.12389291,1
1505432186,21257645,0.00005293,3536.66808139,1
1505432113,21257440,0.00005337,1771.84391980,1
1505432113,21257439,0.00005337,1430.15780000,0
1505432110,21257434,0.00005313,825.00000000,1
1505432110,21257433,0.00005325,95.10000000,1
1505432054,21257333,0.00005348,2117.74158563,0
1505432016,21257242,0.00005348,1408.58090000,0
1505432014,21257238,0.00005346,1418.92650000,0
1505431878,21257004,0.00005337,1413.40000000,1
1505431870,21256990,0.00005341,9615.51012200,1
1505431707,21256584,0.00005349,75.97994703,0
1505431552,21256172,0.00005348,2555.53477935,0
1505431538,21256111,0.00005327,2731.46693638,0
1505431538,21256107,0.00005330,166.57740762,1
1505431403,21255645,0.00005355,7184.29999914,1
1505431403,21255644,0.00005355,13264.73716239,1
1505431402,21255642,0.00005354,7943.48859214,1
1505431402,21255638,0.00005328,1423.21460000,0
1505431311,21255288,0.00005309,1422.32840000,0
1505431306,21255248,0.00005310,1312.54568495,0
1505431297,21255168,0.00005305,648.92245400,1
1505431267,21254965,0.00005311,1956.94982769,0
1505431007,21254305,0.00005300,975.17622641,1
1505431006,21254304,0.00005300,325.25443698,0
1505430981,21254277,0.00005287,1391.82366762,0
1505430834,21254079,0.00005287,1389.90370000,0
1505430824,21254066,0.00005287,1407.36736997,0
1505430821,21254058,0.00005293,140.33687071,1
1505430704,21253799,0.00005300,979.98416999,0
1505430704,21253797,0.00005300,864.88917301,0
1505430693,21253761,0.00005300,440.34943396,0
1505430691,21253754,0.00005294,95.34054199,0
1505430472,21253047,0.00005269,2874.70317868,1
1505430472,21253045,0.00005275,165.11768837,1
1505430462,21253021,0.00005269,650.62682067,1
1505430462,21253020,0.00005270,329.77267128,1
1505430461,21253019,0.00005275,1623.53660000,1
1505430456,21253003,0.00005269,2396.62030917,1
1505430451,21252992,0.00005270,2610.97577266,1
1505430451,21252991,0.00005271,657.87394862,1
1505430440,21252965,0.00005294,1306.47115801,0
1505430437,21252956,0.00005281,560.00000000,1
1505430437,21252955,0.00005294,1401.81170000,1
1505430273,21252831,0.00005323,451.68006763,1
1505430271,21252830,0.00005289,1373.64121628,0
1505430253,21252821,0.00005289,41.53488372,0
1505430221,21252755,0.00005279,1392.20420000,0
1505430219,21252752,0.00005289,1415.17610000,1
1505430211,21252735,0.00005416,80.67780649,1
1505430209,21252733,0.00005308,285.06319652,0
1505430150,21252657,0.00005287,1399.73870000,1
1505429936,21252475,0.00005256,2426.43462390,1
1505429936,21252474,0.00005256,100.00000000,1
1505429936,21252473,0.00005280,5068.43265066,1
1505429936,21252472,0.00005281,15219.76034377,1
1505429934,21252462,0.00005435,4775.57479300,1
1505429933,21252461,0.00005435,14804.12756092,1
1505429933,21252456,0.00005433,4259.50090000,1
1505429933,21252455,0.00005433,1076.69036919,1
1505429931,21252449,0.00005308,1390.55150000,0
1505429929,21252445,0.00005280,0.86000000,1
1505429929,21252443,0.00005288,1221.60000000,1
1505429808,21252346,0.00005304,1114.82466063,0
1505429806,21252344,0.00005300,189.23181797,0
1505429722,21252200,0.00005280,420.88897200,1
1505429636,21252099,0.00005280,1198.66982900,1
1505429631,21252091,0.00005280,400.00000000,1
1505429607,21252069,0.00005280,10000.00000000,1
1505429589,21252056,0.00005280,19973.50055200,1
1505429578,21252042,0.00005295,359.31331444,0
1505429569,21252030,0.00005280,7113.34000000,1
1505429546,21252014,0.00005280,8691.59674800,1
1505429533,21252009,0.00005296,1883.50868580,0
1505429524,21251987,0.00005280,5384.37791500,1
1505429494,21251948,0.00005300,0.00000021,1
1505429488,21251928,0.00005300,619.00000000,1
1505429482,21251918,0.00005300,1798.18189000,1
1505429475,21251900,0.00005300,619.00000000,1
1505429474,21251897,0.00005307,8620.71330000,1
1505429472,21251894,0.00005307,1379.28670000,0
1505429425,21251828,0.00005300,304.01810979,1
1505429414,21251803,0.00005300,199.80000000,1
1505429387,21251769,0.00005321,1308.51212178,0
1505429305,21251602,0.00005333,875.37577348,0
1505429276,21251541,0.00005322,13606.40668000,0
1505429275,21251540,0.00005322,1214.10000000,1
1505429227,21251472,0.00005343,1212.42934680,0
1505429225,21251468,0.00005341,1392.32430000,0
1505428939,21251126,0.00005365,5131.59877003,0
1505428933,21251122,0.00005333,2052.50000000,1
1505428933,21251118,0.00005338,1403.17580000,1
1505428399,21250246,0.00005365,2001.67791239,0
1505428398,21250239,0.00005364,1717.21141708,0
1505428375,21250198,0.00005333,520.78995339,1
1505428323,21250100,0.00005366,13013.86544912,0
1505428306,21250093,0.00005343,1200.51646401,0
1505428305,21250091,0.00005343,851.78353599,0
1505428289,21250073,0.00005331,970.58175958,0
1505428288,21250071,0.00005331,3179.13584011,0
1505428287,21250068,0.00005331,1847.07412215,0
1505428040,21249769,0.00005331,70.10000000,1
1505427846,21249538,0.00005323,3228.52871070,1
1505427846,21249537,0.00005328,1375.61230000,1
1505427777,21249405,0.00005327,1371.41330000,0
1505427734,21249371,0.00005293,1270.68931660,1
1505427654,21249259,0.00005307,998.34076844,0
1505427654,21249258,0.00005293,57.87986756,0
1505427493,21248954,0.00005288,500.00000000,1
1505427389,21248618,0.00005288,5272.65576717,1
1505427380,21248545,0.00005287,1680.02399280,1
1505427370,21248488,0.00005288,2708.93123292,1
1505427370,21248487,0.00005288,1397.13080000,1
1505427362,21248450,0.00005291,2907.67760890,1
1505427354,21248418,0.00005288,198.80593401,1
1505427351,21248395,0.00005289,1335.27542700,0
1505427341,21248364,0.00005288,5270.50571331,1
1505427335,21248327,0.00005288,2036.59803145,1
1505427329,21248303,0.00005288,615.54403145,1
1505427329,21248302,0.00005288,1421.05400000,1
1505427311,21248266,0.00005288,515.47649305,1
1505427307,21248261,0.00005293,1639.04866188,0
1505427306,21248256,0.00005293,45.51154069,1
1505427304,21248247,0.00005293,1696.92855931,1
1505427279,21248200,0.00005328,343.31493993,0
1505427253,21248160,0.00005296,245.33966952,0
1505427253,21248158,0.00005296,1577.00000000,0
1505427251,21248152,0.00005296,48.77758824,0
1505427251,21248151,0.00005296,741.91334776,0
1505427246,21248143,0.00005296,229.20391000,0
1505427245,21248142,0.00005296,900.00000000,0
1505427238,21248126,0.00005298,1871.11725776,1
1505427234,21248111,0.00005296,475.34595776,0
1505427233,21248105,0.00005302,1395.77130000,1
1505427191,21247972,0.00005306,1376.64470000,1
1505427189,21247963,0.00005301,1649.54020000,1
1505427179,21247921,0.00005304,1174.24571662,0
1505427146,21247831,0.00005304,627.12726244,0
1505427136,21247799,0.00005304,187.33608100,0
1505427128,21247742,0.00005304,1403.75340000,0
1505427112,21247659,0.00005317,895.39976000,0
1505427100,21247618,0.00005317,889.15555527,1
1505427100,21247617,0.00005330,6.24420511,1
1505427096,21247608,0.00005330,180.99893576,1
1505427048,21247504,0.00005337,1407.34900000,1
1505426854,21247200,0.00005363,1920.45235000,0
1505426854,21247198,0.00005362,1412.62870000,0
1505426797,21247078,0.00005378,1263.52677575,0
1505426768,21247033,0.00005335,1000.00000000,0
1505426767,21247032,0.00005335,1295.59930000,0
1505426767,21247031,0.00005334,1000.00000000,0
1505426572,21246867,0.00005253,208.04793430,0
1505426570,21246865,0.00005330,3500.00000000,1
1505426500,21246798,0.00005331,1000.00000000,1
1505426334,21246503,0.00005373,0.00000020,0
1505426333,21246502,0.00005373,1857.69688780,1
1505426333,21246501,0.00005373,1394.73150000,1
1505426282,21246448,0.00005400,941.44635804,0
1505426282,21246447,0.00005400,0.00000496,0
1505426275,21246439,0.00005395,1645.91970000,0
1505426200,21246240,0.00005400,261.78702000,0
1505426169,21246209,0.00005400,0.00000044,1
1505426036,21245971,0.00005404,1355.69078460,0
1505426015,21245949,0.00005400,2051.35486700,1
1505425948,21245877,0.00005410,36.87634011,0
1505425939,21245870,0.00005410,36.87634011,0
1505425845,21245773,0.00005370,1375.65470000,1
1505425843,21245771,0.00005370,1624.34530000,1
1505425838,21245765,0.00005375,1375.65470000,1
1505425760,21245646,0.00005400,5000.00000000,0
1505425647,21245532,0.00005409,0.00000036,1
1505425643,21245527,0.00005462,3336.35774441,0
1505425641,21245525,0.00005409,1850.42642400,1
1505425641,21245522,0.00005409,1572.20483700,1
1505425637,21245514,0.00005409,1577.36873864,1
1505425635,21245512,0.00005410,1574.85180000,0
1505425578,21245414,0.00005397,1259.28223800,1
1505425577,21245412,0.00005400,1382.17710000,1
1505425519,21245296,0.00005457,64993.39322348,0
1505425519,21245295,0.00005450,112.00000000,0
1505425518,21245294,0.00005445,100.00000000,0
1505425518,21245293,0.00005415,0.00000379,0
1505425518,21245292,0.00005411,2014.90000000,0
1505425518,21245291,0.00005406,1355.77950000,0
1505425502,21245242,0.00005415,453.86665655,0
1505425502,21245241,0.00005412,1989.57702016,0
1505425502,21245240,0.00005404,185.52789900,0
1505425502,21245239,0.00005401,11.62488429,0
1505425482,21245158,0.00005399,8000.00000000,1
1505425387,21244962,0.00005401,88.37511571,0
1505425387,21244961,0.00005391,53.98246951,0
1505425387,21244959,0.00005384,100.00000000,0
1505425386,21244954,0.00005379,0.00000015,0
1505425342,21244851,0.00005379,3197.27295785,0
1505425342,21244850,0.00005378,293.62109906,0
1505425342,21244849,0.00005358,0.00000009,0
1505425323,21244813,0.00005358,2488.33720001,0
1505425322,21244810,0.00005351,297.65840593,0
1505425322,21244808,0.00005350,0.00000006,0
1505425308,21244778,0.00005350,1913.99999994,0
1505425308,21244777,0.00005330,293.62109906,0
1505425300,21244770,0.00005321,1851.20866666,0
1505425300,21244769,0.00005305,5.87426189,0
1505425282,21244724,0.00005305,197.90144274,0
1505425272,21244695,0.00005305,1386.40000000,0
1505425266,21244685,0.00005305,1224.22377800,0
1505425266,21244684,0.00005301,100.00000000,0
1505425265,21244682,0.00005300,500.00000000,0
1505425265,21244681,0.00005300,5700.00000000,0
1505425264,21244680,0.00005300,200.00000000,0
1505425264,21244679,0.00005294,433.40000000,0
1505425264,21244678,0.00005294,66.60000000,0
1505425264,21244677,0.00005289,1090.17570485,0
1505425262,21244669,0.00005289,1609.82429500,0
1505425258,21244664,0.00005289,500.00000015,0
1505425258,21244663,0.00005284,590.17570485,0
1505425253,21244651,0.00005284,3200.00000000,0
1505425248,21244635,0.00005284,1209.82429515,0
1505425248,21244634,0.00005281,293.62109906,0
1505425248,21244633,0.00005280,3790.17570479,0
1505425240,21244618,0.00005280,1836.52530800,0
1505425239,21244617,0.00005280,13373.29898721,0
1505425239,21244616,0.00005280,13854.00037879,0
1505425229,21244605,0.00005274,3895.19359120,1
1505425228,21244604,0.00005274,1427.58270000,0
1505425202,21244562,0.00005275,689.90085308,0
1505425184,21244540,0.00005247,109.56324947,1
1505425133,21244457,0.00005271,401.97495731,0
1505425078,21244402,0.00005250,6270.00000000,1
1505425075,21244396,0.00005279,223.95718886,0
1505425052,21244367,0.00005262,1399.52920000,1
1505425010,21244320,0.00005280,985.60606061,0
1505424953,21244268,0.00005280,5160.39356060,0
1505424897,21244177,0.00005279,2782.22826292,0
1505424883,21244160,0.00005278,5423.79867424,0
1505424782,21243895,0.00005220,10256.92300000,1
1505424775,21243883,0.00005220,3200.00000000,1
1505424774,21243879,0.00005221,1722.26507074,0
1505424773,21243876,0.00005235,1408.56190000,1
1505424724,21243765,0.00005273,2974.43637398,0
1505424724,21243764,0.00005259,125.66680161,0
1505424723,21243755,0.00005252,0.00000016,0
1505424660,21243549,0.00005252,1215.46620850,0
1505424660,21243548,0.00005250,737.85708850,0
1505424660,21243546,0.00005248,1420.22950000,0
1505424650,21243515,0.00005250,262.14291150,0
1505424650,21243514,0.00005250,400.00000000,0
1505424650,21243513,0.00005250,100.00000000,0
1505424650,21243512,0.00005250,3791.63002750,0
1505424597,21243418,0.00005250,3281.50164086,0
1505424597,21243417,0.00005224,268.31035914,0
1505424569,21243376,0.00005250,3403.86833164,0
1505424568,21243374,0.00005250,691.85002336,0
1505424552,21243366,0.00005250,808.14997664,0
1505424552,21243365,0.00005249,51.23827209,0
1505424552,21243364,0.00005232,293.62109906,0
1505424552,21243363,0.00005227,0.00000021,0
1505424513,21243311,0.00005223,11117.60599000,1
1505424507,21243292,0.00005223,1442.45837209,1
1505424503,21243287,0.00005223,2683.10359138,1
1505424493,21243268,0.00005223,2037.10000000,1
1505424467,21243224,0.00005222,1278.02385000,1
1505424464,21243223,0.00005223,465.16065196,1
1505424457,21243211,0.00005222,1000.00000000,1
1505424452,21243200,0.00005227,2056.05702500,0
1505424452,21243199,0.00005225,150.00000000,0
1505424443,21243176,0.00005224,1050.00000000,0
1505424331,21243009,0.00005219,2808.14926231,0
1505424330,21243003,0.00005200,315.16724336,0
1505424268,21242908,0.00005220,11960.13620689,1
1505424267,21242907,0.00005220,379.48889567,1
1505424267,21242904,0.00005220,3588.40270816,0
1505424144,21242670,0.00005192,1449.40000000,0
1505424137,21242641,0.00005160,1427.33476744,0
1505424130,21242621,0.00005159,22.02054883,1
1505424130,21242618,0.00005160,1427.33480000,1
1505424129,21242616,0.00005195,598.96208622,0
1505424058,21242323,0.00005154,1427.69210000,1
1505423972,21242147,0.00005185,1455.57380000,1
1505423954,21242125,0.00005217,95.60149511,0
1505423920,21242055,0.00005188,40.00000000,1
1505423862,21241952,0.00005193,1737.89961179,1
1505423858,21241944,0.00005207,984.70616477,0
1505423802,21241838,0.00005190,2663.48929800,0
1505423801,21241833,0.00005190,1913.55000000,1
1505423657,21241539,0.00005175,499.29934910,1
1505423655,21241537,0.00005180,763.00000000,1
1505423650,21241522,0.00005217,310.10139927,0
1505423559,21241324,0.00005195,80.62001924,0
1505423537,21241276,0.00005208,165.62000768,0
1505423536,21241273,0.00005205,0.00000022,0
1505423536,21241271,0.00005205,225.86961054,0
1505423416,21241003,0.00005187,827.98257060,1
1505423275,21240824,0.00005200,2946.39660000,0
1505423275,21240823,0.00005190,1423.60340000,0
1505423074,21240490,0.00005195,153.54495800,0
1505423041,21240401,0.00005205,697.87415946,0
1505423041,21240400,0.00005205,3458.03086955,0
1505422957,21240292,0.00005205,5618.22536023,0
1505422957,21240291,0.00005201,100.00000000,0
1505422956,21240288,0.00005200,2135.30820193,0
1505422956,21240287,0.00005200,2000.00000000,0
1505422955,21240286,0.00005200,294.63759576,0
1505422955,21240284,0.00005200,2078.00000000,0
1505422955,21240283,0.00005200,2366.50000000,0
1505422955,21240282,0.00005200,6053.25000000,0
1505422955,21240280,0.00005200,389.42026156,0
1505422955,21240279,0.00005200,5769.81923080,0
1505422909,21240208,0.00005200,767.19076923,0
1505422908,21240206,0.00005195,1830.80000000,0
1505422862,21240134,0.00005172,1385.47260000,1
1505422829,21240103,0.00005180,1394.87596280,1
1505422817,21240082,0.00005180,1241.00000000,1
1505422779,21240027,0.00005194,519.84597612,0
1505422742,21240003,0.00005194,522.82871386,1
1505422681,21239942,0.00005194,127.17128614,0
1505422505,21239858,0.00005169,1006.44985670,1
1505422504,21239850,0.00005174,1389.40210000,1
1505422234,21239606,0.00005195,1138.27757459,0
1505422209,21239568,0.00005198,95.54732589,0
1505422205,21239557,0.00005198,520.75798383,0
1505422201,21239553,0.00005198,12502.35956136,0
1505422199,21239552,0.00005193,1450.17050000,0
1505422167,21239534,0.00005139,46.60979429,0
1505422167,21239533,0.00005158,580.22489336,1
1505422165,21239532,0.00005159,127.17128614,1
1505422158,21239523,0.00005177,1397.61550000,1
1505422104,21239481,0.00005200,57.54826923,0
1505422076,21239456,0.00005200,245.34384615,0
1505421944,21239274,0.00005179,626.04910000,1
1505421944,21239272,0.00005182,1418.65090000,1
1505421774,21238991,0.00005200,631.81173076,0
1505421737,21238881,0.00005199,117.91363723,0
1505421475,21238404,0.00005199,607.93114060,0
1505421400,21238219,0.00005199,25652.21542604,0
1505421398,21238212,0.00005198,447.99308737,0
1505421382,21238160,0.00005167,445.36625610,0
1505421380,21238154,0.00005170,1406.58930000,1
1505421208,21237830,0.00005199,51435.76163993,0
1505421208,21237829,0.00005199,228.96600000,0
1505421208,21237828,0.00005170,1397.46270000,0
1505421208,21237827,0.00005170,647.69280000,0
1505421206,21237825,0.00005168,2000.00000000,0
1505421206,21237824,0.00005168,1884.19059598,0
1505421200,21237820,0.00005168,115.80940402,0
1505421084,21237728,0.00005161,1313.04428571,0
1505421056,21237697,0.00005168,386.03173375,0
1505421051,21237690,0.00005162,271.63610823,1
1505421051,21237689,0.00005168,1780.26389177,1
1505421049,21237686,0.00005168,219.73610823,0
1505421039,21237667,0.00005168,104.23800309,0
1505421039,21237666,0.00005168,323.97411132,0
1505421026,21237613,0.00005160,1400.70080000,1
1505420880,21237461,0.00005197,575.81643256,0
1505420850,21237442,0.00005197,38.38772369,0
1505420638,21237115,0.00005197,261.42832403,0
1505420309,21236676,0.00005199,1113.37545681,0
1505420309,21236675,0.00005195,2584.35571222,0
1505420309,21236674,0.00005194,6127.01800000,0
1505420308,21236672,0.00005183,2046.80000000,0
1505420308,21236670,0.00005183,1390.22930000,0
1505420020,21236344,0.00005148,1464.99999965,1
1505420020,21236342,0.00005149,196.90251635,1
1505420005,21236308,0.00005147,1411.63370000,1
1505420005,21236306,0.00005162,27.77968459,1
1505419998,21236285,0.00005167,1140.06038320,0
1505419983,21236203,0.00005167,1237.91136055,1
1505419982,21236199,0.00005166,1371.30765973,1
1505419974,21236158,0.00005162,472.22031541,1
1505419966,21236113,0.00005143,581.81885376,1
1505419845,21235641,0.00005177,620.68881591,0
1505419843,21235636,0.00005200,2581.69423076,0
1505419842,21235632,0.00005195,2811.78500000,0
1505419842,21235629,0.00005192,1644.80000000,1
1505419841,21235627,0.00005182,282.64038540,1
1505419840,21235622,0.00005182,19967.13800000,0
1505419840,21235621,0.00005151,1516.42379700,1
1505419428,21234910,0.00005172,885.36439609,1
1505419427,21234908,0.00005172,525.77140391,1
1505419398,21234858,0.00005199,1239.38872860,0
1505419358,21234831,0.00005177,1421.59270000,1
1505419124,21234521,0.00005199,1000.00000000,0
1505419000,21234375,0.00005199,1304.53971917,0
1505418960,21234317,0.00005180,917.97078400,1
1505418925,21234254,0.00005199,1918.65012502,0
1505418885,21234196,0.00005197,2059.69801885,0
1505418883,21234194,0.00005198,834.49298124,1
1505418883,21234193,0.00005198,3462.21662600,1
1505418882,21234188,0.00005198,184.32820316,1
1505418882,21234184,0.00005198,1428.72646771,1
1505418881,21234182,0.00005198,391.76966567,0
1505418881,21234181,0.00005197,261.46605622,0
1505418878,21234172,0.00005170,1335.89582698,1
1505418820,21234091,0.00005181,1419.50910000,1
1505418763,21233944,0.00005199,2697.80284670,0
1505418650,21233399,0.00005199,10412.34814387,0
1505418648,21233381,0.00005198,391.76966567,0
1505418573,21233121,0.00005199,1484.56515207,0
1505418482,21232937,0.00005183,236.13351340,0
1505418480,21232935,0.00005173,197.90223630,0
1505418365,21232743,0.00005151,1189.89272500,0
1505418356,21232731,0.00005153,238.65767514,0
1505418257,21232593,0.00005147,775.21352244,0
1505418236,21232575,0.00005165,617.96534365,0
1505418215,21232563,0.00005141,4849.79677168,0
1505418085,21232431,0.00005153,1584.53119682,0
1505418084,21232424,0.00005153,326.45958087,0
1505418084,21232423,0.00005148,1426.18360000,0
1505417930,21232146,0.00005143,2039.30000000,1
1505417888,21232100,0.00005181,77.01254584,0
1505417887,21232096,0.00005182,1002.89598611,0
1505417849,21232037,0.00005163,1408.78266375,1
1505417847,21232032,0.00005163,5.78276375,0
1505417844,21232030,0.00005163,1402.99990000,0
1505417835,21232010,0.00005196,423.67378752,0
1505417828,21231997,0.00005166,1429.59934384,1
1505417797,21231927,0.00005197,11020.15201077,0
1505417581,21231405,0.00005198,347.35340515,0
1505417580,21231403,0.00005178,690.00000000,1
1505417542,21231241,0.00005199,464.42565878,0
1505417540,21231235,0.00005198,1454.30000000,0
1505417470,21231012,0.00005194,568.29591836,0
1505417399,21230635,0.00005172,1423.34745858,1
1505417399,21230630,0.00005172,1634.82387208,1
1505417392,21230582,0.00005172,387.77612792,1
1505417308,21230288,0.00005199,12.80650125,0
1505417307,21230285,0.00005199,15892.08597807,0
1505417307,21230283,0.00005199,3259.68199524,0
1505417307,21230273,0.00005198,391.76966567,0
1505417253,21229983,0.00005199,1257.54990700,0
1505417252,21229976,0.00005199,482.76809776,0
1505417252,21229975,0.00005198,406.05001924,0
1505417136,21229344,0.00005197,1629.42235905,0
1505417127,21229266,0.00005197,567.92458101,0
1505417127,21229264,0.00005197,391.76966567,0
1505417063,21228865,0.00005177,1369.81720000,1
1505417063,21228862,0.00005177,290.52568869,1
1505417043,21228799,0.00005198,1093.94998076,0
1505417034,21228774,0.00005177,1395.00714701,0
1505416874,21228229,0.00005177,531.64226385,0
1505416816,21228145,0.00005175,850.00000000,0
1505416772,21228054,0.00005175,2676.21816425,0
1505416730,21227984,0.00005198,662.31377452,1
1505416730,21227983,0.00005178,1261.20000000,0
1505416689,21227911,0.00005182,632.20551910,0
1505416683,21227892,0.00005184,1571.07465277,0
1505416644,21227775,0.00005188,2688.28238242,0
1505416569,21227483,0.00005173,61.33887492,0
1505416560,21227456,0.00005174,610.86876691,0
1505416453,21227165,0.00005126,2549.64853000,1
1505416452,21227164,0.00005131,1370.95440000,1
1505416425,21227053,0.00005129,595.25326455,1
1505416425,21227052,0.00005134,768.44668230,1
1505416423,21227041,0.00005134,623.65941770,1
1505416397,21226952,0.00005138,665.98157342,1
1505416397,21226951,0.00005142,1362.11840000,1
1505416354,21226818,0.00005167,3174.70408360,1
1505416353,21226816,0.00005167,2021.00000000,0
1505416289,21226525,0.00005172,2228.70129406,0
1505416289,21226524,0.00005171,2546.83127178,0
1505416289,21226523,0.00005153,1391.39170000,0
1505416272,21226490,0.00005126,2549.64853000,0
1505416271,21226489,0.00005151,2021.00000000,1
1505416265,21226466,0.00005156,1402.38230000,1
1505416145,21226261,0.00005179,822.41893462,1
1505416143,21226255,0.00005178,75.02012643,0
1505416107,21226220,0.00005178,577.92931634,0
1505416090,21226203,0.00005176,3153.58901801,0
1505416090,21226202,0.00005175,295.84195151,0
1505416033,21226101,0.00005174,1157.72128462,1
1505416030,21226091,0.00005173,1596.20000000,0
1505415976,21226016,0.00005139,1596.21580000,1
1505415976,21226015,0.00005144,1400.78420000,1
1505415971,21226012,0.00005180,2305.46273277,1
1505415969,21226007,0.00005179,652.58104549,0
1505415878,21225817,0.00005125,277.77770000,1
1505415792,21225715,0.00005123,1410.53730000,1
1505415723,21225591,0.00005128,654.19045600,1
1505415720,21225590,0.00005177,249.71373382,0
1505415704,21225576,0.00005133,1110.73080000,1
1505415703,21225575,0.00005133,270.00000000,1
1505415684,21225527,0.00005195,218.71241578,1
1505415683,21225523,0.00005179,651.66128707,1
1505415682,21225517,0.00005179,652.94944277,0
1505415640,21225379,0.00005145,1701.27146394,1
1505415638,21225369,0.00005162,3451.73363037,1
1505415637,21225362,0.00005162,1820.60000000,0
1505415451,21224762,0.00005183,4304.95292301,0
1505415448,21224741,0.00005183,1970.35655026,1
1505415448,21224736,0.00005183,9399.67250026,1
1505415448,21224735,0.00005183,603.32754803,1
1505415447,21224730,0.00005183,14729.17891517,0
1505415348,21224365,0.00005147,775.21352244,0
1505415317,21224200,0.00005144,250.26851021,1
1505415317,21224198,0.00005144,1449.04306468,1
1505415316,21224196,0.00005159,250.26851032,1
1505415316,21224190,0.00005148,1088.14864942,0
1505415316,21224188,0.00005148,568.66555026,0
1505415262,21223999,0.00005105,529.04421000,0
1505415260,21223997,0.00005124,487.78647150,1
1505415195,21223801,0.00005147,200.67582552,0
1505415181,21223749,0.00005131,487.78640842,1
1505415153,21223698,0.00005124,1459.13000000,1
1505415123,21223600,0.00005129,964.29459933,0
1505415073,21223423,0.00005125,2991.56613330,1
1505415066,21223398,0.00005125,2351.60823021,1
1505415003,21223172,0.00005148,83.33444974,1
1505415000,21223162,0.00005148,1756.84065400,1
1505414999,21223154,0.00005148,8297.11269600,1
1505414955,21223066,0.00005163,193.10478404,0
1505414903,21222943,0.00005148,23862.71220026,1
1505414902,21222940,0.00005149,14149.28779974,1
1505414863,21222869,0.00005168,954.45723684,0
1505414853,21222792,0.00005149,1527.41300000,0
1505414851,21222787,0.00005149,270.00000000,1
1505414825,21222756,0.00005152,1760.40000000,1
1505414788,21222683,0.00005192,1149.22669491,0
1505414747,21222600,0.00005178,19264.19466975,0
1505414643,21222355,0.00005180,1753.81319653,0
1505414643,21222354,0.00005180,816.18680347,0
1505414592,21222251,0.00005165,479.81000000,1
1505414592,21222250,0.00005165,908.80000000,1
1505414419,21221925,0.00005174,910.25086973,0
1505414413,21221916,0.00005174,1549.00000000,0
1505414387,21221877,0.00005170,1077.00000000,0
1505414387,21221876,0.00005170,56.32804128,0
1505414387,21221875,0.00005163,1379.32154651,0
1505414365,21221832,0.00005163,926.94661800,0
1505414362,21221825,0.00005163,681.87577972,0
1505414362,21221824,0.00005163,697.44576728,0
1505414353,21221806,0.00005163,528.69920588,0
1505414348,21221795,0.00005163,625.70637226,0
1505414315,21221773,0.00005162,930.94379600,0
1505414279,21221660,0.00005162,163.24428516,0
1505414277,21221659,0.00005148,126.96045208,0
1505414240,21221625,0.00005143,1435.88060000,1
1505414232,21221612,0.00005148,611.84637192,0
1505414202,21221558,0.00005112,9399.67250000,0
1505414201,21221554,0.00005115,2661.63740000,1
1505414174,21221521,0.00005148,2319.81657600,0
1505414174,21221520,0.00005146,390.50265462,0
1505414174,21221519,0.00005146,1156.95631938,0
1505414164,21221483,0.00005146,2008.50000000,0
1505414096,21221256,0.00005148,1441.37660000,0
1505414059,21221201,0.00005163,872.48440828,0
1505414057,21221199,0.00005162,4505.06503051,0
1505414029,21221162,0.00005163,4500.00000000,1
1505414029,21221159,0.00005165,29504.02032913,1
1505414027,21221155,0.00005162,2006.60000000,0
1505413952,21220974,0.00005120,0.00000001,0
1505413936,21220956,0.00005120,2660.68962600,0
1505413922,21220940,0.00005120,78.49735000,0
1505413907,21220893,0.00005120,6595.84637900,0
1505413902,21220877,0.00005120,385.44770300,0
1505413880,21220809,0.00005120,4850.27279200,0
1505413865,21220755,0.00005120,7746.04911832,0
1505413865,21220753,0.00005118,8552.02440168,0
1505413856,21220726,0.00005114,2006.60000000,1
1505413856,21220722,0.00005115,263.68870600,1
1505413837,21220623,0.00005122,1436.04020000,1
1505413828,21220592,0.00005127,264.97795982,0
1505413819,21220556,0.00005114,1302.09570000,1
1505413800,21220499,0.00005121,883.31971100,0
1505413732,21220365,0.00005114,150.98748533,0
1505413726,21220357,0.00005120,224.07656250,1
1505413724,21220356,0.00005099,63.43376617,0
1505413710,21220343,0.00005099,454.56623383,0
1505413615,21220036,0.00005150,117.53145631,0
1505413614,21220032,0.00005102,5531.53762578,1
1505413613,21220031,0.00005104,0.64756522,1
1505413611,21220019,0.00005103,1652.58634900,0
1505413611,21220014,0.00005103,1417.92070000,1
1505413571,21219916,0.00005164,2996.54666924,0
1505413564,21219882,0.00005169,1553.43760882,0
1505413479,21219625,0.00005144,1585.75427682,0
1505413470,21219608,0.00005122,403.24580242,0
1505413274,21219152,0.00005094,323.10000000,1
1505413246,21219104,0.00005168,208.65789473,1
1505413246,21219103,0.00005115,2811.92612609,0
1505413226,21219053,0.00005112,826.07883000,0
1505413159,21218855,0.00005115,2188.07387391,0
1505413159,21218854,0.00005102,197.16200259,0
1505413157,21218847,0.00005101,8842.64680146,0
1505413157,21218845,0.00005093,1459.12780000,0
1505413156,21218844,0.00005083,743.92464437,0
1505413136,21218756,0.00005083,237.05941373,0
1505413134,21218752,0.00005083,330.20539051,0
1505413033,21218248,0.00005083,175.97466000,0
1505413026,21218205,0.00005083,1487.16408500,1
1505413026,21218204,0.00005100,0.00004299,1
1505412999,21218019,0.00005100,1955.88230995,1
1505412999,21218018,0.00005101,154.34858647,1
1505412987,21217933,0.00005102,483.87181152,1
1505412982,21217907,0.00005101,1505.70044313,1
1505412969,21217845,0.00005101,99.90000000,1
1505412942,21217725,0.00005105,1479.98387480,1
1505412826,21217368,0.00005119,1459.72310000,1
1505412789,21217276,0.00005128,15122.36784369,1
1505412746,21217193,0.00005162,2004.77760557,1
1505412746,21217190,0.00005162,868.30000000,0
1505412711,21217071,0.00005127,868.31731000,1
1505412710,21217070,0.00005129,1489.54080000,1
1505412709,21217063,0.00005166,531.91327913,0
1505412707,21217061,0.00005157,0.00000217,0
1505412668,21216981,0.00005126,90.00000000,1
1505412666,21216974,0.00005157,443.18305000,0
1505412666,21216971,0.00005149,1600.00000000,0
1505412643,21216924,0.00005148,45424.17874000,1
1505412636,21216915,0.00005147,1387.54446635,0
1505412631,21216895,0.00005147,606.65553365,0
1505412615,21216863,0.00005130,2740.77446394,0
1505412601,21216791,0.00005112,463.00000000,1
1505412538,21216587,0.00005130,544.22553606,0
1505412497,21216468,0.00005106,175.69440289,0
1505412489,21216434,0.00005076,851.47606035,1
1505412358,21215910,0.00005104,1994.20000000,1
1505412303,21215662,0.00005106,1305.26897060,0
1505412302,21215660,0.00005103,281.73192240,0
1505412294,21215611,0.00005106,771.43722718,1
1505412294,21215610,0.00005107,709.52614631,1
1505412284,21215556,0.00005123,547.92543431,0
1505412192,21215136,0.00005079,879.34729558,1
1505412085,21214774,0.00005115,540.89481915,0
1505412005,21214521,0.00005107,2950.32967900,0
1505411974,21214413,0.00005111,1584.82997456,0
1505411968,21214393,0.00005070,1458.40809152,1
1505411949,21214348,0.00005074,1335.89511000,1
1505411895,21214112,0.00005074,1452.90613000,1
1505411895,21214111,0.00005096,125.00000000,1
1505411895,21214109,0.00005116,2677.06626270,0
1505411868,21213912,0.00005070,148.24508900,1
1505411848,21213789,0.00005070,1477.82343400,0
1505411764,21213582,0.00005098,1340.77442134,0
1505411586,21213297,0.00005102,7135.63641709,1
1505411586,21213296,0.00005102,900.00000000,1
1505411584,21213293,0.00005079,5629.87831134,0
1505411510,21213167,0.00005079,1341.87162827,0
1505411456,21213033,0.00005071,502.67126799,0
1505411372,21212904,0.00005056,8354.75118670,0
1505411370,21212898,0.00005050,1511.36202343,0
1505411336,21212827,0.00005033,3973.50146670,1
1505411213,21212497,0.00005050,98.76297030,0
1505411193,21212466,0.00005036,4063.57187000,0
1505411190,21212449,0.00005036,1451.32140000,1
1505411189,21212446,0.00005050,1547.17337572,1
1505411183,21212425,0.00005050,3148.82155713,1
1505411179,21212417,0.00005050,801.67444759,1
1505411178,21212408,0.00005050,1395.15204348,1
1505411174,21212399,0.00005050,831.08822066,1
1505411172,21212391,0.00005050,1459.85819157,1
1505411169,21212384,0.00005050,721.28014704,1
1505411168,21212375,0.00005036,771.98171978,0
1505411111,21212218,0.00005039,0.00004657,1
1505411007,21211961,0.00005040,1458.71014700,1
1505410991,21211904,0.00005039,464.49204932,1
1505410991,21211903,0.00005040,0.00003675,1
1505410985,21211894,0.00005040,1673.62072440,1
1505410855,21211627,0.00005039,5475.97228196,1
1505410855,21211626,0.00005039,0.00000004,1
1505410854,21211622,0.00005041,2364.02844800,1
1505410810,21211511,0.00005091,2674.81261048,0
1505410611,21210959,0.00005039,1643.15203100,1
1505410585,21210826,0.00005076,70.00000000,0
1505410562,21210771,0.00005040,116.00000000,0
1505410529,21210718,0.00005039,356.84796896,1
1505410528,21210716,0.00005039,70.97197504,1
1505410509,21210675,0.00005039,1014.67646000,1
1505410500,21210659,0.00005039,1033.99664100,1
1505410476,21210628,0.00005039,3571.06233000,1
1505410475,21210623,0.00005039,2983.52219300,1
1505410438,21210517,0.00005104,195.43612853,0
1505410428,21210502,0.00005039,1804.72135100,1
1505410425,21210495,0.00005039,1521.04904996,1
1505410425,21210494,0.00005040,9102.58590004,1
1505410391,21210396,0.00005040,145.03603000,1
1505410391,21210395,0.00005043,1444.98530000,1
1505410319,21210273,0.00005040,3141.04287612,1
1505410223,21210108,0.00005080,100.59055118,0
1505410218,21210085,0.00005067,1308.03903587,0
1505410217,21210081,0.00005067,691.96096413,0
1505410182,21209967,0.00005072,510.17507886,1
1505410182,21209965,0.00005067,180.93910455,1
1505410180,21209959,0.00005067,2012.50000000,0
1505410173,21209934,0.00005067,784.70357213,0
1505410140,21209878,0.00005039,1414.52638700,1
1505410120,21209841,0.00005063,635.00000000,0
1505410080,21209681,0.00005033,832.46414363,1
1505410060,21209629,0.00005033,8382.32838000,1
1505410054,21209605,0.00005032,799.48384355,1
1505410021,21209500,0.00005035,1457.40000000,1
1505409972,21209280,0.00005063,1814.92180000,0
1505409937,21209150,0.00005069,221.48471098,0
1505409873,21208969,0.00005073,321.56238911,0
1505409816,21208799,0.00005047,790.56865464,1
1505409735,21208566,0.00005050,1633.96839000,1
1505409627,21208196,0.00005066,1457.36410000,1
1505409615,21208162,0.00005098,5415.59846998,0
1505409530,21207758,0.00005090,1230.03948919,0
1505409528,21207747,0.00005085,1432.52560000,0
1505409429,21207362,0.00005135,10935.55189873,0
1505409428,21207360,0.00005125,1633.96839025,0
1505409428,21207358,0.00005076,6546.51300000,0
1505409428,21207357,0.00005061,1461.76050000,0
1505409427,21207350,0.00005051,1423.17177050,0
1505409288,21207004,0.00005050,1358.44365921,1
1505409288,21207003,0.00005050,292.58790244,1
1505409276,21206918,0.00005051,1423.17177050,1
1505409252,21206853,0.00005119,323.86344989,0
1505409214,21206617,0.00005070,823.75246412,0
1505409212,21206599,0.00005071,1702.08564374,0
1505409211,21206593,0.00005073,1441.13490000,1
1505409190,21206417,0.00005114,803.23603953,0
1505409144,21206185,0.00005082,1114.81673200,0
1505409144,21206183,0.00005082,261.39577100,0
1505409103,21205957,0.00005124,1385.40192000,0
1505408989,21205321,0.00005087,2730.73127580,0
1505408963,21205225,0.00005087,1000.00000000,0
1505408900,21204873,0.00005088,10194.57547169,0
1505408696,21204219,0.00005102,5219.21364171,0
1505408631,21204137,0.00005068,895.74219957,1
1505408631,21204135,0.00005078,50.00000000,1
1505408488,21203943,0.00005112,584.31592331,0
1505408367,21203744,0.00005085,521.72900688,0
1505408338,21203683,0.00005077,875.88110384,1
1505408275,21203603,0.00005077,1596.00000000,1
1505408208,21203534,0.00005124,649.25995316,0
1505408176,21203414,0.00005105,621.87149853,0
1505407968,21202987,0.00005106,1171.92089289,0
1505407940,21202940,0.00005076,602.71265075,0
1505407939,21202936,0.00005077,835.98812925,1
1505407803,21202601,0.00005090,40.00000000,0
1505407565,21201782,0.00005096,2281.99646781,0
1505407484,21201617,0.00005078,746.93698306,0
1505407392,21201412,0.00005070,737.35707855,1
1505407276,21201350,0.00005064,555.15360641,1
1505407182,21201274,0.00005067,1820.71453501,0
1505407182,21201273,0.00005067,2200.34553556,0
1505407182,21201272,0.00005067,2003.59997343,0
1505407140,21201183,0.00005070,196.74556213,1
1505406937,21200940,0.00005083,294.36533543,0
1505406640,21200696,0.00005108,899.26742364,1
1505406639,21200695,0.00005108,1668.91112953,0
1505406600,21200648,0.00005074,1965.91683090,0
1505406427,21200513,0.00005104,2238.06445924,0
1505406427,21200512,0.00005096,1200.00000000,0
1505406427,21200511,0.00005096,500.00000000,0
1505406425,21200510,0.00005095,1389.29530000,1
1505406425,21200507,0.00005095,541.79516107,0
1505406146,21199910,0.00005078,554.22233162,0
1505405799,21199601,0.00005081,294.36173981,0
1505405798,21199600,0.00005080,1269.60000000,0
1505405681,21199452,0.00005063,537.65295551,0
1505405659,21199437,0.00005063,2815.53110949,0
1505405659,21199435,0.00005060,3140.89126666,0
1505405658,21199434,0.00005060,2177.75262385,0
1505405601,21199321,0.00005080,176.72342520,0
1505405432,21199226,0.00005091,1116.83068159,0
1505405428,21199225,0.00005092,250.88982717,1
1505405428,21199224,0.00005092,3851.41740386,0
1505405422,21199222,0.00005067,1389.69270000,0
1505405404,21199187,0.00005071,826.24749405,0
1505405346,21199147,0.00005062,3855.79486600,1
1505405218,21198995,0.00005089,1392.38730000,0
1505405016,21198741,0.00005093,156.68643236,0
1505404926,21198602,0.00005075,978.00000000,0
1505404895,21198556,0.00005080,1247.00000000,1
1505404869,21198506,0.00005085,637.05026539,1
1505404729,21198303,0.00005096,645.00000000,1
1505404679,21198258,0.00005114,920.50958154,1
1505404679,21198257,0.00005114,353.82515601,0
1505404566,21198156,0.00005120,64.29238281,0
1505404511,21198005,0.00005078,352.91386966,0
1505404460,21197949,0.00005078,1299.62628500,0
1505404300,21197646,0.00005078,602.13174478,0
1505404251,21197449,0.00005082,7116.86535100,0
1505404243,21197426,0.00005117,7116.86535079,1
1505404123,21197118,0.00005122,1159.23584537,0
1505403855,21196713,0.00005125,1358.44370731,0
1505403853,21196709,0.00005124,1081.94294627,0
1505403795,21196636,0.00005125,292.58790244,0
1505403795,21196635,0.00005125,705.26575610,0
1505403766,21196600,0.00005125,408.73424390,0
1505403725,21196475,0.00005124,287.09856000,0
1505403717,21196436,0.00005123,560.89693538,1
1505403717,21196434,0.00005121,265.38766342,0
1505403530,21195978,0.00005112,2813.28386000,1
1505403462,21195777,0.00005112,1482.18661971,0
1505403438,21195753,0.00005112,1000.00000000,0
1505403421,21195717,0.00005113,393.57421000,0
1505403275,21195395,0.00005084,538.48936800,1
1505403259,21195365,0.00005091,964.70000000,0
1505403234,21195278,0.00005102,1070.90465000,0
1505403234,21195276,0.00005100,1368.47250000,0
1505403233,21195272,0.00005092,843.46621569,0
1505403196,21195146,0.00005106,232.50607128,1
1505403176,21195084,0.00005093,1368.80030200,0
1505403149,21195032,0.00005084,1375.55590000,0
1505403141,21195017,0.00005083,1362.12180000,0
1505403048,21194711,0.00005071,1081.94294600,0
1505402980,21194594,0.00005076,540.90000000,0
1505402898,21194477,0.00005071,1180.35890356,0
1505402667,21194242,0.00005069,1081.42105300,1
1505402667,21194241,0.00005069,2001.30000000,1
1505402667,21194240,0.00005073,1371.06620000,1
1505402381,21193919,0.00005089,495.40636667,0
1505402381,21193918,0.00005085,2423.46712111,0
1505402380,21193916,0.00005084,936.92134636,0
1505402374,21193912,0.00005085,2261.13961069,1
1505402339,21193878,0.00005095,118.21845737,1
1505402338,21193877,0.00005095,417.53718542,0
1505402336,21193866,0.00005079,1356.64489968,1
1505402336,21193864,0.00005080,152.94764532,1
1505402278,21193793,0.00005080,385.53741620,1
1505402278,21193792,0.00005080,4.76000000,1
1505402277,21193790,0.00005081,305.15905180,1
1505402086,21193513,0.00005088,112.37813362,1
1505402086,21193512,0.00005089,307.11986638,1
1505402065,21193493,0.00005110,2928.10039139,0
1505401869,21193174,0.00005113,2493.52787013,0
1505401869,21193173,0.00005113,2196.56307451,0
1505401868,21193171,0.00005110,160.00000000,0
1505401728,21193048,0.00005109,596.40399295,0
1505401666,21192964,0.00005110,7575.49765166,0
1505401666,21192963,0.00005109,3726.30928916,0
1505401665,21192960,0.00005108,1498.93566861,1
1505401579,21192796,0.00005088,200.00000000,1
1505401504,21192614,0.00005095,1498.93567333,0
1505401504,21192613,0.00005093,1037.07236667,0
1505401468,21192548,0.00005096,2851.49136577,0
1505401261,21192204,0.00005080,1995.24000000,1
1505401242,21192191,0.00005092,595.39434406,0
1505401039,21191950,0.00005109,495.51419064,0
1505401028,21191916,0.00005104,1990.70000000,0
1505401005,21191859,0.00005080,0.00000005,0
1505400993,21191830,0.00005080,37500.30864200,0
1505400911,21191666,0.00005070,1535.53601700,0
1505400900,21191647,0.00005071,254.65513000,0
1505400898,21191645,0.00005071,1872.30464900,0
1505400882,21191618,0.00005079,1858.97800000,0
1505400858,21191576,0.00005080,874.83600000,0
1505400848,21191561,0.00005080,868.08425196,0
1505400844,21191554,0.00005080,3817.47504300,0
1505400805,21191499,0.00005080,2505.99606299,0
1505400779,21191445,0.00005079,1346.81170000,0
1505400777,21191443,0.00005080,962.30000000,1
1505400497,21191027,0.00005103,391.79104478,0
1505400337,21190772,0.00005085,246.56617502,0
1505400298,21190569,0.00005073,990.04375653,1
1505400287,21190531,0.00005080,4712.59842519,1
1505400227,21190418,0.00005091,39.17930086,0
1505400210,21190406,0.00005086,112.86327400,1
1505400203,21190400,0.00005104,878.44474921,0
1505400201,21190381,0.00005095,0.00000060,0
1505400108,21190193,0.00005095,1031.82852000,0
1505400002,21189717,0.00005086,1360.60440000,0
1505399973,21189585,0.00005069,1083.99186300,1
1505399961,21189544,0.00005079,258.05375073,0
1505399898,21189348,0.00005081,508.54339696,0
1505399895,21189343,0.00005078,1214.42886000,0
1505399846,21189089,0.00005066,1507.12479400,0
1505399769,21188795,0.00005061,1354.00144000,1
1505399748,21188735,0.00005067,1378.70260000,0
1505399609,21188436,0.00005051,1930.00000000,1
1505399562,21188382,0.00005090,11271.19351669,0
1505399562,21188380,0.00005090,1698.38560000,0
1505399514,21188331,0.00005079,67.50000000,0
1505399450,21188224,0.00005079,815.77022136,1
1505399350,21188054,0.00004994,982.41753506,0
1505399350,21188053,0.00004995,15136.70856494,0
1505399349,21188051,0.00005074,1388.57390000,0
1505399348,21188050,0.00005074,1992.30000000,1
1505399330,21188012,0.00005119,3635.11603828,1
1505399328,21188006,0.00005094,1497.10520000,0
1505399308,21187978,0.00005063,1616.93765801,1
1505399231,21187856,0.00005111,62.61846996,1
1505399231,21187855,0.00005097,1593.90082608,0
1505399229,21187854,0.00005096,886.38233849,0
1505399188,21187792,0.00005090,1000.00000000,0
1505398951,21187567,0.00005102,556.23676989,1
1505398949,21187562,0.00005092,1988.40000000,0
1505398938,21187547,0.00005092,215.72957581,0
1505398728,21187163,0.00005067,0.00000151,1
1505398728,21187161,0.00005081,888.70000000,1
1505398728,21187160,0.00005085,1886.38233849,1
1505398728,21187159,0.00005085,1366.56190000,1
1505398628,21186863,0.00005102,115.68424147,0
1505398597,21186792,0.00005103,417.85361552,0
1505398543,21186594,0.00005071,1633.26774730,1
1505398542,21186587,0.00005074,1367.03310000,1
1505398470,21186407,0.00005107,430.99392990,0
1505398415,21186330,0.00005069,1163.58827780,0
1505398374,21186235,0.00005080,504.02125528,1
1505398372,21186226,0.00005055,7.70267953,0
1505398371,21186220,0.00005058,124.00000000,1
1505398371,21186216,0.00005059,1389.60920000,1
1505398244,21185911,0.00005105,197.23736780,0
1505398222,21185787,0.00005109,8163.18120900,0
1505398221,21185780,0.00005109,4845.98750000,0
1505398160,21185529,0.00005108,1263.95712607,0
1505398034,21184998,0.00005103,1069.24534587,0
1505398018,21184825,0.00005102,776.77107093,1
1505397998,21184755,0.00005065,80.00000000,1
1505397924,21184505,0.00005094,2524.59403219,0
1505397659,21184137,0.00005067,539.32114000,1
1505397641,21184098,0.00005060,1331.99029106,1
1505397641,21184096,0.00005061,9905.89400694,1
1505397639,21184092,0.00005060,18063.22511901,1
1505397639,21184091,0.00005066,1361.17300000,1
1505397639,21184089,0.00005070,14819.46995899,1
1505397638,21184085,0.00005116,101.38838937,0
1505397605,21183990,0.00005075,509.01697900,1
1505397602,21183965,0.00005075,1351.02410000,1
1505397570,21183900,0.00005118,166.83567800,0
1505397402,21183553,0.00005076,43.69357524,1
1505397285,21183339,0.00005082,1352.83550000,1
1505397040,21182851,0.00005105,488.49461312,0
1505397018,21182804,0.00005108,1117.70271125,0
1505397018,21182803,0.00005108,835.12853386,0
1505397001,21182741,0.00005083,1139.85461341,0
1505396993,21182726,0.00005066,500.00000000,1
1505396913,21182501,0.00005085,1657.45856354,1
1505396911,21182491,0.00005085,0.00000014,1
1505396911,21182489,0.00005085,835.12853386,1
1505396907,21182475,0.00005121,1262.50087873,0
1505396785,21181975,0.00005124,765.95862607,0
1505396784,21181970,0.00005121,761.21235900,1
1505396783,21181962,0.00005121,1020.23350433,0
1505396711,21181745,0.00005080,13420.05757884,0
1505396699,21181667,0.00005079,1057.89318893,1
1505396698,21181665,0.00005080,43076.95394000,0
1505396697,21181656,0.00005080,835.24021855,0
1505396696,21181648,0.00005079,1378.62359657,0
1505396689,21181628,0.00005080,838.39702032,0
1505396688,21181624,0.00005079,1672.32417652,0
1505396684,21181611,0.00005080,788.23053552,0
1505396679,21181597,0.00005080,813.90596455,0
1505396675,21181574,0.00005080,42897.50091000,0
1505396674,21181570,0.00005080,865.73498041,0
1505396673,21181568,0.00005080,1378.68100991,0
1505396669,21181535,0.00005080,858.03791547,0
1505396664,21181513,0.00005080,804.08885011,0
1505396659,21181490,0.00005080,783.59987630,0
1505396655,21181485,0.00005080,1580.30454253,0
1505396654,21181483,0.00005080,1381.31880000,0
1505396654,21181482,0.00005080,813.67679968,0
1505396653,21181475,0.00005084,1374.76100000,1
1505396544,21180872,0.00005080,4093.11023600,1
1505396517,21180744,0.00005124,3624.30993995,0
1505396517,21180742,0.00005123,232.59724428,0
1505396517,21180741,0.00005123,1162.98622142,0
1505396517,21180739,0.00005117,829.52789435,0
1505396517,21180734,0.00005117,521.57210565,0
1505396516,21180732,0.00005116,3102.73783126,0
1505396500,21180640,0.00005119,818.54914613,0
1505396498,21180633,0.00005084,2577.94912454,0
1505396497,21180632,0.00005084,1200.00000000,0
1505396497,21180631,0.00005082,830.91540340,0
1505396496,21180621,0.00005082,525.35058947,0
1505396474,21180453,0.00005082,828.21741880,1
1505396473,21180442,0.00005082,1262.00423746,1
1505396469,21180427,0.00005082,6558.17800000,1
1505396467,21180417,0.00005082,6919.40400000,1
1505396467,21180414,0.00005082,13626.74327680,1
1505396467,21180413,0.00005077,1444.48358493,0
1505396467,21180412,0.00005076,288.89671699,0
1505396466,21180409,0.00005060,1311.90907700,0
1505396430,21180186,0.00005060,9137.35356200,0
1505396430,21180185,0.00005058,2.06544088,0
1505396428,21180180,0.00005057,1287.77404452,0
1505396388,21179960,0.00005058,1200.00000000,0
1505396352,21179801,0.00005053,1714.65802494,0
1505396344,21179755,0.00005033,1243.73358000,1
1505396331,21179702,0.00005041,891.53255190,0
1505396290,21179530,0.00005042,637.64637048,0
1505396233,21179270,0.00005003,459.53223487,1
1505396233,21179268,0.00005004,789.46776513,1
1505396183,21179074,0.00004978,2112.47226764,1
1505396178,21179053,0.00004978,3921.28697739,1
1505396175,21179038,0.00005011,3066.03579500,0
1505396172,21179022,0.00005053,285.34197506,0
1505396169,21179013,0.00005013,1384.00450000,1
1505396071,21178801,0.00005053,197.13279240,0
1505396043,21178755,0.00005053,175.00000000,0
1505395975,21178574,0.00005055,1293.02987141,0
1505395961,21178547,0.00005000,290.76719331,1
1505395930,21178476,0.00005038,395.01286364,0
1505395910,21178431,0.00004986,248.89252050,1
1505395879,21178390,0.00005043,520.85623636,0
1505395870,21178379,0.00005046,1296.24633372,0
1505395868,21178372,0.00005031,521.81633870,0
1505395850,21178278,0.00004989,1407.10220000,1
1505395850,21178277,0.00004993,170.36338008,1
1505395794,21178137,0.00005011,338.71534119,1
1505395788,21178122,0.00005014,259.96264500,1
1505395715,21177890,0.00005058,522.92151047,0
1505395709,21177877,0.00005058,795.61030335,0
1505395709,21177875,0.00005057,2754.56763259,0
1505395634,21177688,0.00005052,2845.07991200,1
1505395630,21177662,0.00005052,162.02008800,1
1505395629,21177653,0.00005052,992.90000000,1
1505395555,21177441,0.00005051,1291.80439516,0
1505395524,21177315,0.00005028,144.01771200,1
1505395439,21177003,0.00005009,1407.52010000,0
1505395416,21176842,0.00005028,1451.73607796,0
1505395413,21176823,0.00004983,1419.42070000,1
1505395318,21176376,0.00004991,1110.53957122,0
1505395314,21176365,0.00004996,998.30484388,0
1505395280,21176220,0.00004998,621.64605842,0
1505395267,21176146,0.00004950,9015.82631470,0
1505395267,21176145,0.00004950,1795.10000000,0
1505395266,21176139,0.00004950,1098.59566500,0
1505395261,21176096,0.00004929,3972.00000000,0
1505395261,21176091,0.00004950,1000.00000000,1
1505395260,21176089,0.00004950,5000.00000000,1
1505395260,21176088,0.00004950,227.00000000,1
1505395260,21176086,0.00004950,47.27888030,1
1505395260,21176084,0.00004960,374.00000000,1
1505395260,21176081,0.00004963,41.10000000,1
1505395260,21176080,0.00004964,1209.00000000,1
1505395259,21176074,0.00004975,2078.00000000,1
1505395231,21175841,0.00004977,105.48824593,0
1505395223,21175782,0.00004977,162.08796600,0
1505395137,21175215,0.00005019,134.06435544,0
1505395136,21175208,0.00005015,1854.87390000,0
1505395129,21175182,0.00005021,619.71704500,0
1505395117,21175117,0.00005000,4788.00000000,1
1505395116,21175110,0.00005000,15760.50000000,1
1505395116,21175109,0.00005000,1044.00000000,1
1505395115,21175108,0.00005000,300.00000000,1
1505395115,21175107,0.00005000,2433.00000000,1
1505395115,21175105,0.00005001,12245.12594530,1
1505395100,21175030,0.00005006,3700.00000000,0
1505395095,21175010,0.00005051,313.41160166,0
1505394752,21173401,0.00005001,855.71733203,1
1505394721,21173234,0.00005073,9831.52197911,0
1505394700,21173146,0.00005030,271.75069582,0
1505394700,21173143,0.00005029,957.49937701,0
1505394698,21173137,0.00005026,1424.66800000,0
1505394619,21172635,0.00005017,323.59927200,1
1505394617,21172617,0.00005017,676.40072800,1
1505394563,21172332,0.00005039,197.95713435,0
1505394540,21172190,0.00005001,799.43989114,0
1505394537,21172179,0.00005001,366.39424612,1
1505394537,21172178,0.00005005,1080.00000000,1
1505394537,21172177,0.00005006,164.27678588,1
1505394527,21172128,0.00005006,2202.22321412,1
1505394527,21172126,0.00005007,486.38509788,1
1505394489,21171861,0.00005019,2051.42182252,1
1505394423,21171515,0.00005032,1977.86625596,1
1505394423,21171512,0.00005032,1810.28960000,0
1505394367,21171196,0.00005032,911.48728139,0
1505394365,21171188,0.00005030,1733.83350000,0
1505394245,21170323,0.00005020,114.38259064,1
1505394111,21169245,0.00005049,778.91893200,0
1505394111,21169240,0.00005025,1634.00000000,1
1505394105,21169191,0.00005044,1765.26000000,0
1505394070,21168898,0.00005048,1363.07805071,0
1505394019,21168447,0.00005044,1583.67000000,0
1505393953,21167980,0.00005058,644.88829577,0
1505393933,21167765,0.00005052,220.38790963,0
1505393906,21167457,0.00005060,2375.91316800,0
1505393840,21167014,0.00005060,12174.82419300,0
1505393839,21167012,0.00005049,11748.30110463,0
1505393839,21167011,0.00005048,1662.15434274,0
1505393834,21166974,0.00005049,6392.79703600,0
1505393833,21166968,0.00005049,15212.41830065,1
1505393788,21166642,0.00005063,1478.15228125,0
1505393753,21166299,0.00005062,1094.82714342,0
1505393752,21166291,0.00005058,859.40586817,1
1505393751,21166283,0.00005058,1375.03250000,0
1505393649,21165610,0.00005028,656.30345229,0
1505393574,21165400,0.00005028,194.00000000,0
1505393433,21165065,0.00005044,8923.07831086,0
1505393432,21165058,0.00005041,1362.32710000,0
1505393345,21164627,0.00005051,1780.00000000,1
1505393273,21164364,0.00005052,127.04714000,1
1505393241,21164204,0.00005079,3928.35479425,1
1505393234,21164167,0.00005084,2577.94914540,1
1505393232,21164152,0.00005084,1346.54220000,0
1505393209,21164002,0.00005071,1262.25014700,0
1505393205,21163978,0.00005072,231.49193800,0
1505393203,21163958,0.00005073,425.00000000,0
1505393147,21163545,0.00005063,8233.04368840,1
1505393146,21163539,0.00005063,669.75370160,1
1505393140,21163472,0.00005061,819.07586776,1
1505393104,21163108,0.00005079,510.63516440,0
1505393029,21162529,0.00005056,4116.60000000,1
1505393027,21162522,0.00005063,1583.40000000,1
1505392957,21162146,0.00005079,625.95373105,0
1505392947,21162063,0.00005059,856.34806709,1
1505392765,21161198,0.00005051,1363.53440000,1
1505392553,21160368,0.00005046,411.82368000,1
1505392551,21160360,0.00005064,1595.97393364,0
1505392549,21160354,0.00005061,950.43620000,0
1505392521,21160254,0.00005061,514.60000000,0
1505392309,21159735,0.00005067,1479.34103019,0
1505392300,21159702,0.00005046,1335.54650000,1
1505392261,21159584,0.00005066,302.36123174,0
1505392261,21159583,0.00005066,288.04939271,0
1505392086,21159215,0.00005054,996.45861200,0
1505392015,21159057,0.00005063,652.94805451,0
1505391993,21158988,0.00005047,965.36616883,1
1505391992,21158986,0.00005048,9315.80039700,1
1505391986,21158977,0.00005047,3030.95601600,1
1505391955,21158856,0.00005046,151.01400000,1
1505391926,21158733,0.00005057,593.41150879,0
1505391872,21158538,0.00005059,51.06819530,0
1505391869,21158537,0.00005064,71.14909162,0
1505391857,21158498,0.00005074,13167.11824990,1
1505391856,21158491,0.00005058,77.06534029,0
1505391856,21158489,0.00005056,700.45429361,0
1505391856,21158487,0.00005040,20565.45817446,0
1505391854,21158485,0.00005039,3502.27146805,0
1505391841,21158448,0.00005023,1032.10000000,1
1505391839,21158445,0.00005028,1967.90000000,1
1505391811,21158360,0.00005040,10951.88098800,0
1505391810,21158357,0.00005039,1211.71200000,0
1505391784,21158263,0.00005039,788.28800000,0
1505391777,21158246,0.00005040,39570.23987068,0
1505391777,21158245,0.00005036,4161.11461550,0
1505391777,21158244,0.00005035,14048.51905982,0
1505391777,21158243,0.00005034,1345.04060000,0
1505391645,21157667,0.00005039,582.23199047,1
1505391645,21157666,0.00005034,4116.22364951,0
1505391643,21157661,0.00005032,1333.20960000,0
1505391606,21157502,0.00005040,8929.72077596,0
1505391606,21157501,0.00005034,4890.56275189,0
1505391606,21157500,0.00005030,1341.94380000,0
1505391593,21157403,0.00005029,2049.70361936,0
1505391520,21156881,0.00005008,2344.89808600,1
1505391518,21156868,0.00005008,1260.49972828,1
1505391518,21156865,0.00005009,16677.29299460,1
1505391518,21156864,0.00005014,2939.15655244,1
1505391518,21156862,0.00005025,198.50746268,1
1505391502,21156811,0.00005037,5000.00000000,1
1505391466,21156736,0.00005039,595.34927564,0
1505391434,21156669,0.00005038,1338.23210000,0
1505391414,21156610,0.00005037,920.31500000,0
1505391332,21156371,0.00005040,5426.40584968,0
1505391289,21156174,0.00005040,2924.17799900,0
1505391263,21156132,0.00005040,2722.33118800,0
1505391260,21156130,0.00005040,2306.78931200,0
1505391259,21156128,0.00005040,2243.40116000,0
1505391255,21156108,0.00005040,2824.59219360,0
1505391243,21156066,0.00005040,4807.84373707,0
1505391243,21156065,0.00005039,2425.23049293,0
1505391198,21155934,0.00005040,2732.97582000,0
1505391195,21155925,0.00005040,4893.92394897,0
1505391195,21155924,0.00005039,1786.12140203,0
1505391193,21155920,0.00005039,822.57773302,1
1505391192,21155916,0.00005039,1916.36287698,0
1505391191,21155911,0.00005039,822.57773236,0
1505391171,21155868,0.00005040,3686.95327500,0
1505391170,21155865,0.00005040,3786.50837600,0
1505391154,21155811,0.00005040,2992.18263300,0
1505391123,21155723,0.00005040,4516.12501956,0
1505391123,21155722,0.00005039,1016.24617044,0
1505391073,21155564,0.00005040,3288.45700000,0
1505391072,21155551,0.00005040,12740.29112568,0
1505391072,21155549,0.00005039,1207.42119261,0
1505391050,21155471,0.00005039,417.85024200,0
1505391040,21155449,0.00005040,1168.99448177,0
1505391040,21155448,0.00005039,1748.87888423,0
1505391032,21155413,0.00005039,1253.00366300,0
1505391026,21155399,0.00005035,178.75555800,0
1505391024,21155385,0.00005035,975.82984500,0
1505391001,21155257,0.00005039,538.47661300,0
1505390999,21155256,0.00005035,1121.84831300,0
1505390974,21155184,0.00005039,1358.28580000,0
1505390974,21155182,0.00005039,1093.86395772,0
1505390940,21154938,0.00005037,190.00000000,0
1505390918,21154826,0.00005040,6904.83285616,0
1505390918,21154822,0.00005039,1600.77652284,0
1505390917,21154820,0.00005034,1350.53300000,0
1505390887,21154735,0.00005036,150.52392699,0
1505390868,21154678,0.00005039,1132.78785473,0
1505390867,21154677,0.00005036,1356.87270000,0
1505390862,21154661,0.00005039,862.21579500,0
1505390764,21154470,0.00005030,3393.91667200,1
1505390748,21154421,0.00005049,605.00000000,1
1505390748,21154419,0.00005053,198.39823189,1
1505390733,21154370,0.00005058,47.55295000,1
1505390731,21154364,0.00005067,48438.79672389,0
1505390731,21154360,0.00005066,1137.30000000,0
1505390731,21154357,0.00005066,1592.28810000,0
1505390729,21154349,0.00005058,47.55295349,0
1505390717,21154324,0.00005058,55.31204422,1
1505390610,21154049,0.00005050,1455.85971800,1
1505390610,21154048,0.00005055,1344.25830000,1
1505390587,21154028,0.00005053,751.95166300,1
1505390587,21154027,0.00005056,1332.55170000,1
1505390527,21153890,0.00005068,595.84116022,0
1505390517,21153854,0.00005068,590.47316496,0
1505390478,21153787,0.00005051,356.24569900,1
1505390435,21153571,0.00005049,2056.21632930,0
1505390435,21153570,0.00005048,16574.69742370,0
1505390435,21153568,0.00005047,1351.44970000,0
1505390429,21153545,0.00005029,99.84139572,1
1505390365,21153358,0.00005027,3132.99425818,1
1505390364,21153350,0.00005027,410.85869397,1
1505390326,21153162,0.00005061,499.05097806,0
1505390298,21153080,0.00005039,2661.73285400,1
1505390281,21153004,0.00005034,385.29612000,1
1505390275,21152969,0.00005037,804.52777600,1
1505390245,21152812,0.00005049,500.00000000,0
1505390115,21152029,0.00005147,2661.73285408,1
1505390113,21152017,0.00005047,1962.40000000,0
1505390113,21152016,0.00005047,1375.01130000,0
1505390072,21151627,0.00005014,1468.51398857,0
1505390072,21151621,0.00005014,1660.42460500,0
1505390071,21151615,0.00005013,1150.85875187,0
1505390066,21151572,0.00005015,1839.20000000,1
1505390064,21151557,0.00005014,3124.84658372,0
1505390022,21151259,0.00005006,67449.54566117,1
1505390021,21151257,0.00005012,5610.87864019,1
1505390021,21151254,0.00005025,1549.00000000,1
1505389955,21150680,0.00005038,1135.99951860,0
1505389953,21150652,0.00005038,642.53741160,1
1505389953,21150650,0.00005039,56.32804128,1
1505389941,21150579,0.00005050,220.10000000,1
1505389941,21150578,0.00005050,3740.70245164,1
1505389925,21150437,0.00005050,3993.44573602,1
1505389925,21150434,0.00005051,3960.80245198,1
1505389918,21150384,0.00005050,41625.85181234,1
1505389918,21150383,0.00005050,2000.00000000,1
1505389918,21150381,0.00005051,4447.91608416,1
1505389917,21150379,0.00005052,4231.25970050,1
1505389915,21150361,0.00005052,1583.88232900,1
1505389902,21150277,0.00005055,6060.13378750,0
1505389902,21150276,0.00005055,885.35845480,0
1505389902,21150274,0.00005055,2922.02249558,0
1505389888,21150166,0.00005052,880.82398000,1
1505389881,21150101,0.00005052,412.11000000,1
1505389857,21149935,0.00005055,188.13313550,1
1505389852,21149910,0.00005055,3098.76201058,1
1505389846,21149876,0.00005057,3086.39078431,1
1505389748,21149472,0.00005063,0.00005649,1
1505389742,21149441,0.00005063,1780.18538961,1
1505389727,21149373,0.00005063,992.59958100,1
1505389726,21149368,0.00005063,3512.95956200,1
1505389696,21149227,0.00005090,2356.93536345,1
1505389695,21149222,0.00005086,228.53062179,1
1505389695,21149219,0.00005086,1335.62850000,0
1505389684,21149179,0.00005091,3919.09526616,0
1505389659,21149080,0.00005082,227.29063360,1
1505389659,21149078,0.00005076,3413.50434200,1
1505389657,21149064,0.00005076,289.61290323,0
1505389507,21148231,0.00005091,748.95510000,1
1505389507,21148229,0.00005091,1330.04490000,1
1505389502,21148205,0.00005122,256.91585318,0
1505389429,21147801,0.00005084,7324.24198732,0
1505389429,21147798,0.00005084,1340.21740000,1
1505389428,21147796,0.00005089,213.75620116,1
1505389398,21147677,0.00005114,3687.12041220,0
1505389398,21147675,0.00005113,2174.95800000,0
1505389360,21147566,0.00005082,6462.76150400,1
1505389255,21147303,0.00005115,2925.53000978,0
1505389254,21147299,0.00005083,294.77201633,1
1505389235,21147259,0.00005073,407.92800837,0
1505389167,21146992,0.00005080,825.00000000,1
1505389167,21146989,0.00005080,21.05874937,1
1505389165,21146982,0.00005080,178.94125063,1
1505389165,21146980,0.00005094,3916.78720063,0
1505389159,21146938,0.00005092,1152.32698350,1
1505389159,21146933,0.00005092,1305.53730000,0
1505389158,21146916,0.00005081,905.49777979,1
1505389134,21146839,0.00005085,1958.09999967,1
1505389134,21146838,0.00005086,1936.20067533,1
1505389128,21146828,0.00005087,3862.43145300,1
1505389106,21146767,0.00005093,7697.43030261,1
1505389106,21146766,0.00005094,9044.47618019,1
1505388968,21146080,0.00005136,3884.75739875,0
1505388960,21146013,0.00005115,251.52703600,1
1505388834,21145641,0.00005130,634.26471734,1
1505388834,21145640,0.00005124,1311.66900000,0
1505388832,21145639,0.00005120,1948.70000000,0
1505388740,21145428,0.00005100,2.13930163,0
1505388719,21145375,0.00005100,1077.35176470,0
1505388718,21145372,0.00005100,67247.35368436,0
1505388718,21145371,0.00005099,3640.18067964,0
1505388710,21145358,0.00005099,52.20000000,1
1505388707,21145356,0.00005099,1200.50957300,0
1505388704,21145351,0.00005100,2531.40408900,0
1505388704,21145348,0.00005100,15900.41856590,0
1505388704,21145347,0.00005099,2197.47889110,0
1505388703,21145346,0.00005099,1380.71980600,0
1505388685,21145320,0.00005100,35233.86465800,0
1505388684,21145318,0.00005100,9142.47130700,0
1505388681,21145314,0.00005100,10120.29817400,0
1505388674,21145294,0.00005100,1766.86000709,0
1505388673,21145291,0.00005100,7946.60218032,0
1505388673,21145289,0.00005098,4251.32518468,0
1505388672,21145287,0.00005100,10002.46911700,0
1505388672,21145286,0.00005100,1024.71922600,0
1505388671,21145285,0.00005100,9142.47130800,0
1505388667,21145273,0.00005099,107.59521475,0
1505388663,21145258,0.00005099,5992.93858300,0
1505388659,21145233,0.00005100,3234.24968300,0
1505388656,21145224,0.00005099,1046.79460800,0
1505388655,21145220,0.00005100,77777.00000000,0
1505388655,21145218,0.00005100,527.40000000,0
1505388654,21145208,0.00005100,14492.85900000,0
1505388652,21145203,0.00005110,16505.58144605,1
1505388652,21145201,0.00005114,1549.96820000,1
1505388652,21145200,0.00005118,1948.70000000,1
1505388626,21145108,0.00005129,3031.70184700,0
1505388623,21145105,0.00005129,1669.45735200,0
1505388611,21145061,0.00005130,13002.43190661,0
1505388577,21144880,0.00005140,424.00800000,0
1505388540,21144727,0.00005148,1298.03450000,1
1505388532,21144704,0.00005157,911.81694783,0
1505388532,21144703,0.00005152,167.81570600,0
1505388531,21144698,0.00005150,2793.25959385,0
1505388522,21144674,0.00005150,407.14462000,0
1505388470,21144519,0.00005149,3874.94931055,0
1505388417,21144227,0.00005125,110.70000000,1
1505388363,21144015,0.00005103,1179.28387948,1
1505388305,21143856,0.00005133,1123.52108884,0
1505388304,21143853,0.00005128,1403.04700000,0
1505388265,21143669,0.00005096,1552.49761145,1
1505388243,21143561,0.00005127,2201.24659091,0
1505388243,21143560,0.00005127,1307.28920000,1
1505388241,21143549,0.00005118,383.71453693,0
1505388222,21143465,0.00005112,1291.86690000,0
1505388179,21143317,0.00005111,2584.09274114,1
1505388177,21143304,0.00005108,1320.44170000,0
1505388127,21143049,0.00005118,3.65024145,1
1505388127,21143048,0.00005118,380.06429548,1
1505388115,21142987,0.00005129,5669.84986833,0
1505388115,21142985,0.00005128,165.23923286,0
1505388104,21142947,0.00005109,213.30000000,0
1505388081,21142845,0.00005099,1538.75137720,0
1505388060,21142730,0.00005099,1381.80460000,0
1505388046,21142684,0.00005099,2279.07708700,0
1505388029,21142641,0.00005100,42023.66876428,0
1505388029,21142640,0.00005099,3518.70906672,0
1505388029,21142637,0.00005098,1134.93648800,0
1505388028,21142630,0.00005098,175.71311200,0
1505388024,21142597,0.00005099,243.43665500,0
1505388013,21142556,0.00005099,200.42912900,0
1505388007,21142512,0.00005100,609.18300400,0
1505388006,21142504,0.00005100,1772.74558345,0
1505388002,21142478,0.00005100,13212.58797600,0
1505388001,21142467,0.00005100,1533.78651440,0
1505387999,21142465,0.00005100,5570.71334568,0
1505387999,21142464,0.00005099,4218.34892532,0
1505387995,21142446,0.00005099,362.66246400,0
1505387991,21142431,0.00005099,1793.89218100,0
1505387987,21142418,0.00005100,19323.67149800,0
1505387986,21142416,0.00005100,28129.39991900,0
1505387986,21142411,0.00005100,2519.51933400,0
1505387985,21142409,0.00005100,2935.29411764,0
1505387976,21142394,0.00005100,59627.02061779,0
1505387975,21142393,0.00005099,16566.40002791,0
1505387971,21142383,0.00005106,1275.96275772,1
1505387971,21142381,0.00005106,1845.06428086,1
1505387970,21142379,0.00005107,16585.24856250,1
1505387970,21142377,0.00005122,165.23923286,1
1505387970,21142375,0.00005127,4456.07326390,1
1505387968,21142369,0.00005149,474.21693532,0
1505387959,21142328,0.00005157,167.65309288,1
1505387958,21142322,0.00005152,274.86170083,0
1505387957,21142313,0.00005151,389.18842964,1
1505387957,21142303,0.00005151,1799.66465880,1
1505387956,21142297,0.00005151,273.46720753,0
1505387949,21142251,0.00005156,573.34678044,0
1505387936,21142196,0.00005152,2467.93290000,0
1505387866,21141985,0.00005173,3798.73806302,0
1505387785,21141709,0.00005167,288.81338318,1
1505387622,21140697,0.00005199,1287.78109848,0
1505387617,21140658,0.00005200,544.06442307,0
1505387615,21140646,0.00005200,402.52750000,0
1505387615,21140645,0.00005200,1998.00000000,0
1505387613,21140630,0.00005198,285.44389728,0
1505387612,21140625,0.00005198,1302.55610272,0
1505387611,21140623,0.00005195,750.00000000,0
1505387611,21140621,0.00005194,40155.92500000,0
1505387611,21140619,0.00005194,197.12201853,0
1505387591,21140545,0.00005193,228.04212594,0
1505387590,21140540,0.00005193,3841.37735849,0
1505387585,21140517,0.00005188,223.25747757,0
1505387465,21139930,0.00005189,3845.07882058,0
1505387451,21139890,0.00005192,1345.00000000,0
1505387432,21139829,0.00005167,1545.26126210,1
1505387427,21139806,0.00005186,1923.65156190,0
1505387415,21139752,0.00005178,2504.61066049,0
1505387378,21139631,0.00005181,2310.60953484,0
1505387176,21139070,0.00005182,150.39174064,0
1505387174,21139065,0.00005181,1775.08729112,0
1505387173,21139064,0.00005181,2786.65334877,0
1505387173,21139061,0.00005179,1506.42089153,1
1505387172,21139060,0.00005175,1870.68479454,0
1505387149,21138986,0.00005175,2698.83671498,0
1505387118,21138887,0.00005171,961.29259330,1
1505387116,21138883,0.00005165,1934.80000000,0
1505387061,21138704,0.00005160,145.09689922,0
1505387026,21138640,0.00005117,4750.41500826,1
1505387026,21138639,0.00005122,1885.40000000,1
1505387024,21138637,0.00005127,1114.71812494,1
1505387019,21138624,0.00005127,163.87577506,1
1505387016,21138620,0.00005146,2325.87293569,0
1505386912,21138425,0.00005128,1243.09572884,1
1505386899,21138402,0.00005126,660.53456326,0
1505386867,21138314,0.00005126,1873.69258037,1
1505386867,21138313,0.00005126,942.11535700,1
1505386865,21138304,0.00005126,1163.74756800,1
1505386841,21138226,0.00005126,5309.53037300,0
1505386832,21138168,0.00005120,99.57662691,0
1505386832,21138164,0.00005120,1187.73467309,0
1505386827,21138144,0.00005121,1648.74329473,0
1505386750,21137995,0.00005121,236.08963093,0
1505386587,21137752,0.00005106,1000.00000000,1
1505386536,21137637,0.00005146,443.56471045,1
1505386534,21137635,0.00005130,41.16587000,0
1505386512,21137603,0.00005125,1934.17772800,1
1505386512,21137601,0.00005130,1271.39530000,1
1505386491,21137561,0.00005151,566.30000000,0
1505386491,21137560,0.00005150,1933.70000000,0
1505386386,21137326,0.00005137,1756.25846700,1
1505386386,21137325,0.00005141,1275.16370000,1
1505386386,21137323,0.00005142,1933.70000000,1
1505386362,21137241,0.00005150,1123.48983750,1
1505386211,21136929,0.00005175,2714.51680377,0
1505386211,21136928,0.00005174,978.94240723,0
1505386206,21136906,0.00005174,481.98009277,0
1505386197,21136882,0.00005175,2715.96168671,0
1505386197,21136879,0.00005175,150.00000000,0
1505386197,21136877,0.00005174,597.62079629,0
1505386181,21136774,0.00005169,1513.96732541,0
1505385975,21136042,0.00005159,1120.24699948,1
1505385861,21135662,0.00005166,1131.75981739,1
1505385696,21135439,0.00005173,102.06843224,0
1505385672,21135404,0.00005172,402.71348965,0
1505385672,21135402,0.00005168,12274.63740035,0
1505385655,21135360,0.00005168,463.00398345,0
1505385641,21135337,0.00005168,2361.29732500,0
1505385631,21135303,0.00005168,4836.50966000,0
1505385627,21135292,0.00005168,340.25936000,0
1505385625,21135289,0.00005168,2702.01941000,0
1505385621,21135282,0.00005168,2702.59632100,0
1505385602,21135228,0.00005168,661.91500383,0
1505385597,21135183,0.00005168,5076.86068111,0
1505385505,21135050,0.00005167,557.99283917,0
1505385413,21134909,0.00005167,438.50998000,0
1505385278,21134707,0.00005168,482.53966718,0
1505385015,21134241,0.00005153,1283.05670000,0
1505384918,21133768,0.00005155,1128.39287197,0
1505384880,21133624,0.00005152,386.92785104,0
1505384859,21133492,0.00005133,687.68799900,1
1505384839,21133430,0.00005129,4165.17736400,1
1505384827,21133401,0.00005123,1536.05860000,1
1505384821,21133392,0.00005137,1290.60200000,1
1505384818,21133380,0.00005138,4832.55170820,1
1505384817,21133377,0.00005150,1253.16670000,1
1505384795,21133284,0.00005167,367.00000000,0
1505384645,21132685,0.00005165,579.38393030,0
1505384532,21132348,0.00005146,481.38258103,0
1505384493,21132219,0.00005152,1220.01989000,0
1505384422,21132009,0.00005158,102.94397053,0
1505384364,21131848,0.00005162,328.50833010,0
1505384348,21131787,0.00005156,1632.19380000,0
1505384245,21131553,0.00005142,3700.00000000,1
1505384245,21131552,0.00005146,1263.93680000,1
1505383726,21131065,0.00005167,764.88497400,0
1505383687,21131032,0.00005168,9559.76978100,0
1505383661,21131021,0.00005168,4943.59140708,0
1505383661,21131020,0.00005167,957.16956092,0
1505383659,21131019,0.00005167,1485.51869000,0
1505383625,21130985,0.00005167,1148.90000000,1
1505383326,21130738,0.00005171,35190.00000000,0
1505383274,21130694,0.00005174,452.37920371,0
1505383227,21130649,0.00005161,1275.96275772,0
1505383227,21130648,0.00005160,5210.83295908,0
1505383215,21130589,0.00005161,2845.06428086,0
1505383215,21130587,0.00005157,1042.02307714,0
1505383168,21130348,0.00005157,3890.23671600,0
1505382840,21129412,0.00005157,100.58231530,0
1505382715,21128841,0.00005135,100.00000000,1
1505382690,21128764,0.00005156,100.00000000,0
1505382456,21128144,0.00005156,251.35764158,0
1505382312,21127998,0.00005132,910.27431710,1
1505382312,21127997,0.00005132,1260.24310000,1
1505382230,21127882,0.00005157,988.50222998,0
1505382122,21127814,0.00005130,620.84764041,1
1505382121,21127813,0.00005130,202.15235959,1
1505381830,21127369,0.00005156,174.75040000,0
1505381605,21127029,0.00005157,500.00000000,0
1505381500,21126956,0.00005157,746.03354663,0
1505381081,21126481,0.00005127,175.77703458,1
1505381081,21126480,0.00005128,237.22296542,1
1505380958,21126371,0.00005151,931.86119200,0
1505380883,21126291,0.00005151,506.68713000,0
1505380702,21125852,0.00005136,1270.34719959,1
1505380702,21125851,0.00005137,881.70230741,1
1505380339,21125274,0.00005097,1198.93927368,1
1505380339,21125273,0.00005106,1624.12094917,1
1505380339,21125272,0.00005106,2035.19957372,1
1505380339,21125271,0.00005110,1050.43364121,1
1505380338,21125270,0.00005120,5246.91142257,1
1505380338,21125266,0.00005125,2921.30303965,1
1505380337,21125262,0.00005129,1264.79210000,0
1505380336,21125260,0.00005129,1358.30000000,1
1505380333,21125256,0.00005151,38.73053776,0
1505379839,21124778,0.00005142,52.31460415,0
1505379837,21124755,0.00005147,161.34064876,1
1505379679,21124491,0.00005141,2933.26210261,1
1505379651,21124420,0.00005139,86.40000000,1
1505379597,21123957,0.00005161,1624.12094917,0
1505379597,21123956,0.00005160,2821.23847729,0
1505378854,21123429,0.00005143,463.05405405,0
1505378486,21123160,0.00005154,548.27279782,0
1505378351,21123080,0.00005153,578.30390064,0
1505378337,21123069,0.00005129,13.30203938,1
1505378336,21123068,0.00005130,136.28895433,1
1505378267,21123027,0.00005154,1161.24117191,0
1505378203,21123007,0.00005146,1000.00000000,0
1505377799,21122749,0.00005157,11480.21601706,0
1505377799,21122748,0.00005151,6510.29800000,0
1505377798,21122744,0.00005150,136.12554666,0
1505377798,21122743,0.00005150,5423.58715037,0
1505377777,21122736,0.00005135,730.28745334,1
1505377777,21122735,0.00005137,136.12554666,1
1505377577,21122517,0.00005143,1503.31522000,0
1505377562,21122508,0.00005141,1085.78097646,0
1505377337,21122333,0.00005131,1239.95740000,1
1505377337,21122331,0.00005132,271.95284971,1
1505377175,21122259,0.00005148,650.92834951,0
1505376047,21120943,0.00005132,1000.00000000,1
1505376031,21120929,0.00005132,1000.00000000,1
1505376000,21120886,0.00005150,2294.73378640,0
1505375888,21120821,0.00005150,200.41795000,0
1505375661,21120704,0.00005134,457.17319767,1
1505374883,21120191,0.00005161,2035.19957372,0
1505374883,21120190,0.00005153,75.14843614,0
1505374882,21120188,0.00005133,1721.84130000,1
1505374882,21120187,0.00005130,375.74218069,0
1505374882,21120186,0.00005125,1180.39129411,0
1505374880,21120185,0.00005124,123.12180977,0
1505374586,21119943,0.00005120,807.73242187,0
1505374573,21119934,0.00005105,238.71689553,1
1505374571,21119933,0.00005106,123.12180977,1
1505373623,21118872,0.00005107,2000.00000000,1
1505373569,21118829,0.00005130,10284.51442495,0
1505373569,21118828,0.00005126,1262.65850000,0
1505373567,21118827,0.00005125,222.03662043,0
1505373457,21118699,0.00005125,1376.05775609,0
1505373397,21118650,0.00005121,1000.00000000,0
1505373394,21118642,0.00005099,5930.00000000,1
1505373352,21118612,0.00005106,1247.55760000,1
1505373135,21118383,0.00005114,552.64509190,0
1505372922,21118214,0.00005092,2064.77657837,0
1505372922,21118213,0.00005095,2219.41055163,1
1505372919,21118209,0.00005133,66.39762322,0
1505372918,21118208,0.00005119,1257.36350000,1
1505372918,21118207,0.00005111,1379.70000000,0
1505372916,21118204,0.00005107,1127.96024390,0
1505372916,21118202,0.00005107,2250.35553277,0
1505372916,21118200,0.00005107,1247.03426829,0
1505372777,21118101,0.00005094,38606.78813212,1
1505372776,21118099,0.00005095,2706.21186788,1
1505372609,21117991,0.00005111,1379.70000000,1
1505372604,21117983,0.00005110,554.46829268,1
1505372598,21117979,0.00005111,553.36733947,1
1505372223,21117576,0.00005124,961.26881000,1
1505372221,21117574,0.00005120,1917.95966162,1
1505372221,21117571,0.00005123,176.97493738,1
1505372110,21117483,0.00005149,3943.37864078,0
1505371713,21117188,0.00005141,67.91032873,0
1505371655,21117155,0.00005141,910.10472205,0
1505371095,21116747,0.00005136,308.64622274,0
1505370991,21116679,0.00005143,2781.07369239,1
1505370961,21116643,0.00005149,3900.26781899,0
1505370960,21116642,0.00005133,795.41720857,0
1505370729,21116541,0.00005117,793.27456300,1
1505370729,21116540,0.00005117,1009.05810000,1
1505370720,21116536,0.00005117,260.00000000,1
1505370546,21116487,0.00005134,9073.25594078,0
1505370546,21116486,0.00005134,1582.53887918,0
1505370546,21116485,0.00005132,12260.30500000,0
1505370544,21116484,0.00005131,2507.39101614,0
1505370419,21116406,0.00005154,4838.50504463,0
1505370330,21116337,0.00005138,3495.54651615,0
1505370237,21116245,0.00005122,768.48926200,0
1505370047,21116171,0.00005124,440.33313817,0
1505370045,21116170,0.00005121,944.39767613,0
1505369378,21115848,0.00005099,470.78956658,0
1505369356,21115831,0.00005100,449.00000000,1
1505369200,21115761,0.00005104,57.02975613,1
1505369200,21115760,0.00005104,1266.16410000,1
1505368865,21115550,0.00005122,973.64310816,0
1505368808,21115515,0.00005122,389.49863335,0
1505368747,21115466,0.00005122,340.88246778,0
1505368462,21115322,0.00005122,468.25517376,0
1505368109,21115082,0.00005109,576.75016984,1
1505367917,21114953,0.00005105,750.00000000,1
1505367752,21114739,0.00005169,1117.90771909,1
1505367752,21114738,0.00005159,5000.00000000,0
1505367751,21114737,0.00005158,202.35482165,1
1505367751,21114736,0.00005150,1530.61224490,0
1505367751,21114735,0.00005123,1011.77410825,1
1505367750,21114734,0.00005123,1967.32490000,1
1505367750,21114733,0.00005123,1011.77410825,0
1505366986,21114098,0.00005157,5849.57998836,0
1505366985,21114097,0.00005150,227.00000000,0
1505366985,21114095,0.00005146,238.18736420,1
1505366985,21114092,0.00005124,1190.93682099,1
1505366984,21114084,0.00005122,2188.97010000,0
1505366567,21113827,0.00005119,276.32037507,0
1505366222,21113733,0.00005127,3232.02555922,1
1505366219,21113732,0.00005127,1414.97444078,1
1505365972,21113642,0.00005167,2119.82523708,1
1505365971,21113641,0.00005106,1681.15775142,0
1505365971,21113640,0.00005102,1688.60000000,0
1505365971,21113639,0.00005101,2989.89985930,0
1505365969,21113638,0.00005100,1268.26580000,0
1505365581,21113503,0.00005091,1000.49492965,1
1505365581,21113502,0.00005092,460.04307035,1
1505365390,21113384,0.00005123,244.19500292,0
1505365187,21113338,0.00005120,1091.94960937,0
1505365185,21113337,0.00005119,1251.09640000,0
1505365147,21113329,0.00005117,1276.04710000,0
1505363621,21112752,0.00005098,1172.65437426,0
1505363045,21112421,0.00005091,1215.00000000,1
1505362801,21112307,0.00005110,646.65838830,1
1505362713,21112240,0.00005138,267.79505644,1
1505362711,21112238,0.00005133,1270.20450000,0
1505362266,21112009,0.00005120,1769.00000000,0
1505362261,21112005,0.00005120,1769.00000000,0
1505362258,21112004,0.00005121,1769.00000000,0
1505362182,21111945,0.00005124,97.33665105,0
1505362126,21111905,0.00005128,1262.01630000,0
1505362092,21111880,0.00005116,208.98034839,1
1505362072,21111848,0.00005126,3017.95673600,0
1505362042,21111798,0.00005114,9206.07157757,1
1505362041,21111797,0.00005116,1648.60621055,1
1505361875,21111391,0.00005147,116.28191179,0
1505361692,21111046,0.00005127,136.19153501,0
1505361441,21110918,0.00005111,8056.77463700,0
1505361415,21110912,0.00005125,2338.14634146,0
1505361337,21110883,0.00005125,467.12468292,1
1505361064,21110739,0.00005104,1142.71497000,0
1505360739,21110581,0.00005088,1000.28320164,1
1505360739,21110580,0.00005090,5001.41207703,1
1505360426,21110424,0.00005124,3414.00526932,0
1505360424,21110423,0.00005119,1286.77370000,0
1505360137,21110253,0.00005100,182.47133410,1
1505360102,21110220,0.00005100,2039.11497200,1
1505360091,21110211,0.00005100,2252.73282800,1
1505360091,21110210,0.00005100,11902.19505600,1
1505360082,21110204,0.00005101,9905.89400694,1
1505359964,21110135,0.00005115,1434.05610948,0
1505359964,21110134,0.00005113,1319.42970000,0
1505359963,21110128,0.00005112,1270.95430000,0
1505359882,21110005,0.00005115,48.68035190,0
1505359788,21109918,0.00005108,1651.12212627,0
1505359788,21109917,0.00005106,231.90890650,0
1505359788,21109916,0.00005106,231.90043023,0
1505359773,21109907,0.00005106,1652.40842040,1
1505359359,21109621,0.00005108,1482.72301743,0
1505358874,21109147,0.00005126,1210.26180257,0
1505358788,21108973,0.00005120,5639.98830181,0
1505358420,21108325,0.00005125,1511.06713709,0
1505358390,21108254,0.00005125,1746.00762672,0
1505358385,21108224,0.00005116,1198.58267777,0
1505358186,21107994,0.00005109,74.77856025,0
1505357976,21107931,0.00005109,1003.98023096,0
1505357360,21107659,0.00005120,474.15520935,0
1505357353,21107656,0.00005126,2038.57218103,0
1505356541,21107225,0.00005135,4111.95695894,0
1505356540,21107223,0.00005130,1362.34724880,0
1505356533,21107195,0.00005129,1458.99168869,0
1505356528,21107176,0.00005128,1236.98050026,0
1505356330,21107147,0.00005109,1043.30000000,1
1505356330,21107146,0.00005110,377.35329368,1
1505356309,21107138,0.00005112,1060.81008400,1
1505356282,21107122,0.00005109,178.21781600,1
1505355902,21106957,0.00005127,90.32798000,0
1505355334,21106716,0.00005169,3838.26794350,0
1505355334,21106715,0.00005168,760.76209893,0
1505355332,21106714,0.00005116,3803.81049466,0
1505355217,21106663,0.00005123,2296.59925824,0
1505354974,21106575,0.00005167,2426.85117089,1
1505354974,21106574,0.00005112,6175.92600000,0
1505354972,21106573,0.00005109,1252.70860000,0
1505354965,21106571,0.00005086,3661.57715806,0
1505354965,21106570,0.00005086,286.22305125,0
1505354965,21106569,0.00005093,1229.89780000,1
1505354963,21106568,0.00005094,350.33860879,1
1505354934,21106566,0.00005083,9692.73175129,1
1505354934,21106565,0.00005084,142.35670682,0
1505354934,21106564,0.00005086,711.57647296,0
1505354933,21106563,0.00005094,1222.86140000,1
1505354932,21106562,0.00005094,699.01305893,1
1505354417,21106429,0.00005121,64.85300000,1
1505354075,21106333,0.00005125,2390.34107317,0
1505353493,21106107,0.00005125,138.92682926,0
1505353435,21106090,0.00005126,1478.93094030,0
1505353280,21106046,0.00005125,1167.81209756,0
1505353093,21105993,0.00005126,198.74951229,0
1505352986,21105979,0.00005127,992.19816656,0
1505352959,21105960,0.00005127,457.54639376,0
1505352290,21105725,0.00005118,536.97811645,0
1505351990,21105578,0.00005112,1010.38654147,0
1505351553,21105400,0.00005160,1303.62693798,1
1505351552,21105399,0.00005123,17183.58215782,0
1505351552,21105398,0.00005121,754.24011636,0
1505351552,21105397,0.00005121,3771.20058180,0
1505351551,21105396,0.00005110,1243.60580000,0
1505351049,21105221,0.00005109,468.58759053,0
1505350982,21105199,0.00005115,603.62619745,0
1505350766,21105108,0.00005116,99.24335418,0
1505350755,21105103,0.00005116,506.94214230,0
1505350512,21104979,0.00005123,16.42045676,0
1505350512,21104978,0.00005122,4480.63435461,1
1505350415,21104944,0.00005115,800.11847507,0
1505350391,21104926,0.00005115,50.47409579,0
1505350388,21104925,0.00005115,194.74858260,0
1505349812,21104658,0.00005091,1315.10031724,0
1505349786,21104650,0.00005091,1064.54049800,0
1505349779,21104648,0.00005091,1033.57638800,0
1505349763,21104644,0.00005091,1563.09743500,0
1505349763,21104643,0.00005091,1411.95629301,0
1505349763,21104642,0.00005090,3107.18065299,0
1505349754,21104639,0.00005090,795.72159400,0
1505349695,21104589,0.00005090,1820.12472500,0
1505349691,21104583,0.00005090,1455.83830000,0
1505349669,21104569,0.00005090,100.00000000,0
1505349661,21104564,0.00005090,2000.00000000,0
1505349660,21104563,0.00005090,208.13472800,0
1505349550,21104514,0.00005083,68.91397740,1
1505349550,21104513,0.00005090,182.25422397,1
1505349541,21104508,0.00005091,959.85954400,0
1505349519,21104488,0.00005091,4016.67116900,0
1505349517,21104479,0.00005091,489.79025000,0
1505349511,21104478,0.00005091,100.00000000,0
1505349468,21104459,0.00005091,4004.30437200,0
1505349457,21104456,0.00005091,100.00000000,0
1505349396,21104448,0.00005091,1175.61127480,0
1505349380,21104427,0.00005091,516.11247800,0
1505349370,21104426,0.00005091,472.94025817,0
1505349338,21104411,0.00005091,733.94555000,0
1505349294,21104391,0.00005091,2384.64793200,0
1505349260,21104373,0.00005091,237.69851500,0
1505349229,21104338,0.00005091,843.21400000,0
1505349222,21104324,0.00005091,1934.60000000,1
1505349222,21104323,0.00005092,1711.78405974,1
1505348989,21104224,0.00005116,390.92318217,0
1505348958,21104211,0.00005116,31031.62648387,0
1505348958,21104209,0.00005115,3569.48219613,0
1505348838,21104175,0.00005119,721.37370580,0
1505348836,21104174,0.00005116,1227.77330000,0
1505348369,21103930,0.00005132,2120.65117654,0
1505348369,21103929,0.00005130,2103.60350000,0
1505348201,21103740,0.00005124,3014.11046057,0
1505348199,21103739,0.00005116,1242.79780000,0
1505347723,21103572,0.00005111,1000.00000000,0
1505347326,21103337,0.00005123,389.42026156,0
