date,tid,price,amount,type
1505433634,21260931,0.14431,1705.54033100,1
1505433590,21260862,0.14418,5413.37257000,0
1505433589,21260861,0.14418,10000.00000000,0
1505433538,21260817,0.14308,750.76887599,1
1505433538,21260815,0.14308,200.00000000,1
1505433537,21260814,0.14308,200.00000000,1
1505433535,21260809,0.14240,294.18823930,1
1505433535,21260808,0.14300,1116.35629370,1
1505433535,21260806,0.14301,7141.25596700,0
1505433533,21260803,0.14306,1448.19950000,1
1505433289,21260321,0.14431,5184.18453330,0
1505433260,21260233,0.14301,6755.30998900,1
1505433043,21259722,0.14322,3191.10000000,1
1505432762,21259127,0.14300,183.64370630,1
1505432762,21259125,0.14300,16.35629370,1
1505432752,21259093,0.14300,3000.00000000,1
1505432733,21259035,0.14330,9531.59019000,1
1505432723,21259007,0.14330,200.00000000,1
1505432713,21258986,0.14330,268.40981000,1
1505432713,21258985,0.14331,724.79240000,1
1505432713,21258984,0.14377,6.79779000,1
1505432712,21258980,0.14377,993.20221000,1
1505432688,21258890,0.14400,623.29699402,1
1505432658,21258832,0.14400,200.00000000,1
1505432649,21258819,0.14400,2053.71625200,1
1505432648,21258818,0.14400,3932.73074113,1
1505432648,21258817,0.14416,1076.26925887,1
1505432633,21258804,0.14416,200.00000000,1
1505432627,21258789,0.14416,721.26928686,1
1505432603,21258732,0.14465,779.19898029,1
1505432600,21258727,0.14465,9870.87605600,1
1505432596,21258721,0.14466,61.19273816,1
1505432596,21258719,0.14481,718.00624184,1
1505432589,21258713,0.14481,839.26593200,1
1505432575,21258700,0.14481,1024.51351300,1
1505432563,21258682,0.14481,1557.27217400,1
1505432558,21258670,0.14481,1423.32738500,1
1505432555,21258654,0.14482,508.29298440,1
1505432551,21258641,0.14481,1191.70323463,1
1505432544,21258635,0.14481,1190.93820126,1
1505432543,21258623,0.14481,5836.22843727,1
1505432536,21258585,0.14481,1283.78140100,1
1505432509,21258537,0.14482,2000.00000000,1
1505432490,21258497,0.14482,2629.69888644,1
1505432489,21258496,0.14483,0.52500356,1
1505432484,21258488,0.14483,749.95723644,1
1505432458,21258409,0.14483,249.51776000,1
1505432458,21258407,0.14508,0.00004000,1
1505432458,21258406,0.14509,267.43490000,1
1505432458,21258404,0.14509,267.43490000,1
1505432458,21258402,0.14509,267.43490000,1
1505432457,21258400,0.14510,267.43490000,1
1505432457,21258399,0.14510,267.43490000,1
1505432457,21258398,0.14510,267.43490000,1
1505432457,21258397,0.14511,267.43490000,1
1505432422,21258178,0.14609,2069.09809022,0
1505432344,21257980,0.14489,267.43486000,0
1505432215,21257744,0.14488,5313.57227991,0
1505432214,21257740,0.14500,400.92908944,1
1505432214,21257739,0.14575,9.89798065,1
1505432180,21257621,0.14575,388.56831640,1
1505432178,21257614,0.14598,3191.10000000,0
1505432039,21257295,0.14581,2195.55920000,0
1505432021,21257251,0.14584,2520.89226819,1
1505431705,21256580,0.14575,75.00000000,1
1505431538,21256105,0.14551,934.76368000,1
1505431522,21256007,0.14554,8644.54836671,1
1505431521,21256006,0.14554,934.76359014,1
1505431521,21256002,0.14554,1181.47337561,1
1505431521,21256000,0.14554,479.65534654,1
1505431518,21255980,0.14554,340.23000000,1
1505431510,21255953,0.14554,50.00000000,1
1505431508,21255948,0.14554,1673.86086400,1
1505431493,21255890,0.14554,200.00000000,1
1505431493,21255887,0.14554,200.00000000,1
1505431490,21255869,0.14554,1284.94172700,1
1505431327,21255357,0.14628,2165.11940897,1
1505431309,21255277,0.14628,1406.58314000,1
1505431306,21255244,0.14628,1312.54568495,1
1505431301,21255203,0.14628,2372.33155500,1
1505431300,21255187,0.14628,1175.92086234,1
1505431294,21255141,0.14628,5299.80054800,1
1505431215,21254751,0.14628,200.00000000,1
1505431206,21254728,0.14628,981.34349074,1
1505431206,21254726,0.14629,12228.68900000,1
1505431205,21254724,0.14644,39.00000000,1
1505431202,21254711,0.14707,606.03794111,1
1505430658,21253626,0.14707,3174.30000000,1
1505430477,21253063,0.14704,1401.32720000,0
1505430475,21253059,0.14704,3645.83134000,0
1505430472,21253052,0.14707,1757.38000000,1
1505430472,21253046,0.14707,1358.88429493,1
1505430470,21253043,0.14706,1266.49703151,1
1505430460,21253017,0.14703,1171.63037597,1
1505430450,21252987,0.14702,4125.49306217,1
1505430343,21252885,0.14806,3328.49675807,0
1505430237,21252799,0.14700,3925.23632000,1
1505430237,21252798,0.14702,8749.45968000,1
1505430224,21252757,0.14702,6089.11969000,1
1505430202,21252717,0.14703,6311.61285700,1
1505430160,21252667,0.14703,1165.09220211,1
1505430160,21252666,0.14704,1413.52690000,1
1505430160,21252665,0.14716,285.80758289,1
1505429936,21252476,0.14718,420.94300000,1
1505429934,21252466,0.14718,420.94300000,1
1505429933,21252459,0.14716,93.26393865,0
1505429933,21252458,0.14716,1076.69036919,0
1505429933,21252454,0.14703,30.93448198,1
1505429933,21252452,0.14714,390.00851802,1
1505429737,21252219,0.14703,2076.83411530,1
1505429501,21251956,0.14829,73.99393081,0
1505429488,21251926,0.14716,99.79791200,1
1505429482,21251919,0.14713,948.31021800,1
1505429422,21251825,0.14716,200.00000000,0
1505429420,21251822,0.14767,200.00000000,1
1505429409,21251794,0.14706,200.00000000,0
1505429402,21251787,0.14767,2467.74590000,0
1505429401,21251785,0.14777,3174.30000000,1
1505429400,21251784,0.14777,1000.00000000,1
1505429342,21251694,0.14837,672.30990092,0
1505429280,21251551,0.14796,4537.11918700,1
1505429247,21251495,0.14849,120.40343400,0
1505429049,21251227,0.14850,33.58606061,0
1505428998,21251178,0.14850,868.10949494,1
1505428998,21251176,0.14850,3566.22720539,1
1505428994,21251175,0.14850,9000.00000000,1
1505428993,21251173,0.14852,0.69951035,1
1505428993,21251169,0.14852,999.30048965,1
1505428934,21251123,0.14853,2518.60808800,0
1505428879,21251081,0.14923,100.00000000,0
1505428721,21250826,0.14942,789.03100000,0
1505428603,21250557,0.14962,267.73219600,0
1505428603,21250556,0.14961,1391.13530000,0
1505428363,21250151,0.14960,503.05770000,0
1505427855,21249557,0.14962,3668.27382702,0
1505427855,21249556,0.14962,10000.00000000,0
1505427853,21249549,0.14961,9666.63117439,0
1505427807,21249449,0.14960,1579.08846697,0
1505427806,21249445,0.14900,429.51949891,0
1505427804,21249442,0.14900,635.95800000,0
1505427789,21249424,0.14900,31396.54145800,0
1505427781,21249409,0.14900,6845.61440600,0
1505427728,21249365,0.14900,3477.83516500,0
1505427723,21249355,0.14900,1350.10000000,0
1505427583,21249116,0.14883,536.62436294,1
1505427517,21249004,0.14961,333.36882561,0
1505427482,21248936,0.14889,1387.11254396,0
1505427481,21248928,0.14889,228.35650480,0
1505427468,21248907,0.14889,10000.00000000,0
1505427456,21248874,0.14889,5334.69332000,0
1505427456,21248873,0.14887,2456.50852000,0
1505427451,21248866,0.14889,2005.47144703,0
1505427451,21248865,0.14889,2520.62000000,0
1505427451,21248864,0.14889,556.49616392,0
1505427449,21248854,0.14889,1792.25002029,0
1505427439,21248828,0.14959,1701.81668240,0
1505427431,21248811,0.14959,1208.31096491,0
1505427430,21248805,0.14959,719.21197581,0
1505427402,21248719,0.14958,1781.19947671,0
1505427382,21248564,0.14874,422.13326162,1
1505427372,21248492,0.14959,6634.92679992,0
1505427340,21248357,0.14959,660.15849990,0
1505427313,21248272,0.14846,539.62226441,1
1505427311,21248268,0.14846,537.30000000,1
1505427307,21248260,0.14959,1765.07467076,0
1505427307,21248259,0.14952,3033.30845300,0
1505427306,21248254,0.14907,0.00004700,0
1505427190,21247969,0.14817,754.67368542,0
1505427189,21247965,0.14817,1396.80141158,1
1505427189,21247964,0.14820,1392.43560000,1
1505427188,21247962,0.14820,1392.43560000,1
1505427188,21247961,0.14821,7835.29409300,1
1505427182,21247943,0.14817,1385.47342200,0
1505427114,21247673,0.14794,3060.99848800,0
1505427114,21247672,0.14793,889.15555532,0
1505427113,21247669,0.14722,1403.89740000,1
1505427113,21247666,0.14776,10796.44660000,1
1505427113,21247664,0.14777,1000.00000000,1
1505427106,21247636,0.14776,500.00000000,1
1505427106,21247634,0.14776,500.00000000,1
1505427092,21247601,0.14776,2967.81938000,1
1505427091,21247599,0.14777,8771.24162000,1
1505427085,21247579,0.14862,7382.96898129,0
1505426831,21247162,0.14896,585.14700000,0
1505426808,21247113,0.14878,892.22412500,0
1505426779,21247045,0.14844,692.98862100,0
1505426757,21247016,0.14856,441.98067208,0
1505426757,21247015,0.14790,134.88932792,0
1505426552,21246848,0.14852,368.74120007,0
1505426552,21246847,0.14852,975.83631293,0
1505426544,21246838,0.14852,1192.06400000,0
1505426507,21246813,0.14852,1512.54120657,0
1505426497,21246787,0.14851,0.00017372,1
1505426487,21246780,0.14851,14689.70383628,1
1505426487,21246779,0.14852,0.00008939,1
1505426487,21246778,0.14852,7389.12685161,1
1505426455,21246737,0.14895,4521.99160000,1
1505426455,21246735,0.14900,200.00000000,1
1505426454,21246731,0.14916,52.00000000,1
1505426454,21246729,0.14926,6820.38765300,1
1505426443,21246718,0.14926,1030.32677500,1
1505426435,21246694,0.14926,6765.17689200,1
1505426409,21246628,0.14987,242.91454500,1
1505426408,21246627,0.14987,3493.39506874,1
1505426408,21246625,0.14987,4465.51918726,1
1505426408,21246623,0.14988,10000.00000000,1
1505426408,21246622,0.14988,10000.00000000,1
1505426408,21246621,0.14988,10000.00000000,1
1505426407,21246620,0.14989,10000.00000000,1
1505426407,21246617,0.14989,10000.00000000,1
1505426407,21246616,0.14990,10000.00000000,1
1505426407,21246613,0.14991,10000.00000000,1
1505426407,21246608,0.14991,10000.00000000,1
1505426406,21246605,0.14991,1793.05388100,1
1505426404,21246590,0.14991,2195.69833800,1
1505426392,21246554,0.14991,6011.24778100,1
1505426392,21246553,0.15000,300.00000000,1
1505426392,21246552,0.15000,15950.00000000,1
1505426392,21246551,0.15005,400.00000000,1
1505426392,21246550,0.15005,400.00000000,1
1505426392,21246549,0.15005,400.00000000,1
1505426391,21246548,0.15005,400.00000000,1
1505426391,21246547,0.15006,400.00000000,1
1505426391,21246546,0.15006,400.00000000,1
1505426391,21246545,0.15006,400.00000000,1
1505426333,21246500,0.15059,3136.02613123,1
1505426333,21246499,0.15060,2099.70788877,1
1505426293,21246473,0.15060,101.82527500,1
1505426292,21246471,0.15099,784.43402000,0
1505426288,21246466,0.15060,101.83645500,1
1505426286,21246458,0.15060,101.79163347,1
1505426276,21246440,0.15060,2217.37738200,1
1505426243,21246358,0.15060,2349.58866800,1
1505426226,21246308,0.15060,3027.87269776,1
1505426226,21246307,0.15060,1045.68395524,1
1505426226,21246304,0.15060,3100.48106200,1
1505426226,21246302,0.15060,1162.17736700,1
1505426223,21246294,0.15060,1522.05757200,1
1505426202,21246256,0.15060,3169.60004376,1
1505426202,21246255,0.15061,2886.64765124,1
1505426202,21246253,0.15061,753.35100000,1
1505426202,21246251,0.15061,6360.00134876,1
1505426202,21246250,0.15061,5067.02022624,1
1505426201,21246249,0.15061,2500.00037200,1
1505426201,21246248,0.15061,2036.69368500,1
1505426201,21246247,0.15061,396.28571676,1
1505426201,21246246,0.15061,4829.95104124,1
1505426201,21246245,0.15061,3422.87330700,1
1505426201,21246244,0.15061,1747.17565176,1
1505426201,21246243,0.15062,752.82434824,1
1505426198,21246235,0.15062,1360.19587000,1
1505426188,21246229,0.15062,3587.96614500,1
1505426174,21246218,0.15062,1535.93986376,1
1505426174,21246217,0.15063,623.49298724,1
1505426170,21246213,0.15063,4405.73981500,1
1505426148,21246165,0.15063,588.42500000,1
1505426147,21246164,0.15063,588.42500000,1
1505426146,21246163,0.15063,532.09754900,1
1505426142,21246152,0.15063,3013.87288500,1
1505426140,21246149,0.15063,6239.83452900,1
1505426140,21246147,0.15063,3084.55276400,1
1505425912,21245826,0.15178,400.00527078,0
1505425781,21245666,0.15065,200.00000000,1
1505425757,21245640,0.15063,923.55947076,1
1505425735,21245616,0.15101,500.58880000,0
1505425734,21245615,0.15101,500.58880000,0
1505425734,21245614,0.15101,500.58880000,0
1505425734,21245613,0.15101,0.00002400,0
1505425734,21245612,0.15100,500.58880000,0
1505425734,21245611,0.15100,500.58880000,0
1505425734,21245610,0.15100,500.58880000,0
1505425734,21245609,0.15100,500.58880000,0
1505425716,21245589,0.15099,1393.76365800,0
1505425694,21245578,0.15101,7055.07548500,1
1505425677,21245563,0.15101,12444.33573900,1
1505425677,21245562,0.15102,20000.00000000,1
1505425677,21245561,0.15103,20000.00000000,1
1505425677,21245560,0.15103,4964.46874400,1
1505425675,21245558,0.15103,5035.53125600,1
1505425630,21245491,0.15138,1515.20930000,1
1505425630,21245490,0.15139,1515.20930000,1
1505425630,21245489,0.15139,596.46132200,1
1505425629,21245488,0.15139,918.74797800,1
1505425629,21245487,0.15139,1515.20930000,1
1505425629,21245485,0.15139,1515.20925600,1
1505425629,21245484,0.15140,1515.20930000,1
1505425628,21245483,0.15140,1515.20930000,1
1505425628,21245482,0.15140,1515.20930000,1
1505425628,21245480,0.15140,1515.20930000,1
1505425628,21245479,0.15147,42.00000000,1
1505425628,21245478,0.15149,42.00000000,1
1505425628,21245477,0.15150,42.00000000,1
1505425628,21245476,0.15150,14.17151000,1
1505425578,21245413,0.15162,6241.85523000,1
1505425577,21245411,0.15163,15094.14432000,1
1505425577,21245409,0.15194,66.01960000,1
1505425511,21245259,0.15209,2181.83716900,1
1505425503,21245245,0.15209,3260.45779036,0
1505425476,21245139,0.15209,8552.45781600,0
1505425466,21245109,0.15209,210.13873364,0
1505425462,21245093,0.15209,2592.83698000,0
1505425462,21245092,0.15190,66.01959100,0
1505425450,21245057,0.15163,3104.93477545,1
1505425424,21245023,0.15190,1933.98040900,0
1505425417,21245020,0.15163,495.65996175,1
1505425416,21245018,0.15164,39.00000000,1
1505425408,21245002,0.15162,39.00000000,0
1505425393,21244975,0.15150,27.82849000,1
1505425392,21244973,0.15150,42.00000000,1
1505425392,21244971,0.15150,42.00000000,1
1505425392,21244970,0.15150,42.00000000,1
1505425387,21244958,0.15143,42.00000000,0
1505425384,21244945,0.15133,0.00004400,0
1505425384,21244942,0.15133,1515.20930000,0
1505425377,21244921,0.15133,12138.95255600,0
1505425377,21244919,0.15132,3105.70000000,0
1505425353,21244883,0.15133,1035.54211000,0
1505425353,21244882,0.15100,1800.04439500,0
1505425347,21244870,0.15100,973.07111600,0
1505425339,21244843,0.15100,526.88448900,0
1505425317,21244799,0.15062,100.00000000,1
1505425317,21244798,0.15062,2663.07377300,1
1505425317,21244797,0.15062,10000.00000000,1
1505425317,21244796,0.15063,10000.00000000,1
1505425310,21244783,0.15056,4764.26598000,0
1505425310,21244782,0.15056,10000.00000000,0
1505425304,21244773,0.15007,334.82536100,1
1505425304,21244772,0.15007,400.00000000,1
1505425289,21244750,0.15000,400.00000000,0
1505425282,21244729,0.14987,197.90144274,1
1505425282,21244721,0.14981,5336.57937000,0
1505425281,21244719,0.14981,9502.00000000,0
1505425281,21244718,0.14980,498.00000000,0
1505425275,21244697,0.14904,2378.29500000,1
1505425250,21244641,0.14905,509.39746760,0
1505425246,21244630,0.14905,7617.77000000,0
1505425246,21244628,0.14904,509.39750000,0
1505425245,21244627,0.14904,8127.16750000,0
1505425244,21244625,0.14896,4521.99160000,1
1505425244,21244623,0.14899,481.00009300,1
1505425243,21244622,0.14899,4040.99150700,1
1505425215,21244590,0.14883,1292.82786622,1
1505425215,21244588,0.14883,24369.24900000,1
1505425215,21244587,0.14881,695.61043000,1
1505425213,21244582,0.14797,457.00000000,0
1505425164,21244506,0.14686,91.70884330,1
1505425034,21244344,0.14830,499.65024482,1
1505424999,21244313,0.14905,1598.28534049,0
1505424989,21244309,0.14905,5188.19188191,0
1505424985,21244308,0.14856,3808.63484713,0
1505424976,21244295,0.14832,1070.41441045,0
1505424976,21244294,0.14830,604.16834755,0
1505424908,21244198,0.14828,1681.79491503,0
1505424898,21244183,0.14830,2817.50000000,0
1505424864,21244135,0.14830,11567.80492245,0
1505424862,21244131,0.14756,8654.19643900,0
1505424862,21244127,0.14667,600.00000000,1
1505424844,21244052,0.14755,1482.20656000,0
1505424822,21244020,0.14756,6410.84008100,0
1505424822,21244019,0.14740,5000.00000000,0
1505424822,21244018,0.14739,3812.97388000,0
1505424822,21244017,0.14733,3019.40860000,0
1505424716,21243739,0.14739,1512.85898800,0
1505424716,21243738,0.14739,2766.53589600,0
1505424708,21243720,0.14739,4113.84000000,0
1505424679,21243620,0.14737,609.89346542,1
1505424676,21243616,0.14739,2122.17550000,0
1505424676,21243614,0.14730,1395.19450000,0
1505424494,21243274,0.14619,3357.92229991,0
1505424494,21243273,0.14541,48.83007309,0
1505424486,21243248,0.14510,501.25939698,1
1505424455,21243207,0.14629,588.54537600,0
1505424432,21243165,0.14636,999.68017217,0
1505424431,21243164,0.14568,22.73986206,0
1505424267,21242905,0.14568,379.48889567,0
1505424266,21242903,0.14527,1150.42838940,1
1505424224,21242846,0.14568,6097.81124227,0
1505424222,21242841,0.14515,67.00000000,1
1505424163,21242756,0.14701,611.38698047,1
1505424150,21242681,0.14713,610.88833004,1
1505424144,21242663,0.14554,1408.14400000,0
1505424143,21242662,0.14532,1327.28191970,0
1505424125,21242602,0.14465,4882.76890400,1
1505424125,21242601,0.14466,1415.31470000,1
1505424124,21242599,0.14466,157.00000000,1
1505424113,21242548,0.14466,200.00000000,1
1505424102,21242487,0.14487,100.00000000,0
1505424102,21242486,0.14487,100.00000000,0
1505424101,21242485,0.14487,100.00000000,0
1505424101,21242484,0.14487,100.00000000,0
1505424101,21242483,0.14487,100.00000000,0
1505424101,21242481,0.14487,100.00000000,0
1505424101,21242480,0.14487,100.00000000,0
1505424101,21242479,0.14485,100.00000000,0
1505424093,21242458,0.14438,357.00000000,0
1505424089,21242452,0.14403,976.86868900,1
1505424089,21242451,0.14405,1645.34220000,1
1505424087,21242445,0.14403,82.56622010,1
1505424061,21242328,0.14368,288.20509291,0
1505424060,21242327,0.14368,1801.41508909,1
1505424055,21242313,0.14369,3474.58923500,1
1505424028,21242253,0.14373,200.00000000,1
1505424004,21242186,0.14373,4323.52372952,1
1505424004,21242183,0.14400,150.00000000,1
1505424004,21242181,0.14400,200.00000000,1
1505424003,21242178,0.14490,100.00000000,1
1505424002,21242174,0.14500,478.64106884,1
1505423959,21242133,0.14500,4521.35893116,1
1505423959,21242132,0.14500,1350.00000000,1
1505423959,21242131,0.14500,2000.00000000,1
1505423958,21242130,0.14539,128.64106884,1
1505423806,21241848,0.14628,11919.20812160,1
1505423803,21241841,0.14628,1737.89961179,1
1505423751,21241746,0.14628,400.00000000,1
1505423674,21241578,0.14683,1000.00000000,0
1505423574,21241360,0.14628,856.53695661,1
1505423574,21241359,0.14629,3579.90668000,1
1505423574,21241358,0.14630,326.00000000,1
1505423574,21241357,0.14650,90.00013239,1
1505423531,21241245,0.14725,818.49441800,0
1505423495,21241169,0.14700,3060.46169200,0
1505423490,21241163,0.14700,60.12142857,1
1505423490,21241162,0.14700,3500.00000000,1
1505423476,21241143,0.14702,1843.53053900,1
1505423461,21241107,0.14702,8397.33202000,1
1505423446,21241060,0.14702,2465.73029300,1
1505423433,21241028,0.14702,2131.98651800,1
1505423432,21241027,0.14703,11668.99747000,1
1505423425,21241017,0.14703,647.91958300,1
1505423425,21241016,0.14710,784.76501800,1
1505423420,21241012,0.14710,215.23498200,1
1505423416,21241002,0.14740,2023.00000000,1
1505423395,21240966,0.14776,1300.00000000,0
1505423349,21240910,0.14797,67.41271879,0
1505423320,21240878,0.14790,580.02386748,0
1505423298,21240855,0.14808,82.36946245,1
1505423297,21240854,0.14794,153.54495800,0
1505423250,21240801,0.14814,12242.79222357,0
1505423074,21240487,0.14856,859.04684975,1
1505423073,21240485,0.14856,1908.02468139,1
1505423073,21240480,0.14856,2704.41007001,1
1505423034,21240388,0.14856,1662.35770800,1
1505422991,21240355,0.14856,1373.34127626,1
1505422989,21240351,0.14856,5163.94416000,1
1505422988,21240349,0.14856,348.20400000,1
1505422986,21240345,0.14856,1118.07552505,1
1505422986,21240342,0.14856,1351.76484168,1
1505422985,21240341,0.14856,1233.18000000,1
1505422984,21240337,0.14856,1658.76026134,1
1505422968,21240300,0.14856,7566.30574600,1
1505422950,21240272,0.14850,604.82914427,0
1505422950,21240271,0.14849,2297.98460000,0
1505422900,21240193,0.14856,605.00807754,1
1505422895,21240183,0.14861,25609.54558912,0
1505422895,21240182,0.14824,712.00000000,0
1505422893,21240180,0.14805,457.00000000,0
1505422800,21240067,0.14750,712.00000000,1
1505422494,21239845,0.14743,587.86752100,1
1505422457,21239793,0.14748,24839.59296800,1
1505422237,21239607,0.14853,350.77624594,0
1505422115,21239489,0.15011,488.33129318,1
1505422115,21239487,0.14958,1420.01890000,0
1505422113,21239486,0.14800,2168.16302512,0
1505422064,21239449,0.14800,1649.00344594,0
1505422062,21239448,0.14789,36.00000000,0
1505421755,21238936,0.14790,36.00000000,1
1505421717,21238817,0.14800,0.00006864,1
1505421716,21238810,0.14800,7094.58385136,1
1505421657,21238650,0.14989,4209.77043165,0
1505421508,21238457,0.14856,1237.46272000,0
1505421499,21238442,0.15020,1237.46272039,0
1505421499,21238441,0.15019,6141.75337100,0
1505421498,21238440,0.15008,1397.76530000,0
1505421498,21238439,0.15005,72254.83300000,0
1505421498,21238437,0.15000,250.00000000,0
1505421498,21238436,0.14862,193.27536099,0
1505421259,21237863,0.14862,114.10039026,0
1505420999,21237557,0.14862,14788.20482085,1
1505420998,21237554,0.14862,211.79517915,1
1505420883,21237462,0.14919,675.30075742,0
1505420865,21237451,0.14923,808.26835968,0
1505420790,21237392,0.14863,1947.35174254,1
1505420748,21237303,0.14885,1503.79510000,1
1505420735,21237272,0.14970,200.00000000,1
1505420528,21236973,0.14973,99.86382155,0
1505420520,21236966,0.14979,666.66666667,0
1505420519,21236965,0.15000,5985.65460666,1
1505420519,21236964,0.15000,3360.80399700,1
1505420519,21236963,0.14998,2898.16471089,0
1505420518,21236962,0.14994,4620.90620000,0
1505420518,21236960,0.14992,0.10991028,0
1505420518,21236959,0.14981,14838.57937000,0
1505420517,21236958,0.14972,866.47164629,0
1505420517,21236957,0.14950,992.17458730,0
1505420517,21236956,0.14932,5710.09030000,0
1505420515,21236952,0.14883,39727.04467158,0
1505420510,21236940,0.14883,670.23194248,0
1505420439,21236847,0.14851,671.67194128,0
1505420378,21236736,0.14872,959.00645508,0
1505420372,21236728,0.14875,3156.05956768,1
1505420371,21236727,0.14875,196.90251635,0
1505420350,21236716,0.14724,2104.00000000,1
1505420326,21236685,0.14858,3694.39449504,0
1505420326,21236684,0.14840,2445.95240000,0
1505420326,21236683,0.14840,429.43041496,0
1505420254,21236625,0.14800,35.00000000,0
1505420083,21236420,0.14790,210.00000000,0
1505419975,21236173,0.14765,3031.71903500,1
1505419972,21236151,0.14765,29.04266084,0
1505419894,21235801,0.14765,641.80894006,0
1505419578,21235130,0.14700,1000.00000000,0
1505419480,21235006,0.14670,1500.00000000,1
1505419480,21235005,0.14671,4814.39854900,1
1505419427,21234906,0.14671,357.00000000,1
1505419336,21234816,0.14741,582.00000000,0
1505419323,21234808,0.14658,2027.12770000,1
1505419286,21234797,0.14653,1589.99993176,0
1505419285,21234793,0.14650,59.99986761,1
1505419285,21234792,0.14653,1590.00000000,1
1505419285,21234791,0.14656,0.00006414,1
1505419285,21234790,0.14656,9067.85146016,1
1505419283,21234780,0.14691,42.00000000,1
1505419152,21234551,0.14765,500.00000000,0
1505419090,21234495,0.14793,674.30960589,0
1505418853,21234132,0.14723,200.00000000,0
1505418837,21234113,0.14657,1107.81243000,1
1505418760,21233908,0.14710,149.31730000,1
1505418760,21233905,0.14709,1434.82030000,0
1505418656,21233438,0.14659,38854.60392936,0
1505418656,21233434,0.14659,2031.80906000,1
1505418560,21233093,0.14788,1200.00000000,1
1505418559,21233090,0.14819,3421.40593792,0
1505418440,21232828,0.14792,170.00000000,0
1505418382,21232755,0.14799,505.50716940,0
1505418322,21232705,0.14727,2294.98056763,0
1505418309,21232671,0.14727,830.11943237,0
1505418307,21232663,0.14728,1714.26630803,0
1505418212,21232557,0.14656,4920.43556670,1
1505418098,21232445,0.14799,346.31981891,0
1505418081,21232417,0.14674,547.94400000,1
1505418056,21232383,0.14674,1440.00000000,1
1505418034,21232354,0.14760,846.93100000,0
1505417932,21232152,0.14800,40.45148649,0
1505417875,21232072,0.14787,141.00000000,1
1505417772,21231885,0.14786,2235.67081900,0
1505417770,21231880,0.14786,2763.67341500,0
1505417691,21231756,0.14671,14170.00000000,1
1505417626,21231604,0.14658,3414.28188300,1
1505417626,21231603,0.14683,1421.43820000,1
1505417626,21231602,0.14702,100.00000000,1
1505417625,21231600,0.14702,100.00000000,1
1505417625,21231598,0.14750,500.00000000,1
1505417625,21231595,0.14755,6162.01378700,0
1505417623,21231589,0.14769,682.26613000,1
1505417618,21231559,0.14840,2016.52198504,0
1505417618,21231558,0.14840,0.00005000,0
1505417604,21231496,0.14839,660.90209700,0
1505417604,21231495,0.14838,2735.11270000,0
1505417454,21230967,0.14705,1582.51863211,1
1505417454,21230965,0.14706,3417.48136789,1
1505417439,21230898,0.14701,3163.57959700,1
1505417439,21230896,0.14702,2470.74128000,1
1505417439,21230894,0.14703,2722.04590000,1
1505417399,21230629,0.14776,2458.36751000,1
1505417388,21230550,0.14833,1775.37679498,0
1505417333,21230361,0.14838,2069.48422761,0
1505417333,21230360,0.14838,376.46817239,0
1505417333,21230359,0.14838,2445.95240000,0
1505417333,21230358,0.14838,2069.48427761,0
1505417329,21230348,0.14837,1394.97770000,0
1505417321,21230331,0.14838,376.46812239,0
1505417318,21230314,0.14795,1350.32159513,0
1505417312,21230300,0.14834,567.79464887,0
1505417291,21230213,0.14657,4112.95545851,1
1505417291,21230211,0.14710,1027.98237933,1
1505417290,21230204,0.14800,331.06216216,1
1505417290,21230202,0.14800,600.00000000,1
1505417283,21230178,0.14851,2445.95235000,1
1505417240,21229886,0.14831,10631.55977810,1
1505417240,21229885,0.14832,15418.17920000,1
1505417237,21229859,0.14927,941.18933300,1
1505417236,21229858,0.14927,3776.95835700,1
1505417236,21229856,0.14927,4274.33300000,1
1505417236,21229855,0.14925,2424.43486400,0
1505417235,21229854,0.14925,1352.69343200,0
1505417235,21229853,0.14925,7554.25659200,0
1505417235,21229852,0.14923,6447.73305600,0
1505417235,21229850,0.14923,4255.21260000,0
1505417235,21229849,0.14923,4651.73742400,0
1505417219,21229705,0.14972,5710.09031964,1
1505417213,21229667,0.14974,551.00000000,1
1505417206,21229625,0.14974,449.00000000,1
1505417205,21229620,0.14983,449.00000000,1
1505417195,21229595,0.14997,4620.79628972,1
1505417184,21229560,0.14997,866.67970305,1
1505417182,21229548,0.14997,1335.05239159,1
1505417174,21229491,0.14997,2000.00000000,1
1505417153,21229389,0.14997,3742.45009300,1
1505417133,21229319,0.14997,1649.86704008,1
1505417133,21229317,0.14998,0.00009468,1
1505417132,21229315,0.14998,5666.06487532,1
1505417129,21229282,0.14998,1336.13560764,1
1505417125,21229248,0.14997,5391.07418000,1
1505417123,21229236,0.14998,1213.98535140,1
1505417117,21229205,0.14998,637.83655822,0
1505417117,21229204,0.14999,3125.10000000,1
1505417116,21229201,0.14998,5366.49016200,1
1505417098,21229055,0.14998,150.00000000,1
1505417093,21229024,0.15091,132.19879398,0
1505417089,21228986,0.15091,680.82393480,0
1505417061,21228852,0.15070,21101.28405686,1
1505417019,21228739,0.15070,1209.21274460,1
1505417014,21228727,0.15100,660.60013245,0
1505416976,21228574,0.15100,660.60013245,0
1505416954,21228478,0.15070,3739.24217664,1
1505416920,21228301,0.15100,2533.55288100,0
1505416911,21228275,0.15100,1668.80387600,0
1505416898,21228250,0.15100,1265.99432000,0
1505416894,21228243,0.15100,581.21789300,0
1505416775,21228063,0.15048,1000.00000000,1
1505416752,21228017,0.15143,1725.04472400,0
1505416752,21228016,0.15143,371.90435200,0
1505416750,21228012,0.15143,1463.48834800,0
1505416750,21228011,0.15142,1835.39270000,0
1505416743,21228008,0.15137,1835.39270000,0
1505416743,21228007,0.15137,1835.39270000,0
1505416743,21228006,0.15136,1835.39270000,0
1505416743,21228005,0.15136,0.00000722,0
1505416743,21228004,0.15134,2706.86282000,0
1505416742,21228003,0.15133,3480.57494900,0
1505416725,21227980,0.15131,11164.85961576,0
1505416717,21227969,0.15151,1835.39269278,1
1505416715,21227965,0.15147,2868.67820722,0
1505416715,21227964,0.15146,1385.92910000,0
1505416710,21227955,0.15147,658.54624678,0
1505416679,21227885,0.15161,263.17683530,0
1505416638,21227755,0.15184,1116.80749473,0
1505416613,21227666,0.15054,1353.58721510,1
1505416613,21227665,0.15055,3166.27880000,1
1505416613,21227664,0.15056,3166.27880000,1
1505416613,21227663,0.15056,3166.27880000,1
1505416613,21227662,0.15057,3166.27880000,1
1505416612,21227661,0.15057,3166.27880000,1
1505416612,21227659,0.15058,13091.59867200,1
1505416612,21227658,0.15058,623.65946190,1
1505416612,21227657,0.15067,6546.28010100,1
1505416612,21227655,0.15068,2553.48055000,1
1505416605,21227639,0.15064,10000.00000000,1
1505416470,21227241,0.15112,211.48755955,0
1505416463,21227219,0.15112,1714.98342463,0
1505416463,21227218,0.15080,1380.53143237,0
1505416460,21227200,0.15112,242.15577024,0
1505416459,21227199,0.15100,584.23956130,0
1505416459,21227195,0.15083,552.73752677,0
1505416458,21227184,0.15083,114.36995292,0
1505416458,21227181,0.15080,273.15914420,0
1505416456,21227171,0.15073,51.00000000,0
1505416444,21227136,0.15060,2696.29800000,1
1505416423,21227039,0.15054,623.65941770,0
1505416414,21226994,0.15054,670.85160090,0
1505416397,21226954,0.15054,2028.44456230,0
1505416366,21226849,0.14991,3295.11000000,1
1505416351,21226807,0.15048,66.66819510,1
1505416349,21226796,0.15048,258.14440458,0
1505416336,21226731,0.14950,9950.86540350,0
1505416192,21226345,0.14940,79.42562470,1
1505416190,21226343,0.14940,87.49305000,0
1505416180,21226326,0.14940,9.63978028,1
1505416179,21226322,0.14940,1918.31627613,1
1505416177,21226320,0.14940,5000.00000000,0
1505416176,21226319,0.14940,1072.04394359,0
1505416170,21226312,0.14940,333.83741633,0
1505416169,21226311,0.14940,3338.35341365,0
1505416161,21226288,0.14900,1000.00000000,1
1505416135,21226249,0.14940,1940.00000000,0
1505415877,21225815,0.14929,1336.45924040,0
1505415836,21225764,0.14926,1186.32668814,1
1505415835,21225763,0.14926,4247.50334000,0
1505415781,21225695,0.14938,33.38820458,0
1505415682,21225519,0.14864,651.66128707,0
1505415679,21225510,0.14709,1091.88165899,1
1505415679,21225509,0.14715,412.54052513,1
1505415679,21225506,0.14740,1419.43370000,1
1505415678,21225504,0.14800,2000.00000000,1
1505415678,21225502,0.14801,561.65123978,1
1505415676,21225496,0.14865,39.00000000,1
1505415600,21225290,0.14801,1219.46283000,1
1505415556,21225128,0.14940,3315.76522643,0
1505415556,21225127,0.14921,2522.88850500,0
1505415556,21225126,0.14918,1398.52570000,0
1505415510,21225017,0.14933,667.98781223,0
1505415448,21224733,0.14952,603.32754803,0
1505415413,21224621,0.14785,2932.16225000,1
1505415395,21224569,0.14959,3522.26756227,1
1505415394,21224568,0.14959,3184.68820000,1
1505415393,21224563,0.14959,2673.67599900,0
1505415393,21224562,0.14959,4539.58709702,0
1505415392,21224561,0.14959,1326.98535998,0
1505415373,21224505,0.14959,2091.27702386,1
1505415372,21224501,0.14958,3433.23010000,0
1505415365,21224453,0.15000,8536.58736087,1
1505415365,21224452,0.15000,10000.00000000,1
1505415365,21224449,0.15000,10000.00000000,1
1505415364,21224445,0.15000,10000.00000000,1
1505415361,21224432,0.15000,1463.41263913,1
1505415349,21224368,0.15006,2560.88233386,0
1505415348,21224366,0.15006,5967.60585600,0
1505415321,21224210,0.15013,2325.49910078,0
1505415317,21224199,0.14715,75.93150000,1
1505415277,21224056,0.14880,226.91610000,0
1505415276,21224050,0.14879,226.91610000,0
1505415276,21224048,0.14878,226.91610000,0
1505415196,21223811,0.15056,12.35806323,0
1505415196,21223810,0.15056,212.27417640,0
1505415196,21223808,0.15056,47.68444473,0
1505415196,21223807,0.15055,164.60066424,1
1505415195,21223803,0.14999,200.67582552,1
1505415193,21223792,0.15056,20458.28085156,1
1505415193,21223791,0.14888,300.00000000,0
1505415193,21223790,0.14809,950.00000000,0
1505415191,21223787,0.14749,12707.99150700,1
1505415191,21223785,0.14749,583.72764144,0
1505415183,21223760,0.14749,827.17185900,0
1505415181,21223755,0.14749,4801.75274500,0
1505415181,21223748,0.14749,18500.40430800,0
1505415181,21223746,0.14737,1410.89950000,0
1505415180,21223745,0.14720,200.00000000,0
1505415180,21223743,0.14715,5402.09149900,0
1505415161,21223711,0.14714,1016.85469620,0
1505415118,21223573,0.14691,994.80000000,0
1505415110,21223542,0.14692,285.70024503,0
1505415109,21223537,0.14691,1411.75870000,0
1505415051,21223358,0.14708,2305.90229807,0
1505414918,21222986,0.14637,113.58987059,0
1505414918,21222984,0.14637,1485.62076000,0
1505414916,21222978,0.14636,2537.64564600,0
1505414871,21222877,0.14664,3210.97735156,0
1505414792,21222693,0.14703,678.43718969,0
1505414686,21222428,0.14697,2036.12982241,0
1505414663,21222386,0.14623,170.53716748,0
1505414467,21221997,0.14635,100.00000000,1
1505414403,21221897,0.14534,1330.09742059,1
1505414385,21221873,0.14680,689.37329700,0
1505414374,21221852,0.14711,930.41927809,0
1505414374,21221851,0.14708,2701.30156400,0
1505414374,21221850,0.14685,920.84820000,0
1505414372,21221848,0.14662,217.42980000,0
1505414372,21221846,0.14662,217.42980000,0
1505414364,21221828,0.14714,217.20810112,1
1505414356,21221813,0.14556,920.84820000,1
1505414351,21221803,0.14557,176.17470000,1
1505414350,21221800,0.14766,2757.14729784,0
1505414350,21221799,0.14721,40.00000000,0
1505414349,21221796,0.14600,0.00000012,0
1505414311,21221766,0.14600,2123.78354800,0
1505414306,21221746,0.14600,680.00000000,0
1505414279,21221661,0.14600,68.32232877,0
1505414270,21221651,0.14600,300.00000000,0
1505414241,21221628,0.14600,1708.04234986,0
1505414226,21221603,0.14514,184.61740000,1
1505414222,21221589,0.14599,184.63104000,1
1505414202,21221560,0.14514,611.84637192,1
1505414185,21221532,0.14600,0.00006849,0
1505414185,21221531,0.14599,5383.89684225,1
1505414183,21221529,0.14599,218.91910000,0
1505414178,21221526,0.14599,0.00000405,1
1505414178,21221524,0.14599,218.91910000,1
1505414173,21221518,0.14600,4517.63168600,0
1505414171,21221514,0.14600,602.22001876,0
1505414169,21221504,0.14503,9710.51421951,0
1505414169,21221496,0.14503,390.71843152,0
1505414163,21221479,0.14503,3167.20685508,0
1505414118,21221306,0.14503,8271.95865900,0
1505414108,21221278,0.14503,1309.17094200,0
1505414102,21221268,0.14503,1147.50310500,0
1505414102,21221267,0.14496,1210.69530000,0
1505414102,21221266,0.14496,1210.69530000,0
1505414035,21221172,0.14494,1163.09196909,0
1505414013,21221123,0.14407,128.00000000,1
1505414009,21221115,0.14405,530.00000000,1
1505413967,21221004,0.14503,1210.61187340,0
1505413965,21221000,0.14502,5667.70921829,0
1505413955,21220980,0.14502,75.43304371,0
1505413955,21220978,0.14500,2478.83514179,0
1505413955,21220977,0.14484,1463.46190000,0
1505413953,21220975,0.14483,2868.65015900,0
1505413921,21220935,0.14500,1540.72041379,0
1505413921,21220934,0.14486,1957.65391785,1
1505413920,21220932,0.14486,1449.27280000,1
1505413919,21220931,0.14486,4542.89092508,1
1505413919,21220930,0.14486,2890.23946700,0
1505413893,21220853,0.14493,39.00000000,0
1505413840,21220644,0.14503,687.79300834,0
1505413839,21220637,0.14503,6877.93029028,0
1505413831,21220606,0.14503,11572.97878800,0
1505413830,21220602,0.14503,3164.63546300,0
1505413830,21220601,0.14502,3166.05980000,0
1505413822,21220578,0.14503,4060.84381134,0
1505413822,21220576,0.14502,517.96068966,0
1505413808,21220527,0.14503,3030.99017000,0
1505413808,21220526,0.14501,1314.50063000,0
1505413808,21220525,0.14500,1693.07320000,0
1505413800,21220504,0.14503,139.96586913,0
1505413799,21220498,0.14412,48.01490000,1
1505413797,21220491,0.14413,1314.98060273,0
1505413797,21220485,0.14493,45.43376617,1
1505413797,21220481,0.14498,2455.74300000,1
1505413796,21220474,0.14500,179.41288900,0
1505413795,21220472,0.14500,357.20450000,1
1505413794,21220469,0.14500,205.14560000,1
1505413788,21220453,0.14503,4749.84141212,0
1505413788,21220452,0.14503,443.64540000,0
1505413783,21220442,0.14500,1437.64990000,1
1505413782,21220441,0.14501,1941.14850000,0
1505413765,21220414,0.14503,1719.48252086,0
1505413760,21220407,0.14500,1267.03924138,1
1505413710,21220342,0.14493,454.56623383,1
1505413697,21220299,0.14500,5483.83996000,0
1505413696,21220298,0.14500,350.00000000,0
1505413696,21220297,0.14495,931.00334000,0
1505413672,21220227,0.14493,4494.38742841,1
1505413669,21220220,0.14497,862.19466096,1
1505413668,21220215,0.14456,329.46783343,0
1505413629,21220083,0.14357,2046.04025911,1
1505413565,21219891,0.14350,12039.05644000,1
1505413564,21219883,0.14351,3895.06386400,1
1505413561,21219869,0.14357,2388.76828200,1
1505413560,21219866,0.14350,4804.89272100,1
1505413560,21219864,0.14350,1145.79713000,1
1505413560,21219861,0.14356,4096.94839900,1
1505413560,21219858,0.14356,1958.91129800,1
1505413559,21219854,0.14356,536.62075500,1
1505413559,21219852,0.14358,1422.74050000,1
1505413525,21219770,0.14352,111.91800000,1
1505413524,21219767,0.14352,207.55200000,1
1505413472,21219612,0.14421,2701.04572332,0
1505413471,21219610,0.14420,3929.87605000,0
1505413471,21219609,0.14419,3063.98043000,1
1505413463,21219595,0.14420,129.95833500,0
1505413463,21219594,0.14419,3091.74166500,0
1505413446,21219546,0.14320,4045.00000000,1
1505413395,21219387,0.14302,1404.00000000,1
1505413294,21219183,0.14276,173.17812500,1
1505413252,21219110,0.14484,103.30426678,0
1505413203,21218989,0.14399,208.07000486,0
1505413203,21218988,0.14399,2640.90000000,0
1505413203,21218986,0.14394,2168.77543411,0
1505413203,21218982,0.14394,685.73843268,0
1505413203,21218981,0.14373,871.16097755,0
1505413203,21218980,0.14365,5501.84170000,0
1505413203,21218979,0.14365,5501.84170000,0
1505413202,21218977,0.14365,5501.84170000,0
1505413202,21218975,0.14365,5501.84170000,0
1505413202,21218974,0.14365,3765.88625274,0
1505413202,21218969,0.14364,1809.53730000,0
1505413202,21218968,0.14334,1490.00000000,0
1505413141,21218773,0.14284,1436.29235509,1
1505413077,21218517,0.14365,1735.95544726,0
1505413066,21218443,0.14200,2037.66269650,0
1505413066,21218440,0.14250,9950.86540350,1
1505413064,21218423,0.14252,2011.47190000,1
1505413061,21218410,0.14373,1297.61442245,0
1505413061,21218409,0.14372,4202.56237100,0
1505413060,21218405,0.14368,1440.71280000,1
1505413024,21218192,0.14372,528.29806770,1
1505413023,21218183,0.14372,4392.13749900,0
1505413015,21218110,0.14396,2168.47415948,0
1505413013,21218100,0.14394,256.72949850,0
1505413012,21218084,0.14396,69.29049736,0
1505412992,21217960,0.14498,206.64919299,0
1505412992,21217958,0.14498,254.58683956,0
1505412990,21217951,0.14498,206.63494034,0
1505412979,21217894,0.14500,11817.24297172,0
1505412979,21217893,0.14500,4456.07558000,1
1505412978,21217889,0.14480,1796.11738915,0
1505412978,21217887,0.14400,860.00000000,0
1505412978,21217884,0.14398,4403.95880000,1
1505412977,21217880,0.14296,1505.20000000,1
1505412932,21217701,0.14336,1746.52252935,1
1505412932,21217700,0.14336,15782.55720000,0
1505412884,21217545,0.14150,189.08472443,0
1505412867,21217518,0.14080,2303.68125001,0
1505412865,21217509,0.14080,6361.72911931,0
1505412862,21217495,0.14080,1334.58963068,0
1505412807,21217324,0.14051,310.82722648,0
1505412805,21217321,0.14100,165.00000000,1
1505412761,21217228,0.14037,72.55561197,1
1505412761,21217227,0.14051,1483.43660000,0
1505412761,21217225,0.14060,747.00000000,1
1505412760,21217223,0.14060,2004.77760500,0
1505412760,21217220,0.14075,1472.42529500,1
1505412760,21217219,0.14096,258.00000000,1
1505412759,21217218,0.14097,12845.58526083,1
1505412759,21217217,0.14100,500.00000000,1
1505412757,21217209,0.14101,3826.89356553,1
1505412757,21217208,0.14101,1789.32606167,1
1505412731,21217156,0.14101,5039.25050640,1
1505412728,21217144,0.14101,3826.89371108,0
1505412727,21217142,0.14101,12861.47449823,0
1505412692,21217033,0.14229,1899.71185606,0
1505412683,21217022,0.14229,421.84519874,0
1505412681,21217016,0.14229,422.09652942,0
1505412624,21216885,0.14229,418.78514939,0
1505412621,21216876,0.14229,95.86859654,0
1505412613,21216848,0.14214,3352.35879575,0
1505412609,21216832,0.14214,1097.98417946,0
1505412549,21216630,0.14232,91.11565486,0
1505412498,21216473,0.14150,1487.75410000,1
1505412496,21216466,0.14150,782.34993654,1
1505412490,21216438,0.14150,300.00000000,0
1505412490,21216437,0.14096,1489.65570000,0
1505412489,21216435,0.14038,3700.00000000,1
1505412485,21216405,0.14002,1056.87157800,0
1505412485,21216401,0.14002,10000.00000000,0
1505412484,21216396,0.14002,1456.12780000,0
1505412481,21216385,0.14002,4487.00062200,1
1505412467,21216326,0.14001,4869.48514600,1
1505412431,21216159,0.14000,150.00000000,1
1505412383,21216017,0.14000,1298.29524150,1
1505412376,21216003,0.14003,2000.00000000,1
1505412376,21216002,0.14003,1100.00000000,1
1505412364,21215934,0.14000,2775.00000000,1
1505412363,21215931,0.14000,1684.65322300,1
1505412362,21215929,0.14000,100.64643000,1
1505412362,21215928,0.14000,100.00000000,1
1505412362,21215925,0.14000,1000.00000000,1
1505412362,21215922,0.14000,250.00000000,1
1505412362,21215919,0.14002,1000.00000000,1
1505412333,21215816,0.14001,3228.85695310,1
1505412333,21215814,0.14018,213.47553146,1
1505412333,21215813,0.14020,143.07000000,1
1505412332,21215811,0.14021,1000.00000000,1
1505412332,21215809,0.14030,300.00000000,1
1505412332,21215808,0.14080,3542.11683000,1
1505412331,21215806,0.14100,1572.48068544,1
1505412325,21215790,0.14100,15002.10919000,1
1505412319,21215758,0.14100,4300.73666667,1
1505412317,21215747,0.14100,7859.51555718,1
1505412317,21215745,0.14100,2762.55919460,1
1505412304,21215671,0.14100,1813.92041520,1
1505412303,21215665,0.14100,1132.76595745,1
1505412303,21215664,0.14100,4990.02667700,1
1505412298,21215630,0.14100,8072.23659575,1
1505412297,21215626,0.14100,21228.49116000,1
1505412296,21215625,0.14101,7399.64602000,1
1505412294,21215615,0.14101,3000.00000000,1
1505412290,21215581,0.14101,378.90229772,1
1505412289,21215580,0.14102,3251.70000000,1
1505412263,21215482,0.14101,941.59929079,1
1505412260,21215454,0.14101,1510.99553224,1
1505412257,21215439,0.14101,442.81923269,1
1505412257,21215436,0.14101,3707.00000000,1
1505412215,21215228,0.14101,543.00000000,1
1505412199,21215167,0.14103,2208.37937190,0
1505412173,21215082,0.14166,51.00000000,1
1505412173,21215080,0.14166,51.00000000,1
1505412173,21215079,0.14166,51.00000000,1
1505412173,21215078,0.14166,51.00000000,1
1505412152,21214980,0.14167,2591.62062810,1
1505412059,21214718,0.14222,2299.75500000,0
1505412059,21214717,0.14221,1482.30390000,0
1505412059,21214716,0.14195,646.00000000,0
1505412058,21214714,0.14167,509.26951549,1
1505412020,21214608,0.14222,40.00000000,1
1505412003,21214513,0.14280,455.26900000,0
1505412002,21214512,0.14283,3702.11321100,1
1505412002,21214505,0.14281,1451.58440000,0
1505412001,21214504,0.14233,844.00000000,0
1505411998,21214502,0.14283,902.21366000,0
1505411998,21214501,0.14282,8856.11324000,0
1505411972,21214404,0.14293,712.57547700,0
1505411963,21214378,0.14170,2712.63228180,1
1505411949,21214342,0.14305,2519.45587300,0
1505411944,21214321,0.14304,1075.41489500,0
1505411926,21214251,0.14315,5039.25050646,0
1505411907,21214145,0.14168,1432.00000000,1
1505411850,21213798,0.14167,2734.52808186,1
1505411850,21213796,0.14167,241.90356890,1
1505411850,21213795,0.14175,200.00000000,1
1505411849,21213793,0.14186,1000.00000000,1
1505411849,21213791,0.14217,1780.08623158,1
1505411849,21213790,0.14220,12725.78194920,1
1505411848,21213786,0.14221,4961.65686000,1
1505411848,21213783,0.14227,1478.04330846,1
1505411845,21213761,0.14220,3932.16205080,0
1505411843,21213747,0.14227,353.00000000,1
1505411787,21213628,0.14387,800.00000000,0
1505411727,21213507,0.14434,4082.47225428,0
1505411727,21213506,0.14434,1468.21270000,0
1505411546,21213233,0.14216,2718.36868000,1
1505411545,21213229,0.14217,15602.63132000,1
1505411540,21213220,0.14214,5439.00000000,1
1505411525,21213188,0.14429,0.00000421,0
1505411524,21213187,0.14245,1465.47370000,0
1505411524,21213186,0.14245,0.00001579,0
1505411524,21213185,0.14244,1000.00000000,0
1505411475,21213075,0.14242,17111.81544900,0
1505411475,21213073,0.14240,10085.12536000,0
1505411448,21213025,0.14242,140.01468017,0
1505411431,21213010,0.14242,456.18382250,0
1505411376,21212929,0.14239,1471.10049863,0
1505411361,21212879,0.14242,700.39755652,0
1505411357,21212865,0.14168,1181.89300000,1
1505411341,21212834,0.14239,1571.50097600,0
1505411339,21212833,0.14239,1001.77954913,0
1505411328,21212813,0.14239,1000.00000000,1
1505411327,21212811,0.14239,3051.67713100,0
1505411317,21212795,0.14241,70.04465979,0
1505411271,21212678,0.14239,4838.00000000,0
1505411201,21212475,0.14243,99.99999100,0
1505411199,21212474,0.14233,0.00000900,0
1505411189,21212448,0.14167,2923.33287549,0
1505411188,21212445,0.14167,121.30839274,0
1505411188,21212444,0.14167,692.16279480,0
1505411184,21212431,0.14167,5520.41368000,0
1505411183,21212427,0.14167,3157.29835194,0
1505411179,21212416,0.14167,801.67444759,0
1505411179,21212414,0.14167,121.29983060,0
1505411178,21212411,0.14167,1399.95994093,0
1505411178,21212407,0.14167,47.79452000,0
1505411176,21212401,0.14167,831.08822066,0
1505411173,21212394,0.14167,1460.25180559,0
1505411172,21212390,0.14167,4078.08418800,0
1505411172,21212389,0.14167,7356.44596300,0
1505411172,21212388,0.14167,1827.32187300,0
1505411169,21212385,0.14167,721.28014704,0
1505411169,21212380,0.14167,51.00000000,1
1505411169,21212378,0.14168,110.46019198,1
1505411135,21212298,0.14101,51.00000000,1
1505411133,21212295,0.14101,1953.52316855,1
1505411133,21212294,0.14110,50.00000000,1
1505411133,21212293,0.14110,4000.00000000,1
1505411132,21212292,0.14111,5000.00000000,0
1505411132,21212291,0.14141,1796.11738915,1
1505411132,21212289,0.14141,2500.00000000,0
1505411131,21212287,0.14150,200.00000000,1
1505411131,21212286,0.14159,590.00000000,1
1505411131,21212285,0.14160,7001.05410000,0
1505411131,21212284,0.14160,1469.21980000,1
1505411130,21212283,0.14160,199.35892028,0
1505411130,21212280,0.14200,200.00000000,1
1505411130,21212278,0.14200,3000.00000000,1
1505411130,21212277,0.14200,100.00000000,1
1505411128,21212274,0.14220,1717.39115302,1
1505411124,21212255,0.14226,1000.00000000,0
1505411120,21212244,0.14226,642.71200618,0
1505411116,21212237,0.14226,100.00000000,0
1505411116,21212234,0.14226,882.86250527,0
1505411111,21212217,0.14226,771.98176635,0
1505411109,21212207,0.14226,588.06783354,0
1505411066,21212133,0.14226,1563.10804000,0
1505411060,21212119,0.14226,3988.78751900,0
1505411057,21212117,0.14220,1186.62955490,1
1505411043,21212074,0.14226,9638.03845071,0
1505411038,21212045,0.14226,34494.99298000,0
1505411022,21211999,0.14220,10084.54295900,1
1505411017,21211986,0.14220,2170.33674100,1
1505411010,21211969,0.14242,806.18219100,1
1505411007,21211960,0.14242,4033.81780900,1
1505410962,21211864,0.14220,2000.00000000,1
1505410962,21211862,0.14225,3000.00000000,1
1505410962,21211860,0.14226,5000.00000000,1
1505410854,21211625,0.14244,3506.89384200,0
1505410840,21211586,0.14221,3383.00000000,1
1505410825,21211568,0.14221,17750.00000000,1
1505410824,21211566,0.14232,1265.47371600,0
1505410824,21211564,0.14227,644.00000000,0
1505410821,21211561,0.14221,2627.30555090,1
1505410815,21211538,0.14250,1465.47368421,1
1505410808,21211504,0.14267,200.00000000,0
1505410629,21210979,0.14366,310.28705636,0
1505410478,21210631,0.14270,855.11166855,0
1505410476,21210626,0.14300,35.00000000,1
1505410436,21210512,0.14455,13244.95956852,1
1505410436,21210511,0.14455,14357.94600000,0
1505410435,21210508,0.14300,0.00000046,0
1505410433,21210507,0.14297,3143.62003896,1
1505410430,21210503,0.14298,604.35506100,0
1505410428,21210501,0.14299,1442.35840000,1
1505410414,21210465,0.14300,3147.01041000,0
1505410375,21210365,0.14300,224.00000000,0
1505410351,21210328,0.14300,1628.98958954,0
1505410351,21210327,0.14300,0.00000046,0
1505410327,21210292,0.14300,5369.80380400,0
1505410317,21210270,0.14297,1584.87380000,0
1505410316,21210268,0.14297,150.00000000,0
1505410315,21210266,0.14233,1860.00000000,1
1505410224,21210111,0.14389,180.93910455,0
1505410223,21210107,0.14250,58.32750000,1
1505410186,21209982,0.14401,214.98507048,1
1505410185,21209978,0.14499,213.51724138,0
1505410182,21209968,0.14501,2499.57933935,1
1505410181,21209962,0.14401,600.00000000,1
1505410176,21209949,0.14404,1907.82400000,0
1505410176,21209948,0.14372,1000.00000000,0
1505410176,21209947,0.14372,1000.00000000,0
1505410176,21209946,0.14372,1000.00000000,0
1505410174,21209942,0.14365,1932.17600000,0
1505410140,21209877,0.14359,974.64277219,1
1505410134,21209862,0.14359,0.00003881,0
1505410120,21209839,0.14356,3200.20000000,0
1505410095,21209753,0.14370,2856.23446119,1
1505410091,21209733,0.14370,1000.00000000,0
1505410090,21209730,0.14370,1000.00000000,0
1505410090,21209728,0.14301,5143.76553881,0
1505410080,21209682,0.14301,832.46414363,0
1505410076,21209667,0.14301,271.40013929,0
1505410076,21209665,0.14299,4213.53765998,0
1505410076,21209663,0.14297,1461.66200000,0
1505410074,21209659,0.14250,1457.39999955,0
1505410067,21209654,0.14250,837.16715300,0
1505410061,21209636,0.14250,1457.40000000,0
1505410056,21209611,0.14269,248.03284745,1
1505410056,21209609,0.14298,8390.71910000,1
1505410054,21209606,0.14201,551.45099610,0
1505410054,21209603,0.14202,1613.38702000,1
1505410054,21209602,0.14220,1000.00000000,1
1505410052,21209596,0.14221,2500.00000000,1
1505410049,21209587,0.14299,2613.05792991,1
1505410049,21209586,0.14299,1600.47980000,0
1505410028,21209517,0.14298,1604.56017600,0
1505409958,21209216,0.14250,150.00000000,1
1505409958,21209215,0.14250,18264.33449974,1
1505409912,21209114,0.14300,56.00000000,0
1505409860,21208938,0.14300,2366.06612300,0
1505409850,21208901,0.14250,608.00000000,1
1505409813,21208785,0.14250,5000.00000000,1
1505409804,21208759,0.14301,232.37017827,0
1505409804,21208758,0.14301,2460.01077411,0
1505409742,21208579,0.14301,25122.81917348,0
1505409741,21208576,0.14250,4247.00000000,1
1505409692,21208408,0.14250,3000.00000000,1
1505409676,21208350,0.14250,2000.00000000,1
1505409670,21208340,0.14250,1881.66550026,1
1505409669,21208337,0.14276,1500.00000000,1
1505409669,21208336,0.14276,140.09300000,1
1505409669,21208335,0.14290,100.00000000,1
1505409669,21208334,0.14300,4591.02919000,1
1505409669,21208333,0.14300,3928.36476974,1
1505409667,21208332,0.14300,1071.63523026,1
1505409667,21208330,0.14300,668.45776974,1
1505409665,21208323,0.14300,1326.54223026,1
1505409665,21208322,0.14301,64071.72976974,1
1505409643,21208256,0.14302,15104.31950524,1
1505409636,21208245,0.14302,2500.00000000,1
1505409630,21208215,0.14302,2714.47539300,1
1505409619,21208181,0.14364,3472.22222222,0
1505409615,21208160,0.14301,18858.65125000,1
1505409615,21208158,0.14302,1141.34875000,1
1505409606,21208122,0.14301,20000.00000000,1
1505409603,21208096,0.14362,1034.48000001,0
1505409602,21208092,0.14334,844.00000000,0
1505409600,21208080,0.14301,16704.89548000,1
1505409600,21208079,0.14303,3295.10452000,1
1505409597,21208071,0.14365,98.54070000,0
1505409550,21207839,0.14367,805.09264100,0
1505409544,21207820,0.14400,1000.00000000,1
1505409528,21207743,0.14327,14783.22051000,1
1505409528,21207742,0.14328,5216.77949000,1
1505409486,21207568,0.14314,1245.06698560,1
1505409471,21207513,0.14400,1941.48375080,1
1505409470,21207505,0.14400,3448.67201420,0
1505409469,21207504,0.14398,2775.75750000,0
1505409457,21207472,0.14398,1731.51621993,0
1505409433,21207386,0.14398,3468.12638000,0
1505409409,21207309,0.14302,96.00000000,1
1505409399,21207294,0.14400,1931.14430556,0
1505409398,21207289,0.14302,20000.00000000,1
1505409391,21207266,0.14302,5000.00000000,1
1505409386,21207252,0.14400,1444.16840000,0
1505409375,21207228,0.14301,354.00000000,1
1505409374,21207226,0.14400,249.00000000,0
1505409359,21207206,0.14301,1400.00000000,1
1505409350,21207200,0.14301,6018.16616730,1
1505409347,21207194,0.14301,199.76814000,1
1505409347,21207193,0.14320,15000.00000000,1
1505409339,21207182,0.14400,2410.80774700,0
1505409327,21207157,0.14303,655.12000000,1
1505409324,21207146,0.14301,233.00000000,1
1505409324,21207145,0.14328,500.00000000,1
1505409307,21207079,0.14301,823.75246500,1
1505409303,21207067,0.14301,14520.96900689,1
1505409303,21207065,0.14307,3000.00000000,1
1505409303,21207064,0.14312,2379.03099311,1
1505409303,21207062,0.14398,100.00000000,1
1505409294,21207025,0.14310,354.00000000,0
1505409293,21207019,0.14352,35.00000000,1
1505409290,21207012,0.14400,173.17812500,0
1505409287,21207001,0.14400,250.00000000,0
1505409279,21206949,0.14400,667.67360824,0
1505409275,21206907,0.14400,1425.35580000,0
1505409273,21206896,0.14393,1441.33060000,1
1505409270,21206889,0.14400,400.00000000,1
1505409270,21206888,0.14400,2500.00000000,1
1505409269,21206887,0.14400,100.00000000,1
1505409269,21206886,0.14401,5000.00000000,1
1505409257,21206865,0.14407,15199.76814000,1
1505409257,21206864,0.14408,2300.23186000,1
1505409257,21206863,0.14408,2500.00000000,1
1505409242,21206808,0.14501,425.92496276,0
1505409241,21206796,0.14466,0.00003724,0
1505409238,21206773,0.14466,827.45748652,1
1505409238,21206771,0.14480,3444.82027624,1
1505409231,21206738,0.14481,1736.61029000,1
1505409226,21206703,0.14502,160.27491408,0
1505409215,21206627,0.14481,823.75246412,1
1505409214,21206624,0.14500,601.52689655,1
1505409214,21206622,0.14500,1400.00000000,1
1505409214,21206620,0.14500,1055.00000000,1
1505409214,21206616,0.14500,35.00000000,1
1505409214,21206615,0.14500,1000.00000000,1
1505409214,21206613,0.14500,5000.00000000,1
1505409214,21206611,0.14500,50.00000000,1
1505409192,21206457,0.14549,40.00000000,0
1505409190,21206409,0.14501,803.23603953,1
1505409180,21206338,0.14503,4684.65000000,1
1505409177,21206327,0.14503,240.00000000,1
1505409173,21206317,0.14528,3288.31154000,1
1505409151,21206205,0.14550,2779.25384382,0
1505409147,21206191,0.14676,1698.44729000,0
1505409119,21206063,0.14528,2000.00000000,0
1505409116,21206049,0.14528,14503.00000000,1
1505409116,21206045,0.14530,700.00000000,1
1505409114,21206030,0.14550,3000.00000000,1
1505409111,21205999,0.14675,1000.00000000,1
1505409088,21205868,0.14701,1382.41926890,1
1505409085,21205858,0.14701,2406.39135400,1
1505409084,21205856,0.14701,1000.00000000,1
1505409077,21205799,0.14701,807.23549800,1
1505409063,21205673,0.14701,3020.13765000,1
1505409056,21205632,0.14701,6000.00000000,1
1505409047,21205581,0.14701,1041.00000000,1
1505409032,21205506,0.14701,9030.45079800,1
1505409026,21205473,0.14701,1328.38820800,1
1505409026,21205470,0.14701,2802.16509100,1
1505409024,21205454,0.14701,5312.83586200,1
1505409024,21205452,0.14701,3984.83096400,1
1505409023,21205446,0.14701,1328.27698800,1
1505409013,21205413,0.14701,900.68665800,1
1505408994,21205342,0.14701,38948.12540700,1
1505408993,21205339,0.14701,6077.54200000,1
1505408993,21205337,0.14701,1703.44859300,1
1505408993,21205336,0.14701,9371.78811600,1
1505408993,21205335,0.14701,25594.25409400,1
1505408993,21205334,0.14701,4555.61600000,1
1505408992,21205332,0.14701,5325.78992400,1
1505408957,21205213,0.14701,2548.01081560,1
1505408948,21205179,0.14701,2548.01081560,1
1505408833,21204561,0.14701,6167.52817383,1
1505408831,21204554,0.14709,4088.88208217,1
1505408827,21204541,0.14709,2691.11791783,1
1505408826,21204535,0.14777,0.00000297,1
1505408762,21204323,0.14777,50.99999703,1
1505408761,21204322,0.14800,101.09797297,1
1505408715,21204267,0.14810,150.00000000,0
1505408712,21204255,0.14810,0.00000039,1
1505408709,21204249,0.14810,11617.89466400,1
1505408700,21204228,0.14810,10637.23214045,1
1505408672,21204201,0.14810,276.06063100,1
1505408667,21204182,0.14933,4154.63075069,0
1505408662,21204175,0.14810,8223.48749600,1
1505408631,21204139,0.14810,2869.99993249,1
1505408522,21204032,0.14810,800.00000000,1
1505408517,21204026,0.14810,1932.55422013,1
1505408487,21203938,0.14942,73.43434614,0
1505408416,21203814,0.14831,844.00000000,0
1505408401,21203797,0.14810,679.77091554,1
1505408400,21203795,0.14851,523.64491446,1
1505408357,21203735,0.14851,4371.61497554,1
1505408356,21203732,0.14867,508.71363236,1
1505408351,21203722,0.14867,162.57444764,1
1505408351,21203721,0.14881,736.39555236,1
1505408350,21203716,0.14881,404.11326000,1
1505408344,21203702,0.14881,6302.22133600,1
1505408289,21203645,0.14881,8058.00000000,1
1505408281,21203625,0.14994,7339.83306655,1
1505408280,21203624,0.14909,1000.00000000,0
1505408280,21203623,0.14908,789.06580000,0
1505408280,21203622,0.14908,1000.00000000,0
1505408280,21203621,0.14908,1000.00000000,0
1505408280,21203620,0.14908,1000.00000000,0
1505408279,21203613,0.14907,1000.00000000,0
1505408279,21203612,0.14907,210.93422155,0
1505408271,21203601,0.14881,527.40400000,1
1505408234,21203580,0.14881,2750.00000000,1
1505408207,21203532,0.14881,5338.86585800,1
1505408207,21203531,0.14881,859.75349200,1
1505408202,21203519,0.14881,6880.51079700,1
1505408168,21203395,0.14906,210.00000000,0
1505408147,21203360,0.14881,1921.89369464,1
1505408147,21203359,0.14895,105.00704935,1
1505408147,21203358,0.14900,1000.00000000,1
1505408147,21203357,0.14900,500.00000000,1
1505408147,21203356,0.14901,3879.75042101,1
1505408122,21203329,0.14901,1054.61546100,1
1505408097,21203278,0.14906,4229.75720000,0
1505408068,21203219,0.14901,506.00000000,1
1505408067,21203217,0.14906,650.28914429,0
1505408060,21203197,0.14907,789.06577845,0
1505408060,21203196,0.14907,210.93422155,0
1505408058,21203192,0.14929,789.06577845,1
1505408057,21203188,0.14929,210.93422155,1
1505408019,21203087,0.14901,1559.63411799,1
1505408019,21203086,0.14901,126.74394601,1
1505408017,21203078,0.14937,3000.00000000,0
1505408016,21203073,0.14901,1477.78209800,1
1505408015,21203071,0.14901,5395.47395599,1
1505408015,21203070,0.14901,67.10982801,1
1505408015,21203068,0.14938,300.00000000,0
1505407934,21202919,0.14901,2528.66163000,1
1505407929,21202905,0.14901,3049.31783102,1
1505407908,21202831,0.14901,13741.97278500,1
1505407900,21202806,0.14901,1500.00000000,1
1505407898,21202802,0.14901,2760.40056700,1
1505407872,21202745,0.14901,2077.47636700,1
1505407869,21202739,0.14901,552.80424000,1
1505407867,21202737,0.14901,20000.00000000,1
1505407866,21202735,0.14901,2394.53093000,1
1505407846,21202695,0.14901,4573.49108000,1
1505407840,21202683,0.14901,1653.23801200,1
1505407828,21202646,0.14901,4922.72969100,1
1505407816,21202622,0.14901,2553.97181900,1
1505407808,21202615,0.14901,39.96000000,1
1505407800,21202596,0.14901,1468.17007400,1
1505407796,21202591,0.14901,798.00000000,1
1505407773,21202496,0.14947,236.30896606,1
1505407772,21202494,0.14947,4243.22860000,0
1505407772,21202492,0.14947,2194.08409715,0
1505407768,21202478,0.14901,3000.00000000,1
1505407768,21202475,0.14901,10941.00000000,1
1505407768,21202474,0.14901,10000.00000000,1
1505407767,21202473,0.14901,10000.00000000,1
1505407760,21202464,0.14901,10000.00000000,1
1505407756,21202457,0.14901,7324.11877000,1
1505407756,21202454,0.14901,10000.00000000,1
1505407752,21202447,0.14901,1170.08707600,1
1505407730,21202392,0.14901,10025.22816600,1
1505407730,21202390,0.14901,3711.51906700,1
1505407729,21202389,0.14901,1260.66949500,1
1505407700,21202208,0.14983,66.57585263,0
1505407692,21202142,0.14901,1070.47485090,1
1505407692,21202136,0.14904,2500.00000000,1
1505407691,21202129,0.14905,5000.00000000,1
1505407691,21202121,0.14915,9578.27388535,1
1505407691,21202114,0.14919,1637.58901375,1
1505407690,21202104,0.14926,4870.66225000,1
1505407684,21202077,0.15011,418.39930717,1
1505407682,21202072,0.14950,1581.57826515,0
1505407676,21202051,0.14938,3813.00000000,1
1505407664,21201990,0.14950,500.00000000,1
1505407652,21201970,0.14970,166.58416834,0
1505407641,21201941,0.15000,1300.00000000,1
1505407641,21201940,0.15000,2079.44971780,1
1505407641,21201938,0.15000,1061.59312800,1
1505407614,21201876,0.15021,1070.46252700,1
1505407608,21201856,0.15021,2739.89165600,1
1505407568,21201788,0.15021,694.79200000,1
1505407555,21201769,0.15021,1093.83086700,1
1505407555,21201768,0.15022,1595.12780000,1
1505407517,21201719,0.15022,1204.55349584,1
1505407517,21201717,0.15022,2825.82476200,1
1505407484,21201615,0.15022,5969.62174216,1
1505407483,21201613,0.15022,8453.15907184,1
1505407480,21201591,0.15022,1080.95098900,1
1505407414,21201439,0.15022,465.88993916,1
1505407414,21201438,0.15028,2360.78785484,1
1505407407,21201426,0.15028,380.04626800,1
1505407407,21201423,0.15028,701.40105900,1
1505407331,21201374,0.15030,663.62069341,0
1505407311,21201364,0.15028,670.00000000,1
1505407211,21201305,0.15028,369.87225900,1
1505407203,21201292,0.15028,683.74294650,1
1505407172,21201265,0.15028,185.50181266,1
1505407172,21201264,0.15028,1211.16485400,1
1505407153,21201230,0.15028,4140.18734600,1
1505407152,21201229,0.15028,3281.25852700,1
1505407152,21201227,0.15029,384.53629800,1
1505407151,21201222,0.15028,2070.09367300,1
1505407151,21201221,0.15028,5351.35220000,1
1505407141,21201186,0.15029,2243.24654000,1
1505407118,21201171,0.15080,33.07380637,0
1505407078,21201095,0.15080,7415.61233423,1
1505407052,21201062,0.15081,10000.00000000,0
1505406967,21200971,0.15028,5057.01589871,1
1505406967,21200970,0.15030,5643.58633129,1
1505406965,21200968,0.15030,306.88680433,1
1505406963,21200964,0.15030,879.50317823,1
1505406943,21200943,0.15030,321.42188900,1
1505406911,21200920,0.15030,645.32967399,1
1505406908,21200912,0.15030,306.68645930,1
1505406906,21200907,0.15030,1369.80475900,1
1505406903,21200897,0.15031,306.89556858,0
1505406901,21200895,0.15030,526.78090486,1
1505406897,21200891,0.15031,1140.68830930,1
1505406704,21200774,0.15064,662.17472118,0
1505406703,21200769,0.15031,8859.31169070,1
1505406703,21200768,0.15031,8364.37644430,1
1505406670,21200737,0.15083,667.55200788,1
1505406669,21200736,0.15083,4212.77660000,0
1505406668,21200735,0.15031,1635.62355570,1
1505406668,21200734,0.15031,796.75706930,1
1505406664,21200725,0.15031,4353.30600800,1
1505406649,21200710,0.15031,1101.44307100,1
1505406605,21200660,0.15031,3748.49385170,1
1505406605,21200659,0.15032,793.64094130,1
1505406560,21200631,0.15032,9206.35905870,1
1505406560,21200630,0.15032,8089.82656922,1
1505406560,21200628,0.15042,1385.10830000,1
1505406560,21200627,0.15042,1385.10830000,1
1505406558,21200624,0.15043,260.59777208,1
1505406548,21200612,0.15043,1124.51052792,1
1505406548,21200611,0.15043,1007.02564108,1
1505406536,21200604,0.15091,330.46186468,0
1505406244,21200044,0.15109,21.49162750,1
1505406242,21200040,0.15100,563.14411000,0
1505406242,21200039,0.15100,75.95159248,0
1505406090,21199828,0.15100,0.00013245,0
1505406090,21199827,0.15073,284.45850196,1
1505406088,21199825,0.15073,1370.00000000,0
1505406067,21199812,0.15043,378.08265892,1
1505406067,21199811,0.15043,1385.10830000,1
1505406067,21199810,0.15043,1385.10830000,1
1505406067,21199809,0.15043,1385.10830000,1
1505406067,21199808,0.15043,472.59244108,1
1505406066,21199804,0.15043,912.51585892,1
1505406066,21199803,0.15043,448.11699308,1
1505406047,21199792,0.15044,348.07400000,1
1505406026,21199773,0.15044,1635.35200000,1
1505405816,21199620,0.15100,1321.19205298,0
1505405801,21199602,0.15100,132.12000000,0
1505405794,21199597,0.15100,163.54741721,0
1505405792,21199596,0.15097,1324.70112882,0
1505405792,21199595,0.15097,493.91322023,0
1505405716,21199539,0.15097,284.11445983,0
1505405643,21199428,0.15043,799.99993339,1
1505405642,21199427,0.15043,136.99137353,1
1505405642,21199426,0.15044,1385.10830000,1
1505405640,21199418,0.15035,1385.10830000,0
1505405639,21199417,0.15032,1910.17343078,1
1505405637,21199413,0.15028,103.28289644,1
1505405637,21199412,0.15028,5351.35217655,1
1505405636,21199406,0.15003,0.00002345,0
1505405636,21199404,0.15003,505.36479832,0
1505405636,21199403,0.15002,4845.98740168,0
1505405635,21199401,0.15000,2720.76437900,0
1505405635,21199399,0.15000,3791.56167481,0
1505405635,21199397,0.15000,1559.79052519,0
1505405634,21199386,0.15000,0.00008385,1
1505405633,21199383,0.15000,4845.98746667,1
1505405631,21199367,0.15000,5154.01244948,1
1505405631,21199366,0.15000,10000.00000000,1
1505405630,21199365,0.15000,330.00000000,1
1505405630,21199364,0.15000,1332.39400000,1
1505405630,21199363,0.15000,1347.97297297,1
1505405630,21199362,0.15000,2661.47521089,1
1505405630,21199361,0.15002,4845.98750000,1
1505405629,21199354,0.15003,5454.63511100,1
1505405629,21199352,0.15009,1522.09975004,1
1505405629,21199351,0.15011,800.00000000,1
1505405629,21199350,0.15047,67.00000000,1
1505405629,21199348,0.15060,1324.70119402,1
1505405628,21199347,0.15065,778.02773695,1
1505405628,21199346,0.15100,0.00006622,1
1505405627,21199340,0.15100,5959.99993378,1
1505405622,21199328,0.15100,3000.00000000,1
1505405592,21199316,0.15100,40.00000000,1
1505405584,21199315,0.15101,0.00013500,1
1505405584,21199314,0.15101,1578.51559500,1
1505405556,21199296,0.15101,843.21254000,1
1505405406,21199192,0.15065,2395.72476900,1
1505405404,21199186,0.15065,826.24749405,1
1505405362,21199154,0.15111,1370.00000000,1
1505405362,21199153,0.15111,1370.00000000,1
1505405301,21199104,0.15112,1370.00000000,1
1505405301,21199103,0.15112,802.25751764,1
1505405297,21199100,0.15112,567.74248236,1
1505405297,21199098,0.15112,1370.00000000,1
1505405297,21199097,0.15112,1370.00000000,1
1505405294,21199082,0.15113,4714.47035469,1
1505405291,21199079,0.15113,3307.74248236,1
1505405286,21199072,0.15113,3712.47410728,0
1505405283,21199060,0.15181,3285.37718200,0
1505405279,21199057,0.15113,3709.88979043,1
1505405274,21199055,0.15113,885.32568251,1
1505405274,21199053,0.15113,1370.00000000,1
1505405273,21199051,0.15113,1370.00000000,1
1505405273,21199049,0.15114,83.00000000,1
1505405245,21199037,0.15114,40.00000000,1
1505405038,21198775,0.15116,0.27987029,1
1505405037,21198774,0.15116,399.72012971,1
1505405037,21198772,0.15118,0.27980414,1
1505405036,21198770,0.15118,399.72019586,1
1505405011,21198740,0.15231,903.63560881,1
1505405010,21198739,0.15231,15344.76090000,1
1505405010,21198738,0.15231,2893.00996482,1
1505405010,21198736,0.15183,118.61815662,0
1505405008,21198733,0.15137,390.31043731,0
1505404948,21198635,0.15137,123.68956269,0
1505404948,21198634,0.15137,344.19007000,0
1505404945,21198631,0.15137,169.80993000,0
1505404901,21198569,0.15114,1247.00000000,1
1505404897,21198564,0.15115,1246.12771060,1
1505404814,21198430,0.15102,1370.00000000,0
1505404800,21198400,0.15066,293.99123000,1
1505404462,21197951,0.15123,593.63591880,0
1505404368,21197759,0.15029,2893.00996482,1
1505404368,21197758,0.15030,5100.65699600,0
1505404368,21197757,0.15045,1365.91720000,1
1505404367,21197755,0.15048,2550.32849800,0
1505404367,21197754,0.15050,76.30000000,1
1505404366,21197750,0.15078,0.30171018,1
1505404298,21197638,0.15080,2578.66627439,1
1505404292,21197620,0.15078,430.97329076,1
1505404286,21197591,0.15078,4390.28650900,1
1505404278,21197570,0.15078,0.00000006,1
1505404278,21197569,0.15100,3011.78991694,1
1505404268,21197499,0.15100,4331.68660800,1
1505404265,21197492,0.15100,3809.88036400,1
1505404265,21197487,0.15101,2000.00000000,1
1505404231,21197397,0.15100,11187.31336900,1
1505404230,21197390,0.15100,2126.96664000,1
1505404207,21197362,0.15100,192.58159400,1
1505404206,21197360,0.15136,59.31256607,0
1505404153,21197236,0.15100,7069.54954300,1
1505404036,21197041,0.15101,722.08000000,1
1505404013,21197020,0.15100,55.16411378,1
1505403982,21196982,0.15100,7005.08507100,1
1505403982,21196981,0.15101,1678.13766700,1
1505403979,21196978,0.15101,1321.86233300,1
1505403942,21196931,0.15100,1209.98278028,1
1505403942,21196930,0.15100,2448.48037472,1
1505403907,21196839,0.15140,514.00000000,1
1505403890,21196774,0.15100,1850.34605928,1
1505403889,21196772,0.15101,369.23391072,1
1505403881,21196747,0.15101,2182.28571428,1
1505403878,21196734,0.15101,2448.48037500,1
1505403856,21196716,0.15100,6850.34605900,1
1505403847,21196695,0.15100,1702.09604700,1
1505403805,21196649,0.15143,6104.71130000,0
1505403805,21196648,0.15142,1395.28870000,0
1505403772,21196610,0.15141,2437.60187570,0
1505403737,21196510,0.15100,2172.82781500,1
1505403717,21196433,0.15100,10666.80729000,1
1505403714,21196424,0.15100,11356.72457000,1
1505403705,21196401,0.15100,2952.37178500,1
1505403705,21196400,0.15100,715.00000000,1
1505403645,21196293,0.15131,1164.00876300,1
1505403617,21196229,0.15131,3200.73012700,1
1505403601,21196200,0.15131,635.26111000,1
1505403582,21196168,0.15132,555.13533700,1
1505403582,21196167,0.15132,5000.00000000,1
1505403582,21196165,0.15132,1435.05861300,1
1505403547,21196034,0.15187,0.00004338,1
1505403547,21196033,0.15187,118.61820000,1
1505403414,21195702,0.15244,415.14540000,1
1505403413,21195701,0.15244,415.14540000,1
1505403413,21195699,0.15245,415.14540000,1
1505403413,21195698,0.15245,246.38423240,1
1505403413,21195697,0.15245,168.76116760,1
1505403413,21195695,0.15245,415.14540000,1
1505403413,21195694,0.15245,246.38423240,1
1505403412,21195689,0.15245,168.76116760,1
1505403385,21195639,0.15284,2620.77277624,1
1505403385,21195638,0.15284,1386.48200000,1
1505403384,21195634,0.15284,1305.29468725,0
1505403320,21195510,0.15297,3000.00000000,0
1505403285,21195413,0.15300,0.00004159,1
1505403283,21195400,0.15300,2928.99281046,1
1505403269,21195387,0.15300,1511.31839000,1
1505403266,21195382,0.15300,4199.04668900,1
1505403266,21195380,0.15300,168.17013500,1
1505403246,21195335,0.15300,4922.16473700,1
1505403245,21195334,0.15300,19440.12441700,1
1505403239,21195305,0.15300,2436.93777000,1
1505403234,21195282,0.15300,8807.52806600,1
1505403233,21195267,0.15300,843.46621569,1
1505403219,21195221,0.15300,1423.68434300,1
1505403218,21195218,0.15300,2813.93636200,1
1505403218,21195216,0.15300,3890.43332200,1
1505403217,21195213,0.15300,14267.05763800,1
1505403217,21195212,0.15300,16545.98194100,1
1505403216,21195208,0.15300,10681.93400000,1
1505403216,21195206,0.15301,2671.30000000,1
1505403198,21195156,0.15359,324.76124747,0
1505403023,21194682,0.15300,25635.30671715,1
1505403006,21194643,0.15301,3000.00000000,1
1505402906,21194488,0.15300,1004.73329300,1
1505402898,21194474,0.15300,1407.50692136,1
1505402830,21194390,0.15301,5103.86569000,1
1505402813,21194369,0.15300,422571.17765075,0
1505402813,21194368,0.15298,10000.00000000,0
1505402813,21194367,0.15297,4500.49854000,0
1505402779,21194339,0.15246,925.87710870,1
1505402779,21194338,0.15246,415.14540000,1
1505402778,21194336,0.15247,0.00002300,1
1505402752,21194321,0.15224,415.14537700,0
1505402747,21194317,0.15224,2500.00000000,0
1505402742,21194313,0.15224,3084.85462300,0
1505402727,21194303,0.15292,1345.03180000,1
1505402727,21194302,0.15300,583.51440190,1
1505402699,21194262,0.15300,32416.48559810,1
1505402699,21194261,0.15310,2906.38683790,1
1505402690,21194253,0.15310,1928.54620200,1
1505402635,21194214,0.15311,4608.73947000,1
1505402561,21194118,0.15311,391.26053000,1
1505402561,21194115,0.15312,2500.00000000,0
1505402561,21194112,0.15312,4458.73947000,1
1505402559,21194104,0.15313,2500.00000000,1
1505402531,21194092,0.15360,280.87460846,0
1505402529,21194089,0.15335,694.34405048,0
1505402524,21194083,0.15335,643.00000000,0
1505402449,21194007,0.15335,822.73888536,0
1505402447,21194005,0.15334,152.94764532,0
1505402400,21193958,0.15310,957.06696000,1
1505402337,21193875,0.15310,4066.18741437,1
1505402337,21193873,0.15310,652.40448043,1
1505402337,21193872,0.15320,2997.85237120,1
1505402336,21193868,0.15320,302.14762880,1
1505402336,21193867,0.15322,1969.10152320,1
1505402336,21193865,0.15323,1356.01300000,1
1505402335,21193863,0.15323,2500.00000000,1
1505402326,21193849,0.15322,1475.30024330,1
1505402326,21193848,0.15322,4316.69975670,1
1505402288,21193803,0.15322,2616.40872330,1
1505402288,21193802,0.15323,32.11788570,1
1505402278,21193791,0.15323,4176.88442200,1
1505402246,21193772,0.15323,790.99769230,1
1505402180,21193724,0.15360,650.00000000,0
1505402096,21193526,0.15360,300.00000000,0
1505402003,21193443,0.15322,1074.76700000,1
1505402003,21193442,0.15322,6150.12000000,1
1505401993,21193406,0.15339,966.58428986,0
1505401964,21193335,0.15322,393.00452000,1
1505401963,21193332,0.15322,449.00000000,1
1505401879,21193185,0.15354,552.22104989,0
1505401794,21193093,0.15321,5962.56146100,1
1505401764,21193071,0.15355,649.62552914,0
1505401746,21193058,0.15355,65.12536633,0
1505401701,21193023,0.15360,324.67447916,0
1505401687,21193001,0.15321,3124.79496900,1
1505401671,21192973,0.15322,875.31800000,1
1505401669,21192970,0.15322,2690.36819900,1
1505401639,21192902,0.15320,912.64357000,0
1505401639,21192898,0.15320,87.35643000,1
1505401632,21192886,0.15320,9912.64357000,1
1505401630,21192884,0.15330,88.00000000,1
1505401621,21192867,0.15350,1000.00000000,1
1505401621,21192866,0.15360,476.97438100,1
1505401619,21192862,0.15368,661.36612021,0
1505401589,21192813,0.15360,2836.79706200,1
1505401589,21192812,0.15361,3434.46605700,1
1505401589,21192810,0.15361,3313.77144300,1
1505401589,21192808,0.15361,1000.00000000,1
1505401585,21192801,0.15361,2251.76250000,1
1505401575,21192785,0.15361,1476.97438095,1
1505401554,21192729,0.15361,1384.40722000,1
1505401553,21192728,0.15361,9672.23504000,1
1505401553,21192727,0.15361,1088.72715400,1
1505401551,21192722,0.15361,1384.82362605,1
1505401507,21192627,0.15361,4992.83257900,1
1505401489,21192582,0.15360,6686.22855700,1
1505401444,21192466,0.15404,200.74454687,0
1505401367,21192395,0.15412,830.91000519,0
1505401283,21192226,0.15367,300.93303833,0
1505401270,21192211,0.15345,100.00000000,0
1505401268,21192206,0.15345,100.00000000,0
1505401128,21192080,0.15407,49.00000000,0
1505401082,21192021,0.15315,553.99257000,1
1505401082,21192019,0.15316,5606.98093000,1
1505401081,21192017,0.15320,1339.02650000,1
1505401081,21192014,0.15333,2500.00000000,1
1505401054,21191974,0.15343,9689.24995138,1
1505401054,21191973,0.15345,2310.75004862,1
1505401043,21191955,0.15427,323.29882673,0
1505400988,21191821,0.15425,3584.46175766,0
1505400986,21191813,0.15420,2883.18271000,0
1505400922,21191686,0.15338,1370.26800000,1
1505400863,21191590,0.15421,1293.69846313,0
1505400860,21191585,0.15420,646.89118029,0
1505400851,21191564,0.15422,1293.61457658,0
1505400799,21191495,0.15438,1467.36129051,1
1505400798,21191493,0.15435,439.39084000,0
1505400798,21191492,0.15435,2196.95421000,0
1505400798,21191491,0.15364,814.48694500,0
1505400797,21191490,0.15346,2700.43690000,0
1505400797,21191489,0.15346,2700.43690000,0
1505400797,21191488,0.15346,2700.43690000,0
1505400797,21191487,0.15346,2700.43690000,0
1505400797,21191486,0.15346,2700.43690000,0
1505400797,21191485,0.15346,1579.62221449,0
1505400783,21191456,0.15346,1120.81468551,0
1505400783,21191455,0.15346,2250.35695349,0
1505400760,21191402,0.15334,1170.87800000,0
1505400760,21191400,0.15334,2885.37073800,0
1505400760,21191399,0.15333,874.83600000,0
1505400759,21191398,0.15333,1735.40662000,0
1505400737,21191309,0.15333,1542.44456500,0
1505400731,21191302,0.15336,2854.46300000,1
1505400731,21191300,0.15337,2500.00000000,1
1505400644,21191203,0.15336,2246.17399000,0
1505400488,21191022,0.15342,1300.47360187,0
1505400467,21190991,0.15242,3141.56117600,1
1505400368,21190842,0.15213,2906.00000000,0
1505400367,21190841,0.15213,2500.00000000,1
1505400312,21190682,0.15283,140.68266434,1
1505400312,21190680,0.15284,1373.05031466,1
1505400312,21190679,0.15286,2500.00000000,1
1505400299,21190575,0.15312,15.51050387,0
1505400299,21190573,0.15312,974.93726635,0
1505400295,21190553,0.15312,3299.81344836,0
1505400295,21190552,0.15310,1365.99420000,0
1505400295,21190551,0.15287,2263.19300000,0
1505400295,21190550,0.15286,1623.49307864,0
1505400288,21190536,0.15286,1407.50692136,1
1505400265,21190505,0.15286,1037.97062146,1
1505400265,21190504,0.15286,167.16262854,1
1505400258,21190485,0.15286,1708.36763099,1
1505400258,21190483,0.15312,4277.74309401,1
1505400219,21190413,0.15313,1387.50617123,0
1505400217,21190412,0.15313,2016.95134131,1
1505400206,21190405,0.15313,801.25426009,1
1505400196,21190359,0.15339,300.00000000,0
1505400194,21190356,0.15313,392.74400000,1
1505400164,21190256,0.15343,591.62523626,0
1505400137,21190229,0.15313,3129.76666660,1
1505400134,21190228,0.15313,3659.28373200,1
1505400120,21190208,0.15347,2250.35700000,1
1505400105,21190190,0.15347,3780.69617300,1
1505400104,21190188,0.15347,3518.86688049,1
1505400104,21190187,0.15347,10000.00000000,1
1505400104,21190186,0.15347,10000.00000000,1
1505400104,21190183,0.15347,6312.52599308,1
1505400104,21190182,0.15348,6481.13312000,1
1505400104,21190181,0.15348,1285.51189643,1
1505400083,21190142,0.15348,2254.60900000,1
1505400079,21190124,0.15348,4819.25960340,1
1505400078,21190119,0.15348,216.19710000,1
1505400068,21190092,0.15348,530.58510638,1
1505400065,21190080,0.15348,599.58029379,1
1505400049,21189966,0.15348,294.25700000,1
1505400043,21189928,0.15349,2596.05902466,1
1505400024,21189811,0.15364,3987.07456500,0
1505400024,21189808,0.15364,20.00000000,0
1505400022,21189805,0.15357,2480.00000000,0
1505400018,21189784,0.15357,194.00000000,0
1505399963,21189555,0.15345,2926.37838800,0
1505399959,21189534,0.15345,3386.14760508,0
1505399911,21189387,0.15340,19925.01900000,1
1505399910,21189382,0.15339,1450.65261000,0
1505399894,21189340,0.15300,5722.25690599,0
1505399894,21189339,0.15300,2429.86276068,0
1505399894,21189338,0.15287,4845.98750000,0
1505399891,21189315,0.15286,1828.73854000,0
1505399888,21189308,0.15286,1379.04892716,0
1505399883,21189282,0.15286,1310.34443281,0
1505399883,21189280,0.15286,1378.89830644,0
1505399877,21189241,0.15286,1378.82005427,0
1505399871,21189203,0.15284,1269.57575843,0
1505399818,21188963,0.15201,1375.32680000,0
1505399818,21188961,0.15187,131.79804821,0
1505399804,21188928,0.15180,5104.74507135,0
1505399796,21188913,0.15180,328.55935441,0
1505399773,21188816,0.15178,2752.30272000,0
1505399748,21188734,0.15170,1053.10062000,0
1505399744,21188725,0.15173,9743.13658700,0
1505399710,21188620,0.15098,827.80597510,1
1505399710,21188619,0.15175,328.66761120,0
1505399699,21188575,0.15169,80.00000000,0
1505399505,21188320,0.15148,4819.25960344,0
1505399486,21188299,0.15091,2500.00000000,1
1505399454,21188239,0.15017,6.92675327,0
1505399453,21188238,0.15030,1618.38745419,1
1505399453,21188237,0.15042,718.93587634,1
1505399453,21188236,0.15042,5000.00000000,0
1505399453,21188235,0.15042,1377.14440000,0
1505399452,21188231,0.15044,9308.73695000,1
1505399452,21188230,0.15045,1302.85593000,1
1505399451,21188229,0.15049,3210.33377608,0
1505399451,21188228,0.15050,1069.36877076,1
1505399451,21188227,0.15056,1377.63930000,1
1505399450,21188223,0.15057,815.77022136,0
1505399449,21188217,0.15057,2500.00000000,1
1505399308,21187977,0.15030,9281.06412366,0
1505399308,21187976,0.15030,10000.00000000,0
1505399300,21187951,0.15030,1950.00000000,0
1505399284,21187921,0.15030,132.73532934,0
1505399278,21187912,0.15030,1738.67020239,0
1505399247,21187876,0.15018,4663.71120000,1
1505399247,21187875,0.15018,4663.71120000,1
1505399247,21187874,0.15019,4663.71120000,1
1505399247,21187873,0.15019,4663.71120000,1
1505399247,21187872,0.15019,4663.71120000,1
1505399228,21187851,0.15030,100.30932000,0
1505399224,21187839,0.15030,1659.14836992,0
1505399116,21187744,0.15030,663.67265469,0
1505399090,21187711,0.15030,306.33000000,0
1505399057,21187680,0.15030,1500.00000000,1
1505399025,21187636,0.15166,1315.36388211,0
1505399015,21187626,0.15178,977.28277770,1
1505399015,21187625,0.15103,2342.53264000,1
1505398956,21187575,0.15104,331.46735964,1
1505398813,21187336,0.15020,5585.84507700,1
1505398813,21187335,0.15022,1368.10200000,1
1505398813,21187333,0.15030,1500.00000000,1
1505398800,21187293,0.15031,982.21850000,1
1505398723,21187137,0.15098,513.94244184,0
1505398630,21186866,0.15020,10000.00000000,1
1505398592,21186786,0.15088,661.12553022,0
1505398532,21186571,0.15033,506.93703000,0
1505398433,21186359,0.15099,74.99999979,0
1505398431,21186358,0.15059,0.00000021,0
1505398416,21186335,0.15059,7976.09711400,0
1505398392,21186278,0.15059,662.33242579,0
1505398379,21186246,0.15031,1387.08270000,1
1505398378,21186245,0.15059,367.83700000,0
1505398377,21186243,0.15059,911.85000000,0
1505398371,21186217,0.15016,2607.61193000,1
1505398370,21186209,0.15010,4663.71120032,0
1505398369,21186206,0.15010,10000.00000000,0
1505398369,21186205,0.15010,10000.00000000,0
1505398368,21186201,0.15009,10000.00000000,0
1505398367,21186193,0.15010,1378.56400000,0
1505398366,21186192,0.15010,2500.00000000,0
1505398365,21186191,0.15013,3815.77550000,1
1505398365,21186190,0.15013,3815.77550000,1
1505398365,21186189,0.15015,3815.77550000,1
1505398365,21186188,0.15019,3815.77550000,1
1505398365,21186186,0.15019,3815.77550000,1
1505398365,21186185,0.15019,3815.77550000,1
1505398365,21186184,0.15019,3815.77550000,1
1505398365,21186183,0.15019,3815.77550000,1
1505398365,21186182,0.15019,3815.77550000,1
1505398364,21186181,0.15020,3815.77550000,1
1505398364,21186180,0.15020,3815.77549968,1
1505398364,21186179,0.15025,2500.00000000,1
1505398364,21186178,0.15026,1384.19430000,1
1505398355,21186167,0.15003,0.00000032,0
1505398354,21186165,0.15003,3815.77552600,0
1505398290,21186035,0.15058,2795.50810200,0
1505398288,21186030,0.15003,0.00010000,0
1505398240,21185885,0.14865,5745.57936231,1
1505398240,21185884,0.14865,7946.00800000,1
1505398239,21185883,0.14866,3153.55249600,1
1505398239,21185882,0.14867,0.00003026,1
1505398239,21185880,0.14867,1302.44188135,0
1505398239,21185879,0.14869,7946.00800000,1
1505398238,21185877,0.14872,7946.00800000,1
1505398238,21185876,0.14872,6273.65469400,0
1505398238,21185874,0.14875,5000.00000000,1
1505398238,21185871,0.14880,5000.00000000,1
1505398238,21185870,0.14880,5000.00000000,1
1505398237,21185869,0.14880,4920.10730000,0
1505398237,21185868,0.14911,2088.03500000,1
1505398237,21185867,0.14911,2088.03500000,1
1505398237,21185866,0.14911,2088.03500000,1
1505398237,21185865,0.14912,3502.53523608,1
1505398237,21185864,0.14912,2771.72310992,0
1505398236,21185862,0.14917,2088.03500000,1
1505398236,21185861,0.14917,2088.03500000,1
1505398236,21185858,0.14919,2088.03500000,1
1505398236,21185857,0.14919,2088.03500000,1
1505398235,21185856,0.14921,2088.03500000,1
1505398235,21185855,0.14921,2088.03500000,1
1505398235,21185854,0.14921,2088.03500000,1
1505398235,21185853,0.14921,2088.03500000,1
1505398235,21185851,0.14921,2088.03500000,1
1505398235,21185850,0.14921,1383.84250000,0
1505398235,21185848,0.14921,1667.60953308,0
1505398234,21185847,0.14954,10000.00000000,1
1505398234,21185846,0.14954,9433.06544000,1
1505398234,21185844,0.14960,566.93460000,1
1505398234,21185842,0.14960,566.93460000,1
1505398234,21185841,0.14960,566.93460000,1
1505398233,21185840,0.14960,566.93460000,1
1505398233,21185839,0.14960,566.93460000,1
1505398233,21185838,0.14960,566.93460000,1
1505398233,21185837,0.14960,566.93460000,1
1505398233,21185836,0.14960,566.93460000,1
1505398233,21185835,0.14960,566.93460000,1
1505398233,21185834,0.14960,566.93460000,1
1505398233,21185833,0.14960,566.93460000,1
1505398233,21185832,0.14960,566.93460000,1
1505398233,21185831,0.14960,566.93460000,1
1505398232,21185830,0.14960,566.93460000,1
1505398232,21185829,0.14960,566.93460000,1
1505398232,21185828,0.14960,566.93460000,1
1505398232,21185826,0.14960,566.93460000,1
1505398232,21185824,0.14961,5000.00000000,1
1505398232,21185823,0.14985,1365.94500000,0
1505398231,21185822,0.14992,4944.87180000,1
1505398231,21185819,0.14993,1311.38601900,1
1505398231,21185817,0.14993,3633.48578100,1
1505398231,21185815,0.14993,4944.87180000,1
1505398230,21185813,0.14993,0.00004000,1
1505398230,21185811,0.15000,1500.00000000,1
1505398230,21185810,0.15000,1100.00000000,1
1505398230,21185809,0.15000,500.00000000,1
1505398228,21185805,0.15002,4845.98750000,1
1505398208,21185692,0.15036,434.14730000,1
1505398207,21185690,0.15036,434.14730000,1
1505398207,21185688,0.15036,434.14730000,1
1505398206,21185683,0.15037,75.00000000,0
1505398188,21185626,0.15037,434.14730000,1
1505398188,21185625,0.15037,400.61279959,1
1505398171,21185582,0.15037,33.53450041,1
1505398171,21185579,0.15037,434.14730000,1
1505398171,21185577,0.15043,434.14730000,1
1505398170,21185573,0.15043,0.00004559,1
1505398127,21185441,0.15057,4920.10730000,1
1505398108,21185388,0.15059,81.88346000,1
1505398091,21185328,0.15099,2865.21336094,0
1505398091,21185327,0.15099,1382.72690000,0
1505398063,21185164,0.15059,4838.22384000,1
1505398062,21185161,0.15059,4920.10730000,1
1505398062,21185160,0.15059,0.00005000,1
1505398062,21185157,0.15060,4920.10730000,1
1505398062,21185155,0.15078,4821.56151000,1
1505398060,21185151,0.15079,500.00000000,1
1505398034,21184994,0.15180,1176.39671911,1
1505398034,21184985,0.15180,10000.00000000,1
1505398033,21184982,0.15180,10000.00000000,1
1505398031,21184955,0.15180,2159.46156400,1
1505398030,21184951,0.15180,11229.50739900,1
1505398030,21184950,0.15180,10000.00000000,1
1505398030,21184949,0.15180,10000.00000000,1
1505398030,21184947,0.15180,10000.00000000,1
1505398030,21184946,0.15180,10000.00000000,1
1505398029,21184939,0.15180,2892.33469796,1
1505398029,21184938,0.15180,1939.86830900,1
1505398029,21184936,0.15180,10000.00000000,1
1505398029,21184934,0.15180,10000.00000000,1
1505398028,21184932,0.15180,10000.00000000,1
1505398028,21184919,0.15180,10000.00000000,1
1505398028,21184912,0.15180,10000.00000000,1
1505398027,21184908,0.15180,10000.00000000,1
1505398027,21184906,0.15180,10000.00000000,1
1505398027,21184905,0.15180,10000.00000000,1
1505398027,21184904,0.15180,10000.00000000,1
1505398026,21184898,0.15180,10000.00000000,1
1505398024,21184883,0.15180,20602.43131093,1
1505398024,21184879,0.15181,0.00000007,1
1505398024,21184875,0.15181,802.55365900,1
1505398024,21184874,0.15181,1810.92161100,1
1505398022,21184856,0.15187,65.64825179,0
1505398018,21184822,0.15181,579.32472993,1
1505398018,21184816,0.15200,197.44634100,1
1505397998,21184754,0.15200,802.55365900,1
1505397943,21184566,0.15197,5271.05259400,1
1505397943,21184565,0.15198,3485.30760000,1
1505397943,21184564,0.15199,1905.12827800,1
1505397942,21184563,0.15199,594.87172200,1
1505397942,21184562,0.15200,235.00000000,1
1505397916,21184496,0.15397,323.92875235,0
1505397913,21184483,0.15197,3639.35914985,0
1505397908,21184479,0.15196,131.28454856,0
1505397906,21184472,0.15197,6360.64085015,0
1505397906,21184471,0.15196,3639.35914985,0
1505397861,21184422,0.15191,328.32144033,0
1505397840,21184380,0.15181,1243.21922500,0
1505397840,21184378,0.15180,4441.84709000,0
1505397828,21184359,0.15181,53.56320326,0
1505397822,21184356,0.15183,985.15193915,0
1505397791,21184309,0.15197,1649.16095281,0
1505397726,21184240,0.15186,200.00000000,0
1505397712,21184218,0.15191,100.00000000,0
1505397647,21184108,0.15121,4115.49411000,1
1505397638,21184086,0.15100,539.32114048,0
1505397638,21184084,0.15106,5000.00000000,1
1505397638,21184083,0.15107,5000.00000000,0
1505397637,21184082,0.15129,2416.81130200,1
1505397637,21184080,0.15141,118.00000000,1
1505397637,21184079,0.15141,2500.00000000,0
1505397637,21184075,0.15142,1340.40540000,0
1505397636,21184074,0.15150,1500.00000000,1
1505397636,21184073,0.15153,2190.22595403,1
1505397636,21184071,0.15154,4797.38053000,1
1505397635,21184070,0.15156,1587.37440000,1
1505397635,21184067,0.15157,15388.13938000,0
1505397635,21184066,0.15157,6699.16106000,0
1505397633,21184059,0.15217,5565.18083349,1
1505397621,21184031,0.15217,2244.22114000,0
1505397621,21184029,0.15203,1690.59802651,0
1505397601,21183958,0.15203,1691.78149880,1
1505397574,21183915,0.15217,13111.72695012,0
1505397556,21183878,0.15203,999.23167600,1
1505397550,21183869,0.15219,1638.58696366,0
1505397536,21183835,0.15203,3444.15942400,1
1505397536,21183834,0.15203,2170.00805300,1
1505397536,21183833,0.15203,1261.03252700,1
1505397530,21183818,0.15219,10000.00000000,1
1505397529,21183817,0.15219,4619.17340169,1
1505397529,21183816,0.15221,8203.64758000,1
1505397528,21183808,0.15220,2691.01317500,1
1505397524,21183803,0.15219,5380.82659831,1
1505397524,21183801,0.15219,10000.00000000,1
1505397524,21183800,0.15219,3357.68997569,1
1505397524,21183798,0.15219,1217.71913800,1
1505397514,21183771,0.15219,113.30906307,1
1505397514,21183770,0.15220,787.73448193,1
1505397514,21183769,0.15220,1995.48861800,1
1505397514,21183766,0.15220,1004.50920000,1
1505397474,21183708,0.15250,1729.28771049,1
1505397448,21183647,0.15250,281.73921312,1
1505397435,21183638,0.15250,1521.38654541,1
1505397375,21183487,0.15250,1498.95073448,1
1505397352,21183420,0.15295,170.80536123,0
1505397350,21183417,0.15297,1932.32930000,0
1505397350,21183416,0.15296,3067.67070000,0
1505397348,21183414,0.15225,4237.55000000,1
1505397334,21183393,0.15297,5664.83800745,0
1505397324,21183383,0.15299,14903.90000000,0
1505397307,21183369,0.15220,6212.26770007,1
1505397307,21183368,0.15252,3787.73229993,1
1505397275,21183332,0.15300,649.96416237,1
1505397202,21183118,0.15311,124.54326954,0
1505397200,21183117,0.15300,194.82990742,0
1505397190,21183110,0.15300,45.90000000,0
1505397136,21183036,0.15300,247.76470588,0
1505397089,21182953,0.15252,400.50000000,1
1505397081,21182937,0.15252,4911.85184007,1
1505397079,21182933,0.15278,241.21750000,1
1505397079,21182932,0.15278,0.00004713,1
1505397076,21182924,0.15300,17540.69658900,0
1505397059,21182891,0.15300,488.49461300,0
1505397009,21182768,0.15300,236.31418470,0
1505396956,21182654,0.15300,1500.00000000,0
1505396947,21182627,0.15264,241.21745287,0
1505396914,21182504,0.15252,222.17286000,1
1505396907,21182476,0.15252,677.74300000,1
1505396853,21182245,0.15253,824.80000000,1
1505396841,21182198,0.15264,73.51899895,0
1505396829,21182165,0.15264,653.49842767,0
1505396823,21182134,0.15264,86.57682999,0
1505396813,21182092,0.15257,5316.08900000,1
1505396791,21182005,0.15257,2263.91100000,1
1505396772,21181934,0.15259,15000.00000000,1
1505396761,21181912,0.15263,1310.35841433,0
1505396755,21181900,0.15259,2263.70600000,1
1505396755,21181897,0.15260,14.76400312,0
1505396755,21181895,0.15260,692.74727161,0
1505396743,21181872,0.15259,168.27476187,1
1505396726,21181806,0.15259,1147.55830560,1
1505396722,21181779,0.15259,1309.04176893,1
1505396720,21181772,0.15259,1313.00232212,1
1505396719,21181768,0.15259,1305.97216619,1
1505396718,21181763,0.15259,935.79148100,1
1505396717,21181761,0.15259,199.53777026,1
1505396716,21181757,0.15259,13406.63752000,1
1505396704,21181708,0.15259,1653.65216161,1
1505396702,21181689,0.15260,71.93997379,0
1505396698,21181663,0.15259,1369.09180000,1
1505396697,21181658,0.15259,835.24021855,1
1505396689,21181626,0.15259,838.39702032,1
1505396688,21181623,0.15259,42892.72310000,1
1505396684,21181608,0.15259,788.23053552,1
1505396679,21181596,0.15259,813.90596455,1
1505396676,21181586,0.15260,815.61729713,0
1505396676,21181583,0.15260,184.38270287,0
1505396674,21181572,0.15259,865.73498041,1
1505396673,21181563,0.15259,1366.70049000,1
1505396669,21181536,0.15259,858.03791547,1
1505396664,21181514,0.15259,804.08885011,1
1505396659,21181493,0.15259,42658.61047000,1
1505396659,21181492,0.15259,783.59987630,1
1505396654,21181481,0.15259,1702.14183404,1
1505396654,21181478,0.15259,813.67679968,1
1505396652,21181467,0.15259,1307.93187847,1
1505396649,21181445,0.15259,1307.86938000,1
1505396649,21181435,0.15259,1502.63840730,1
1505396648,21181432,0.15260,1634.14154652,0
1505396647,21181424,0.15259,1314.58867085,1
1505396647,21181419,0.15259,1726.80060000,1
1505396645,21181400,0.15259,2614.56097866,1
1505396643,21181390,0.15261,3662.14877000,1
1505396642,21181371,0.15260,2623.43900872,1
1505396638,21181352,0.15261,2593.34586704,1
1505396636,21181338,0.15260,5474.01759762,1
1505396621,21181303,0.15253,350.00000000,1
1505396600,21181236,0.15253,595.55903500,1
1505396598,21181227,0.15300,1889.89931497,1
1505396597,21181222,0.15300,1307.10068503,1
1505396536,21180832,0.15252,100.00000000,1
1505396507,21180677,0.15257,245.00000000,0
1505396504,21180663,0.15256,1542.32996700,1
1505396497,21180627,0.15487,251.24129915,0
1505396497,21180624,0.15487,644.86343384,0
1505396496,21180620,0.15405,525.35058947,1
1505396492,21180601,0.15519,15335.22681873,1
1505396492,21180597,0.15487,92.08371656,0
1505396492,21180592,0.15451,117.00000000,0
1505396491,21180590,0.15441,4797.38053000,0
1505396491,21180588,0.15440,18076.83302900,1
1505396490,21180583,0.15364,4821.56151000,0
1505396490,21180581,0.15287,2487.29491780,1
1505396490,21180577,0.15287,2235.91037565,0
1505396489,21180567,0.15287,2610.07712435,0
1505396488,21180563,0.15285,271.25320000,0
1505396488,21180562,0.15285,1356.26599000,0
1505396486,21180552,0.15209,4870.66225000,0
1505396486,21180549,0.15204,440.61957324,0
1505396486,21180547,0.15204,10000.00000000,0
1505396484,21180537,0.15204,887.76442405,0
1505396483,21180531,0.15204,3768.92241400,0
1505396482,21180521,0.15204,1301.56008464,0
1505396482,21180518,0.15204,10000.00000000,0
1505396482,21180516,0.15204,10000.00000000,0
1505396481,21180515,0.15204,10000.00000000,0
1505396481,21180510,0.15204,2831.57194337,0
1505396481,21180507,0.15204,10000.00000000,0
1505396480,21180500,0.15204,2264.32160000,0
1505396479,21180491,0.15204,974.88600000,0
1505396475,21180456,0.15203,433.78682120,0
1505396474,21180448,0.15203,828.21741880,0
1505396469,21180430,0.15203,385.90930605,0
1505396468,21180419,0.15203,1295.43474395,0
1505396459,21180340,0.15204,20225.49995146,0
1505396459,21180334,0.15204,3815.28657000,0
1505396457,21180320,0.15203,2190.22592000,0
1505396457,21180316,0.15203,1495.96085000,0
1505396455,21180302,0.15156,4825.00583300,0
1505396455,21180301,0.15157,6082.83430000,1
1505396454,21180300,0.15158,6082.83430000,1
1505396454,21180299,0.15158,6082.83430000,1
1505396454,21180298,0.15158,0.00001700,1
1505396454,21180296,0.15191,1170.84125000,1
1505396452,21180282,0.15192,2500.00000000,1
1505396444,21180249,0.15204,839.19940000,0
1505396435,21180220,0.15204,8447.78485924,0
1505396435,21180217,0.15203,839.19942000,0
1505396433,21180208,0.15197,557.49516000,0
1505396431,21180193,0.15191,154.39269971,0
1505396419,21180120,0.15155,1000.00000000,0
1505396417,21180110,0.15155,417.16571700,0
1505396411,21180085,0.15151,2414.45634000,0
1505396404,21180033,0.15150,2286.97548787,0
1505396404,21180032,0.15150,862.41360213,0
1505396403,21180031,0.15147,90.00000000,0
1505396401,21180022,0.15147,1282.23760752,0
1505396401,21180021,0.15110,1973.00000000,0
1505396400,21180018,0.15147,2856.97649699,0
1505396400,21180017,0.15147,1286.91981159,0
1505396398,21180014,0.15147,688.67968603,0
1505396398,21180012,0.15147,636.83056280,0
1505396395,21179998,0.15147,4661.58794805,0
1505396394,21179991,0.15147,2850.28513896,0
1505396388,21179958,0.15145,2509.92138027,0
1505396388,21179955,0.15133,0.00004573,0
1505396367,21179879,0.15133,3553.87010000,0
1505396362,21179856,0.15067,238.12535000,1
1505396360,21179845,0.15133,1341.38974427,0
1505396349,21179785,0.15129,660.12294269,0
1505396337,21179721,0.15056,4920.10725000,0
1505396331,21179701,0.15025,434.14725441,0
1505396325,21179667,0.15025,539.43343012,0
1505396325,21179666,0.15000,434.14725488,0
1505396322,21179655,0.15000,3610.15597000,0
1505396322,21179653,0.15000,1000.00000000,0
1505396317,21179633,0.15000,200.00000000,0
1505396310,21179601,0.15000,2929.48565333,0
1505396288,21179506,0.14981,4944.87176000,0
1505396284,21179486,0.14980,35079.73744601,0
1505396284,21179485,0.14980,10000.00000000,0
1505396284,21179483,0.14980,10000.00000000,0
1505396283,21179478,0.14980,10000.00000000,0
1505396283,21179476,0.14980,10000.00000000,0
1505396283,21179474,0.14980,963.26822823,0
1505396283,21179473,0.14980,10000.00000000,0
1505396280,21179459,0.14980,10000.00000000,0
1505396280,21179457,0.14980,5327.13604806,0
1505396279,21179453,0.14980,10000.00000000,0
1505396279,21179452,0.14980,10000.00000000,0
1505396279,21179446,0.14980,10000.00000000,0
1505396278,21179443,0.14980,10000.00000000,0
1505396275,21179422,0.14980,10000.00000000,0
1505396274,21179420,0.14980,10000.00000000,0
1505396274,21179415,0.14980,10000.00000000,0
1505396273,21179407,0.14980,4834.85827770,0
1505396265,21179381,0.14953,566.93456000,0
1505396256,21179352,0.14948,10000.00000000,0
1505396256,21179351,0.14948,6339.23905227,0
1505396237,21179286,0.14900,1480.00000000,0
1505396237,21179285,0.14900,288.03503000,0
1505396237,21179284,0.14894,120.00000000,0
1505396235,21179276,0.14894,100.00000000,0
1505396233,21179269,0.14894,100.00000000,0
1505396229,21179239,0.14850,7946.00796974,0
1505396224,21179220,0.14850,67.17212121,0
1505396223,21179213,0.14850,1620.80523900,0
1505396219,21179203,0.14850,100.00000000,0
1505396211,21179157,0.14850,8013.18009100,0
1505396203,21179133,0.14848,100.00000000,0
1505396176,21179043,0.14894,60.00000000,0
1505396176,21179042,0.14892,35.00000000,0
1505396176,21179040,0.14891,5.00000000,0
1505396165,21179003,0.14793,90.87000000,0
1505396163,21178994,0.14862,125.00000000,1
1505396162,21178993,0.14891,30.00000000,0
1505396162,21178991,0.14890,35.00000000,0
1505396162,21178989,0.14890,35.00000000,0
1505396104,21178873,0.14894,35.00000000,1
1505396082,21178822,0.14897,669.60206753,0
1505396022,21178711,0.14800,1000.00000000,1
1505395983,21178623,0.14856,946.28082929,1
1505395981,21178609,0.14791,587.19450000,0
1505395931,21178478,0.14790,290.76719331,0
1505395904,21178423,0.14871,587.18310846,1
1505395879,21178392,0.14784,248.89252050,0
1505395859,21178351,0.14787,9100.00000000,0
1505395844,21178267,0.14795,333.36400000,0
1505395838,21178249,0.14795,337.10922609,0
1505395818,21178197,0.14724,3162.00000000,1
1505395818,21178196,0.14725,1973.00000000,1
1505395818,21178195,0.14725,1973.00000000,1
1505395818,21178194,0.14725,1973.00000000,1
1505395818,21178193,0.14725,3946.00000000,1
1505395818,21178192,0.14725,1973.00000000,1
1505395810,21178184,0.14726,1121.03345000,1
1505395810,21178181,0.14727,1428.01870000,1
1505395803,21178156,0.14844,3100.27803954,1
1505395761,21178055,0.14844,3621.46719700,1
1505395750,21178005,0.14732,11549.96522191,1
1505395750,21178004,0.14758,1422.30700000,1
1505395750,21178003,0.14759,2500.00000000,1
1505395750,21178002,0.14800,80.00000000,1
1505395746,21177989,0.14887,6592.60495734,0
1505395746,21177987,0.14886,1407.19890000,0
1505395744,21177982,0.14844,41.03175513,0
1505395731,21177936,0.14844,134.39854487,0
1505395717,21177892,0.14886,175.43027000,1
1505395701,21177849,0.14886,201.02902056,0
1505395694,21177823,0.14886,1675.19817277,0
1505395667,21177757,0.14892,100.00000000,0
1505395646,21177708,0.14898,6025.60983959,0
1505395607,21177610,0.14751,1451.84563759,1
1505395607,21177608,0.14751,3548.15436241,1
1505395604,21177590,0.14751,1349.97969950,1
1505395554,21177434,0.14751,100.00000000,1
1505395535,21177357,0.14900,3435.42569744,1
1505395531,21177346,0.14900,3711.01922000,1
1505395529,21177342,0.14900,350.00000000,1
1505395523,21177311,0.14900,350.00000000,1
1505395520,21177301,0.14900,289.31039200,1
1505395520,21177297,0.14900,2344.06051510,1
1505395519,21177289,0.14900,1435.20474500,1
1505395516,21177271,0.14900,2728.24211300,1
1505395515,21177264,0.14900,2724.21658900,1
1505395514,21177262,0.14900,5097.28469374,1
1505395512,21177249,0.14900,2720.20523490,1
1505395506,21177231,0.14948,665.98009034,1
1505395506,21177229,0.14948,2891.77693401,1
1505395506,21177225,0.14937,746.66620000,0
1505395506,21177222,0.14937,746.66620000,0
1505395505,21177219,0.14937,746.66620000,0
1505395505,21177214,0.14937,746.66620000,0
1505395505,21177213,0.14937,746.66620000,0
1505395505,21177211,0.14935,1391.22100000,0
1505395504,21177202,0.14907,2711.53224000,1
1505395503,21177200,0.14907,1969.30513299,0
1505395500,21177187,0.14900,1445.38289727,1
1505395482,21177117,0.14906,1200.00000000,0
1505395448,21177037,0.14921,4676.19876774,0
1505395432,21176958,0.14926,2498.38421743,0
1505395432,21176957,0.14926,3937.09498257,0
1505395431,21176949,0.14926,97.03731743,0
1505395425,21176909,0.14928,1002.28165800,0
1505395416,21176840,0.14932,1002.28165807,0
1505395415,21176838,0.14933,113.55789192,0
1505395415,21176832,0.14726,3946.00000000,1
1505395414,21176830,0.14726,4866.37678105,1
1505395414,21176827,0.14727,1052.62321895,1
1505395414,21176826,0.14727,1000.00000000,1
1505395413,21176824,0.14727,1330.87129500,1
1505395409,21176813,0.14727,4588.12870500,1
1505395409,21176812,0.14727,326.61773499,1
1505395409,21176810,0.14728,3523.42086501,1
1505395409,21176809,0.14728,2068.96140000,1
1505395408,21176806,0.14729,1000.00000000,1
1505395395,21176751,0.14936,49002.79805252,0
1505395395,21176748,0.14905,4969.88684000,0
1505395395,21176745,0.14878,499.65024482,0
1505395394,21176744,0.14868,71.75860000,0
1505395394,21176743,0.14865,71.75860000,0
1505395394,21176740,0.14830,4934.61989732,0
1505395392,21176726,0.14828,15099.39283000,0
1505395392,21176724,0.14828,350.13493534,0
1505395391,21176718,0.14828,235.43296466,0
1505395388,21176714,0.14828,802.95000000,0
1505395386,21176704,0.14728,2003.71096246,0
1505395386,21176702,0.14729,5025.55903754,1
1505395385,21176700,0.14730,2500.00000000,0
1505395384,21176697,0.14730,350.00000000,1
1505395377,21176653,0.14748,6122.54111900,1
1505395377,21176652,0.14748,2687.90630000,1
1505395371,21176621,0.14830,60.53641268,0
