date,tid,price,amount,type
1505433659,21260973,0.17119,505.48381500,1
1505433659,21260972,0.17119,358.68278657,1
1505433657,21260964,0.17120,135.31721343,1
1505433600,21260881,0.17104,1326.04348657,0
1505433598,21260876,0.17105,1461.36070000,0
1505433555,21260833,0.17019,654.00000000,1
1505433509,21260772,0.17016,320.00000000,1
1505433483,21260740,0.17016,410.00000000,1
1505433457,21260722,0.17013,314.60012400,1
1505433456,21260719,0.17013,411.00000000,1
1505433424,21260698,0.17010,100.00000000,1
1505433366,21260610,0.16942,12290.43524800,1
1505433347,21260552,0.17006,1535.73013375,1
1505433338,21260532,0.17209,10000.00000000,0
1505433327,21260483,0.17001,663.00000000,1
1505433314,21260421,0.17000,178.84246516,0
1505433312,21260411,0.17000,4253.07725300,0
1505433312,21260408,0.17000,3756.10220300,0
1505433134,21259998,0.16999,178.84247058,0
1505433073,21259853,0.17000,539.82688235,0
1505433050,21259745,0.17000,2678.91299939,0
1505433029,21259673,0.17000,2678.91299939,0
1505433029,21259672,0.17000,178.84138661,0
1505433029,21259671,0.16999,142.93271300,0
1505433029,21259670,0.16998,5657.00000000,0
1505433029,21259668,0.16996,1288.63736000,0
1505432998,21259605,0.16998,6419.33144000,0
1505432987,21259585,0.16996,9307.17800000,0
1505432978,21259562,0.16998,334.78500000,0
1505432968,21259541,0.16970,360.00000000,0
1505432906,21259443,0.16932,2000.00000000,0
1505432872,21259401,0.16932,22001.20216158,1
1505432822,21259286,0.16950,7671.80231720,1
1505432810,21259268,0.16950,12328.19768280,1
1505432776,21259174,0.16990,4406.05247248,1
1505432769,21259154,0.16990,844.11869400,1
1505432749,21259087,0.16990,2546.80259752,1
1505432748,21259085,0.16990,4406.05247200,1
1505432744,21259069,0.16990,5729.14174400,1
1505432743,21259065,0.16990,2067.83202000,1
1505432743,21259062,0.16993,2500.00000000,1
1505432732,21259032,0.16999,19787.67598300,0
1505432714,21258988,0.16992,178.93611764,0
1505432712,21258979,0.16992,588.52116569,1
1505432704,21258950,0.17000,2949.42024200,0
1505432704,21258945,0.17000,2005.90824718,0
1505432703,21258939,0.17000,6337.64147517,0
1505432696,21258914,0.17000,29677.60811241,1
1505432696,21258912,0.17001,9499.49245000,1
1505432687,21258886,0.17002,2005.90824718,1
1505432687,21258884,0.17095,1562.34428459,0
1505432686,21258881,0.17000,322.39188759,1
1505432686,21258880,0.17000,17631.81712941,1
1505432686,21258879,0.17000,1000.00000000,1
1505432685,21258877,0.17001,6204.36253517,1
1505432685,21258876,0.17005,93.27894000,1
1505432685,21258875,0.17010,40.00000000,1
1505432685,21258874,0.17020,40.00000000,1
1505432685,21258873,0.17025,1423.32738500,1
1505432684,21258872,0.17040,99.01689959,1
1505432676,21258862,0.17098,87.67530000,0
1505432665,21258837,0.17099,2005.90824718,0
1505432665,21258836,0.17099,6988.55293511,0
1505432651,21258824,0.17099,787.55096789,0
1505432624,21258785,0.17095,911.43282465,0
1505432619,21258775,0.17095,505.90056735,0
1505432601,21258729,0.17096,1417.41629574,1
1505432601,21258728,0.17099,1190.93820126,1
1505432557,21258667,0.17100,0.35567369,0
1505432557,21258665,0.17100,508.04004448,0
1505432551,21258642,0.17100,1191.70323463,0
1505432542,21258612,0.17100,4412.90104727,0
1505432542,21258610,0.17099,1423.32739000,0
1505432525,21258558,0.17082,1000.00000000,1
1505432485,21258492,0.17113,6250.04276356,0
1505432485,21258491,0.17113,749.95723644,0
1505432474,21258471,0.17085,1415.63690000,1
1505432473,21258470,0.17080,68.03089000,1
1505432473,21258469,0.17081,5000.00000000,1
1505432473,21258468,0.17084,2500.00000000,1
1505432472,21258465,0.17239,1415.63690000,0
1505432472,21258464,0.17229,7568.03089000,0
1505432452,21258373,0.17080,1074.75683228,1
1505432452,21258371,0.17100,101.00000000,1
1505432452,21258370,0.17108,5500.00000000,1
1505432452,21258368,0.17110,40.00000000,1
1505432452,21258366,0.17110,40.00000000,1
1505432452,21258365,0.17153,2958.08270000,1
1505432452,21258364,0.17153,74.38630020,1
1505432452,21258363,0.17216,0.00001398,1
1505432452,21258362,0.17229,117.66816048,1
1505432451,21258360,0.17229,1255.96982952,1
1505432449,21258354,0.17243,9905.89400694,0
1505432440,21258301,0.17229,454.68836500,1
1505432439,21258295,0.17229,1497.22004500,1
1505432404,21258111,0.17250,69.39130400,0
1505432352,21258003,0.17200,3325.54638602,0
1505432336,21257972,0.17200,267.70256000,0
1505432316,21257936,0.17153,2883.69639980,1
1505432315,21257934,0.17153,0.00003820,1
1505432283,21257891,0.17200,3698.13352700,0
1505432283,21257890,0.17200,14469.38976000,0
1505432275,21257869,0.17200,2453.41627041,0
1505432269,21257857,0.17200,5509.52920757,0
1505432265,21257849,0.17200,6522.28228900,0
1505432203,21257709,0.17200,1642.74787167,0
1505432197,21257692,0.17200,2351.55328798,0
1505432192,21257669,0.17200,3537.91577082,0
1505432190,21257664,0.17200,21262.61557000,0
1505432190,21257663,0.17200,25615.54994000,0
1505432190,21257660,0.17200,1408.12389291,0
1505432186,21257650,0.17200,3538.58452722,0
1505432186,21257647,0.17200,5657.00000000,0
1505432185,21257639,0.17200,5657.00000000,0
1505432183,21257630,0.17200,5875.66363300,0
1505432181,21257624,0.17200,3064.67719000,0
1505432179,21257618,0.17200,388.56831640,0
1505432149,21257486,0.17181,7405.89400694,1
1505432133,21257461,0.17154,2500.00000000,1
1505432057,21257346,0.17168,848.75071500,0
1505432056,21257345,0.17170,1152.10000000,1
1505432056,21257343,0.17168,1156.14928500,1
1505432055,21257340,0.17171,2500.00000000,1
1505432005,21257229,0.17364,574.52528219,0
1505431954,21257169,0.17260,12587.51000800,1
1505431954,21257168,0.17261,14561.00080000,1
1505431916,21257094,0.17300,3904.75427886,0
1505431878,21257005,0.17300,4325.29854700,0
1505431853,21256952,0.17295,4932.72320000,0
1505431851,21256948,0.17155,2432.72320000,1
1505431851,21256947,0.17156,2500.00000000,1
1505431848,21256944,0.17296,9905.89400694,0
1505431839,21256924,0.17154,5916.16543800,1
1505431838,21256923,0.17150,2958.08266180,0
1505431829,21256915,0.17150,3665.96213100,0
1505431826,21256906,0.17111,7500.00000000,1
1505431825,21256899,0.17150,7500.00000000,0
1505431823,21256893,0.17111,2405.89400694,1
1505431823,21256892,0.17112,5000.00000000,1
1505431823,21256891,0.17112,2500.00000000,1
1505431818,21256872,0.17150,1455.80046700,0
1505431808,21256841,0.17150,276.98895600,0
1505431807,21256840,0.17150,11646.73457726,0
1505431801,21256805,0.17150,2300.00000000,0
1505431792,21256787,0.17150,9905.89400694,0
1505431791,21256784,0.17150,5090.53720000,0
1505431787,21256779,0.17111,9380.28000000,1
1505431787,21256778,0.17120,40.00000000,1
1505431761,21256719,0.17198,2567.49733300,0
1505431689,21256548,0.17123,1334.83541000,1
1505431689,21256546,0.17123,81.85629000,1
1505431685,21256525,0.17279,1416.69170000,0
1505431617,21256370,0.17143,72116.00152200,1
1505431533,21256073,0.17300,11769.94717414,0
1505431533,21256072,0.17300,37.54438655,1
1505431533,21256070,0.17298,1435.41790000,1
1505431531,21256065,0.17250,43.41449832,0
1505431522,21256011,0.17200,5335.48134000,0
1505431521,21256001,0.17198,1181.47337561,0
1505431521,21255999,0.17198,12175.20422504,0
1505431518,21255983,0.17200,2500.00000000,0
1505431518,21255979,0.17200,16616.65900000,0
1505431516,21255976,0.17200,998.50000000,1
1505431516,21255975,0.17201,2691.47476000,1
1505431516,21255973,0.17204,1777.88490000,1
1505431516,21255971,0.17210,40.00000000,1
1505431516,21255970,0.17220,40.00000000,1
1505431508,21255949,0.17250,1673.86086400,0
1505431500,21255926,0.17250,3282.72463768,1
1505431492,21255876,0.17250,9109.27536232,1
1505431492,21255873,0.17251,2500.00000000,1
1505431470,21255776,0.17317,137.61380000,0
1505431339,21255410,0.17257,1308.90400000,1
1505431322,21255337,0.17251,794.66600000,1
1505431315,21255314,0.17376,43.06610000,0
1505431307,21255255,0.17251,8824.07914266,1
1505431306,21255251,0.17270,1175.92085734,1
1505431301,21255201,0.17270,1196.41069766,0
1505431300,21255195,0.17270,1175.92086234,0
1505431294,21255143,0.17271,1905.00000000,1
1505431267,21254967,0.17290,1956.94982769,1
1505431262,21254948,0.17290,1615.47604976,1
1505431261,21254945,0.17299,93.43144000,1
1505431261,21254944,0.17300,2638.00000000,1
1505431261,21254943,0.17300,3058.98651718,1
1505431261,21254942,0.17301,2500.00000000,1
1505431259,21254935,0.17476,9905.89400694,0
1505431248,21254910,0.17301,8492.71650694,1
1505431248,21254908,0.17302,1413.17750000,1
1505431240,21254884,0.17487,8472.64810694,0
1505431240,21254883,0.17377,1433.24590000,0
1505431236,21254821,0.17301,8430.25600694,1
1505431236,21254818,0.17302,1475.63800000,1
1505431225,21254781,0.17377,86.88972014,1
1505431039,21254361,0.17546,56.85654850,0
1505431016,21254314,0.17550,2017.74763533,0
1505430974,21254274,0.17450,790.62747300,0
1505430974,21254273,0.17450,3603.95985800,0
1505430974,21254272,0.17450,5605.41266900,0
1505430839,21254099,0.17450,90.88635286,0
1505430839,21254098,0.17450,1086.80000000,0
1505430839,21254096,0.17450,215.19999958,0
1505430838,21254094,0.17450,0.00000042,0
1505430838,21254093,0.17450,1392.90000000,0
1505430838,21254092,0.17450,1790.19447658,0
1505430838,21254091,0.17450,709.80552342,0
1505430838,21254090,0.17450,462.10450958,0
1505430837,21254087,0.17450,1086.79549042,0
1505430837,21254086,0.17450,215.23660258,0
1505430833,21254078,0.17450,1392.88214433,0
1505430831,21254075,0.17450,2500.00000000,0
1505430830,21254073,0.17450,1548.88125309,1
1505430820,21254056,0.17450,2962.10451000,0
1505430819,21254055,0.17450,7037.89549000,0
1505430548,21253293,0.17448,10000.00000000,0
1505430521,21253201,0.17450,135.24000000,0
1505430520,21253198,0.17450,135.24000000,0
1505430520,21253197,0.17450,135.24000000,0
1505430520,21253194,0.17448,135.24000000,0
1505430519,21253190,0.17400,135.24000000,0
1505430516,21253176,0.17400,1054.85000000,0
1505430513,21253171,0.17400,8809.91000000,0
1505430512,21253167,0.17398,586.39900000,0
1505430470,21253042,0.17300,5022.25603395,0
1505430469,21253039,0.17300,2500.00000000,0
1505430468,21253038,0.17300,156.83236994,1
1505430468,21253036,0.17302,1028.00000000,1
1505430468,21253035,0.17310,40.00000000,1
1505430468,21253034,0.17366,80.71030000,1
1505430468,21253033,0.17400,1172.20129611,1
1505430462,21253024,0.17400,1432.30575630,0
1505430460,21253015,0.17400,1171.63037597,0
1505430456,21253004,0.17400,2397.00818208,0
1505430452,21252997,0.17401,3269.99915696,1
1505430452,21252996,0.17401,1729.05652869,1
1505430451,21252990,0.17401,2396.62032896,0
1505430448,21252981,0.17401,2862.97000000,0
1505430447,21252975,0.17401,1969.11380000,0
1505430444,21252968,0.17401,1308.90133552,0
1505430440,21252966,0.17401,424.39900000,0
1505430439,21252963,0.17401,1404.17000000,0
1505430439,21252962,0.17401,1308.90133552,0
1505430438,21252961,0.17401,2528.54000000,0
1505430437,21252958,0.17401,583.04600000,0
1505430437,21252954,0.17401,1401.81170000,0
1505430436,21252953,0.17400,1169.95430784,1
1505430435,21252952,0.17401,3792.51650000,1
1505430311,21252870,0.17419,1415.17610000,1
1505430303,21252862,0.17502,9947.58420000,0
1505430303,21252861,0.17502,1690.75277100,1
1505430302,21252859,0.17597,9905.89400694,0
1505430300,21252855,0.17514,8724.90327000,1
1505430300,21252854,0.17514,8396.98150000,1
1505430300,21252853,0.17515,1603.01850000,1
1505430259,21252824,0.17500,0.00002900,0
1505430259,21252823,0.17500,1690.75280000,0
1505430253,21252820,0.17500,1618.49434200,0
1505430241,21252801,0.17500,1690.75282900,0
1505430219,21252754,0.17419,0.00000016,0
1505430219,21252753,0.17419,6095.21490000,0
1505430218,21252750,0.17419,2500.00000000,1
1505430217,21252749,0.17501,1404.78510000,1
1505430204,21252722,0.17500,7145.38575000,1
1505430203,21252718,0.17500,10000.00000000,0
1505430202,21252715,0.17498,7942.74193000,0
1505430202,21252714,0.17498,2057.25807000,0
1505430199,21252711,0.17417,12844.65224000,1
1505430199,21252710,0.17418,17155.34776000,1
1505429998,21252579,0.17558,4123.89250086,1
1505429998,21252578,0.17558,10563.40667900,1
1505429935,21252470,0.17558,126.11006051,0
1505429935,21252468,0.17500,13502.77537782,0
1505429935,21252467,0.17498,9185.74218000,0
1505429930,21252448,0.17400,0.00000028,0
1505429929,21252440,0.17400,2968.76896700,0
1505429928,21252438,0.17400,10077.92460500,0
1505429927,21252436,0.17410,40.00000000,1
1505429927,21252435,0.17460,36913.00000000,1
1505429918,21252426,0.17468,14535.77735071,1
1505429918,21252425,0.17469,2500.00000000,1
1505429918,21252423,0.17470,21568.11000000,1
1505429786,21252287,0.17500,957.24467900,0
1505429782,21252284,0.17500,535.00000000,1
1505429781,21252282,0.17515,4.97994318,1
1505429568,21252026,0.17500,7108.36005682,0
1505429556,21252019,0.17500,308.77500000,0
1505429527,21251994,0.17550,313.56400000,0
1505429521,21251977,0.17550,5657.00000000,0
1505429520,21251976,0.17574,672.77430000,1
1505429520,21251975,0.17574,672.77430000,1
1505429520,21251974,0.17575,0.00004929,1
1505429495,21251949,0.17598,189.27711448,0
1505429492,21251947,0.17598,619.20181835,1
1505429490,21251932,0.17600,2582.86494318,0
1505429455,21251866,0.17600,10000.00000000,1
1505429453,21251865,0.17599,619.00000000,1
1505429368,21251741,0.17550,672.77425071,0
1505429362,21251729,0.17550,5657.00000000,0
1505429356,21251716,0.17550,1456.00000000,0
1505429356,21251714,0.17550,341.02774929,0
1505429354,21251713,0.17550,1465.39000000,0
1505429339,21251687,0.17523,3933.39161163,0
1505429338,21251685,0.17524,2500.00000000,1
1505429338,21251684,0.17525,3566.60838837,1
1505429327,21251668,0.17550,407.80800000,0
1505429092,21251269,0.17550,6141.34560000,0
1505429079,21251253,0.17550,377.03400000,0
1505429022,21251209,0.17550,1384.23440000,0
1505429021,21251207,0.17550,2097.38600000,0
1505428998,21251179,0.17550,2.49667931,0
1505428998,21251177,0.17550,3566.60838837,0
1505428993,21251170,0.17550,999.30048965,0
1505428993,21251168,0.17550,5431.59444267,0
1505428993,21251167,0.17548,4568.40549000,0
1505428933,21251121,0.17600,2830.23727272,1
1505428933,21251119,0.17601,994.02220700,1
1505428931,21251117,0.17601,413.73579300,1
1505428792,21250955,0.17713,2816.02704229,0
1505428675,21250699,0.17783,456.33000000,0
1505428666,21250686,0.17736,1409.34400000,0
1505428663,21250684,0.17698,2593.28143100,0
1505428658,21250682,0.17698,6101.59000000,0
1505428656,21250680,0.17700,2824.63090576,1
1505428653,21250677,0.17700,615.00000000,1
1505428652,21250676,0.17701,1930.76050000,0
1505428643,21250658,0.17701,1371.24720000,1
1505428628,21250622,0.17703,546.00000000,1
1505428614,21250580,0.17700,7300.00114890,1
1505428613,21250579,0.17701,2500.00000000,1
1505428604,21250559,0.17706,519.00000000,1
1505428580,21250528,0.17700,546.00000000,1
1505428422,21250281,0.17760,1685.99760700,1
1505428421,21250280,0.17760,7514.00239300,1
1505428348,21250136,0.17787,501.83377786,1
1505428337,21250113,0.17787,780.53200000,1
1505428334,21250111,0.17787,11258.78450554,1
1505428323,21250101,0.17787,673.59300000,1
1505428322,21250099,0.17787,1358.91000000,1
1505428321,21250098,0.17787,781.36800000,1
1505428306,21250094,0.17787,674.48300000,1
1505428306,21250092,0.17787,851.78353599,1
1505428303,21250088,0.17787,519.00000000,1
1505428295,21250083,0.17787,4149.71760000,1
1505428290,21250077,0.17787,1846.74592100,1
1505428290,21250076,0.17787,7085.81187600,1
1505428289,21250075,0.17787,853.56900000,1
1505428289,21250074,0.17787,1640.76190800,1
1505428289,21250072,0.17787,3938.72428000,1
1505428287,21250069,0.17787,1847.07412215,1
1505428287,21250067,0.17769,2112.57920000,0
1505428286,21250066,0.17701,491.00000000,0
1505428233,21249977,0.17701,519.00000000,1
1505428207,21249928,0.17685,491.00000000,1
1505428183,21249914,0.17677,519.00000000,1
1505428159,21249907,0.17666,491.00000000,1
1505427909,21249650,0.17570,85112.58157700,1
1505427908,21249649,0.17578,7296.93180000,1
1505427908,21249648,0.17578,3659.31740000,1
1505427908,21249647,0.17579,12810.14000000,1
1505427818,21249481,0.17525,1947.67540765,0
1505427818,21249480,0.17544,539.62226441,1
1505427817,21249479,0.17613,80.15964000,1
1505427817,21249478,0.17640,23248.00000000,1
1505427817,21249477,0.17641,5000.00000000,0
1505427817,21249476,0.17662,2500.00000000,1
1505427816,21249475,0.17664,536.62436294,1
1505427816,21249474,0.17683,537.00000000,1
1505427816,21249473,0.17683,537.00000000,1
1505427815,21249472,0.17684,537.00000000,1
1505427815,21249471,0.17684,537.00000000,1
1505427815,21249468,0.17690,537.00000000,1
1505427815,21249467,0.17701,1775.87900000,0
1505427813,21249465,0.17701,2500.00000000,1
1505427784,21249416,0.17813,55.98585600,0
1505427783,21249415,0.17696,535.00000000,1
1505427699,21249343,0.17820,11175.59100000,1
1505427697,21249342,0.17820,10000.00000000,1
1505427697,21249340,0.17820,483.00000000,1
1505427692,21249333,0.17820,291.00000000,0
1505427653,21249257,0.17695,500.00000000,1
1505427629,21249235,0.17691,537.00000000,1
1505427605,21249160,0.17695,486.00000000,1
1505427581,21249114,0.17664,537.00000000,0
1505427535,21249046,0.17659,489.00000000,1
1505427505,21248982,0.17654,1269.22584850,1
1505427475,21248920,0.17841,894.18289334,0
1505427465,21248904,0.17879,1385.45629950,0
1505427465,21248902,0.17802,2000.47866450,0
1505427461,21248890,0.17643,7783.41064000,1
1505427459,21248878,0.17799,2771.24287882,1
1505427453,21248871,0.17799,2501.75000000,1
1505427450,21248858,0.17802,1792.25002029,1
1505427450,21248855,0.17802,486.00000000,1
1505427446,21248847,0.17800,8625.48680000,1
1505427446,21248845,0.17801,1374.51320000,1
1505427444,21248841,0.17894,1394.69979960,0
1505427444,21248840,0.17884,1701.81668240,0
1505427438,21248826,0.17896,1775.22044692,0
1505427438,21248825,0.17891,1578.84310000,0
1505427438,21248823,0.17890,6231.43885600,0
1505427430,21248807,0.17893,719.21197581,1
1505427430,21248803,0.17801,486.00000000,0
1505427418,21248775,0.17800,500.10240000,1
1505427418,21248774,0.17806,1396.85510000,1
1505427402,21248717,0.17804,506.00000000,1
1505427402,21248715,0.17863,31.00000000,1
1505427398,21248702,0.17896,1775.22050000,0
1505427398,21248701,0.17863,79.58036000,0
1505427381,21248546,0.17797,1680.02401940,0
1505427378,21248536,0.17630,63.86665533,1
1505427378,21248535,0.17631,422.13334467,1
1505427371,21248489,0.17797,4107.63582702,0
1505427366,21248467,0.17797,784.35094600,0
1505427364,21248456,0.17797,3427.98920758,0
1505427364,21248455,0.17795,4749.75434000,0
1505427364,21248454,0.17762,784.35094642,0
1505427362,21248451,0.17697,2911.11415697,0
1505427360,21248444,0.17698,9338.85004786,0
1505427355,21248424,0.17762,199.36905358,0
1505427354,21248416,0.17685,537.00000000,1
1505427350,21248392,0.17678,1336.13133100,1
1505427350,21248390,0.17683,2671.29130000,1
1505427350,21248389,0.17683,2671.29130000,1
1505427350,21248388,0.17684,17004.75517000,1
1505427350,21248387,0.17684,2671.29128175,1
1505427347,21248377,0.17680,0.00001825,0
1505427346,21248375,0.17680,1336.01585981,0
1505427346,21248373,0.17678,1335.27544019,0
1505427342,21248367,0.17678,5272.88728165,0
1505427341,21248361,0.17678,1336.01587800,0
1505427340,21248358,0.17678,3201.65807400,0
1505427335,21248332,0.17678,2037.52423512,0
1505427330,21248308,0.17678,7944.17860000,0
1505427329,21248304,0.17678,2037.39049104,0
1505427324,21248293,0.17678,10000.00000000,0
1505427311,21248267,0.17544,24.52350695,0
1505427310,21248265,0.17544,515.47649305,0
1505427306,21248258,0.17679,1744.66755329,0
1505427304,21248243,0.17679,1696.92855931,0
1505427303,21248239,0.17679,2000.00000000,0
1505427297,21248224,0.17679,785.00000000,0
1505427258,21248178,0.17679,10000.00000000,0
1505427249,21248148,0.17679,1871.49485664,0
1505427244,21248140,0.17679,1871.49485664,0
1505427238,21248129,0.17679,1871.49485664,0
1505427233,21248106,0.17679,1871.49485664,0
1505427197,21247997,0.17680,56.41968300,0
1505427183,21247951,0.17680,1386.71070000,0
1505427181,21247936,0.17680,1418.88929200,1
1505427180,21247933,0.17678,2000.00000000,0
1505427180,21247932,0.17677,2000.00000000,0
1505427180,21247930,0.17677,2000.00000000,0
1505427180,21247929,0.17676,2000.00000000,0
1505427180,21247928,0.17676,2000.00000000,0
1505427179,21247926,0.17676,2000.00000000,0
1505427179,21247925,0.17676,2000.00000000,0
1505427179,21247923,0.17675,725.48785000,0
1505427179,21247922,0.17649,817.79825927,0
1505427133,21247777,0.17671,28.22437893,0
1505427129,21247744,0.17528,3392.46250091,0
1505427125,21247726,0.17464,716.32826118,1
1505427124,21247720,0.17528,450.00000000,0
1505427117,21247684,0.17546,1400.02850000,0
1505427106,21247632,0.17528,898.42089371,0
1505427100,21247619,0.17528,895.90289638,0
1505427096,21247607,0.17528,180.99893576,0
1505427092,21247600,0.17528,20107.38778838,0
1505427091,21247598,0.17526,8043.99806000,0
1505427091,21247597,0.17525,1405.92320000,0
1505427072,21247555,0.17526,6424.37420000,0
1505426978,21247382,0.17548,524.20300000,0
1505426944,21247302,0.17487,11934.38698800,1
1505426840,21247173,0.17634,2000.14413500,0
1505426789,21247060,0.17668,2234.89801450,1
1505426788,21247059,0.17600,700.00000000,0
1505426788,21247057,0.17597,1770.89710000,0
1505426786,21247055,0.17520,20.99898550,0
1505426717,21246969,0.17500,621.31634350,1
1505426716,21246967,0.17500,362.40540650,1
1505426716,21246966,0.17500,3680.44151950,1
1505426576,21246874,0.17520,219.19091050,0
1505426552,21246849,0.17520,369.81010400,0
1505426515,21246822,0.17512,518.00000000,1
1505426504,21246808,0.17675,9757.05093391,0
1505426504,21246807,0.17674,1511.66566709,0
1505426488,21246782,0.17500,3683.01786385,0
1505426487,21246775,0.17500,6557.46531700,0
1505426486,21246774,0.17500,1164.79800000,0
1505426486,21246773,0.17500,22078.83077728,0
1505426455,21246736,0.17450,305.78973500,1
1505426455,21246734,0.17500,56.00000000,1
1505426455,21246733,0.17501,1417.60708300,1
1505426455,21246732,0.17510,40.00000000,1
1505426454,21246730,0.17598,91.04863000,1
1505426454,21246728,0.17610,40.00000000,1
1505426454,21246727,0.17613,79.58036000,1
1505426452,21246724,0.17620,40.00000000,1
1505426436,21246699,0.17637,943.43687000,0
1505426435,21246697,0.17700,2000.00000000,1
1505426434,21246690,0.17770,935.46159763,0
1505426430,21246673,0.17640,12880.57772700,1
1505426430,21246672,0.17641,3818.98311000,1
1505426407,21246609,0.17641,469.99732795,1
1505426407,21246607,0.17700,539.43898305,1
1505426406,21246602,0.17701,1380.71740000,1
1505426293,21246472,0.17798,101.82527500,0
1505426289,21246467,0.17798,101.83645500,0
1505426285,21246456,0.17798,101.79163347,0
1505426186,21246225,0.17705,13047.94000000,1
1505426168,21246206,0.17894,613.19816698,0
1505426087,21246042,0.17883,9600.00000000,0
1505426028,21245958,0.17900,27.87576045,0
1505426026,21245956,0.17918,27.87420471,0
1505426025,21245955,0.17863,2750.20293300,1
1505426016,21245950,0.17919,27.87264914,0
1505426011,21245947,0.17920,27.87109375,0
1505426010,21245945,0.17920,27.87109375,0
1505426010,21245944,0.17920,27.87109375,0
1505426009,21245943,0.17920,27.87109375,0
1505426009,21245941,0.17920,27.87109375,0
1505426008,21245940,0.17920,27.87109375,0
1505426007,21245939,0.17920,27.87109375,0
1505426007,21245938,0.17920,27.87109375,0
1505426006,21245937,0.17920,27.87109375,0
1505426004,21245936,0.17919,27.87264914,0
1505425973,21245907,0.17920,27.87109375,0
1505425973,21245906,0.17920,27.87109375,0
1505425972,21245905,0.17920,27.87109375,0
1505425972,21245904,0.17920,27.87109375,0
1505425971,21245902,0.17920,27.87109375,0
1505425971,21245900,0.17920,27.87109375,0
1505425970,21245899,0.17920,27.87109375,0
1505425969,21245896,0.17920,27.87109375,0
1505425967,21245894,0.17920,27.87109375,0
1505425965,21245892,0.17920,27.87109375,0
1505425963,21245890,0.17919,27.87264914,0
1505425913,21245830,0.17919,27.87264914,0
1505425888,21245807,0.17900,16704.37027000,0
1505425852,21245781,0.17911,27.88509854,0
1505425848,21245778,0.17914,27.88042871,0
1505425845,21245774,0.17915,27.87109375,0
1505425843,21245770,0.17805,1385.79500000,1
1505425841,21245769,0.17820,1513.80358000,1
1505425840,21245768,0.17917,27.87420471,0
1505425836,21245764,0.17820,30121.49859600,1
1505425835,21245763,0.17918,27.87420471,0
1505425827,21245754,0.17917,27.87576045,0
1505425825,21245748,0.17917,27.87576045,0
1505425824,21245747,0.17919,27.87264914,0
1505425822,21245743,0.17821,150.71058500,1
1505425822,21245742,0.17822,1363.09300000,1
1505425821,21245739,0.17920,27.87109375,0
1505425819,21245737,0.17970,27.79354480,0
1505425818,21245733,0.17970,27.79354480,0
1505425814,21245727,0.17821,1200.00000000,1
1505425811,21245722,0.17970,83.63600000,0
1505425784,21245675,0.17820,1529.57834929,0
1505425759,21245644,0.17648,36.44052924,0
1505425757,21245641,0.17710,923.55947076,0
1505425757,21245639,0.17710,40.00000000,1
1505425732,21245608,0.17820,17091.25935400,1
1505425732,21245607,0.17840,208.52300448,1
1505425687,21245572,0.17863,78.46623000,1
1505425629,21245486,0.17988,1958.41322748,0
1505425625,21245471,0.17880,20345.44638568,1
1505425625,21245469,0.17995,5693.08159432,1
1505425625,21245467,0.17996,3997.47202000,1
1505425620,21245461,0.18073,27.63514635,0
1505425618,21245452,0.17995,6399.80398500,1
1505425617,21245451,0.17996,2699.25364800,1
1505425615,21245448,0.17996,9393.63193100,1
1505425615,21245446,0.17996,269.27753500,1
1505425576,21245408,0.17999,1363.80220000,0
1505425575,21245405,0.17906,530.00000000,1
1505425570,21245401,0.18000,9250.89406149,0
1505425511,21245262,0.18080,920.24336283,0
1505425503,21245251,0.18111,39946.66367770,0
1505425503,21245250,0.18111,8027.18299000,1
1505425503,21245249,0.18111,3260.45779000,1
1505425503,21245248,0.18111,3306.35765300,1
1505425503,21245246,0.18111,2186.72980300,1
1505425502,21245244,0.18111,10000.00000000,1
1505425501,21245237,0.18109,3259.75746867,1
1505425500,21245234,0.18109,2128.85214000,0
1505425495,21245223,0.17896,2076.05594080,1
1505425488,21245181,0.18116,27.56955178,0
1505425487,21245175,0.18117,27.56803003,0
1505425485,21245168,0.18117,27.56803003,0
1505425481,21245157,0.17887,530.00000000,1
1505425481,21245156,0.18119,67112.19604275,0
1505425480,21245155,0.18110,36.00000000,0
1505425480,21245154,0.18110,35.00000000,0
1505425480,21245153,0.18020,21.12463929,0
1505425479,21245151,0.18020,18.87536071,0
1505425479,21245150,0.18010,7.26818434,0
1505425478,21245147,0.18010,27.73181566,0
1505425478,21245146,0.18000,1.57866710,0
1505425476,21245140,0.18000,27.74722222,0
1505425476,21245138,0.18000,27.74722222,0
1505425475,21245137,0.18000,27.74722222,0
1505425474,21245135,0.18000,27.74722222,0
1505425473,21245133,0.18000,27.74722222,0
1505425469,21245128,0.18000,859.68522180,0
1505425469,21245127,0.18000,30.00000000,0
1505425469,21245126,0.18000,100.00000000,0
1505425469,21245124,0.18000,400.00000000,0
1505425469,21245122,0.18000,169.37143249,0
1505425469,21245121,0.17995,522.45068071,0
1505425468,21245116,0.17995,27.75493193,0
1505425467,21245114,0.17995,27.75493193,0
1505425467,21245112,0.17995,27.75493193,0
1505425465,21245101,0.17995,27.75493193,0
1505425456,21245074,0.17995,27.75493193,0
1505425451,21245060,0.17995,27.75493193,0
1505425450,21245058,0.17995,27.75493193,0
1505425447,21245051,0.17868,395.06515860,1
1505425447,21245050,0.17868,3104.93484140,1
1505425439,21245037,0.17995,27.75493193,0
1505425438,21245036,0.17995,27.75493193,0
1505425435,21245034,0.17995,27.75493192,0
1505425433,21245033,0.17960,1972.19097996,0
1505425433,21245032,0.17900,621.00000000,0
1505425425,21245024,0.17900,30.00000000,0
1505425415,21245016,0.17849,534.66000000,1
1505425414,21245013,0.17848,43.12000000,1
1505425409,21245004,0.17960,27.80902004,0
1505425376,21244916,0.17828,676.00000000,1
1505425358,21244893,0.17950,1195.00000000,0
1505425349,21244879,0.17920,40.00000000,0
1505425349,21244878,0.17910,40.00000000,0
1505425349,21244877,0.17903,90.13934000,0
1505425349,21244876,0.17878,968.19000000,0
1505425349,21244875,0.17849,78.33204000,0
1505425348,21244874,0.17820,40.00000000,0
1505425348,21244873,0.17810,33.74064600,0
1505425328,21244824,0.17810,6.25935400,0
1505425328,21244823,0.17800,8940.54064600,0
1505425322,21244812,0.17800,6571.45935400,0
1505425322,21244809,0.17798,9860.13660000,0
1505425282,21244723,0.17760,1040.00000000,1
1505425277,21244705,0.17714,1000.00000000,0
1505425277,21244704,0.17710,40.00000000,0
1505425269,21244688,0.17706,4501.91480700,0
1505425212,21244578,0.17654,28.29103886,0
1505425205,21244565,0.17587,173.36662800,0
1505425199,21244557,0.17655,28.28943642,0
1505425189,21244553,0.17659,2711.38224135,0
1505425186,21244545,0.17501,3582.39291700,1
1505425186,21244544,0.17514,2500.00000000,1
1505425185,21244542,0.17515,5694.96341000,1
1505425178,21244532,0.17517,1392.58310000,1
1505425178,21244531,0.17542,270.75064482,1
1505425139,21244468,0.17633,28.32473204,0
1505425134,21244458,0.17542,115.08000000,1
1505425109,21244431,0.17640,304.01810979,0
1505425074,21244394,0.17670,28.26542162,0
1505425063,21244375,0.17542,113.81960000,1
1505425033,21244343,0.17537,667.07534500,1
1505425024,21244330,0.17541,1031.40830000,1
1505424985,21244307,0.17698,3066.34604398,1
1505424985,21244306,0.17698,1090.70064200,1
1505424984,21244303,0.17698,3805.78449543,1
1505424981,21244300,0.17696,2500.00000000,0
1505424981,21244299,0.17691,603.75837673,0
1505424910,21244201,0.17678,28.25263039,0
1505424903,21244193,0.17681,28.24464175,0
1505424901,21244190,0.17683,28.24464175,0
1505424901,21244189,0.17683,16.65441384,1
1505424900,21244188,0.17710,28.20158102,1
1505424900,21244187,0.17610,11.63827371,0
1505424899,21244184,0.17610,28.36172629,0
1505424898,21244182,0.17518,600.12060134,1
1505424898,21244181,0.17598,35.85080000,1
1505424898,21244180,0.17599,26.02859866,1
1505424897,21244176,0.17599,2.35085472,0
1505424895,21244173,0.17599,28.37945338,0
1505424893,21244169,0.17599,28.37945338,0
1505424890,21244167,0.17599,20.91010852,0
1505424888,21244166,0.17598,7.46974191,0
1505424886,21244164,0.17598,28.38106603,0
1505424885,21244162,0.17598,28.38106603,0
1505424879,21244158,0.17598,28.38106603,0
1505424822,21244016,0.17516,1018.80313976,0
1505424811,21243993,0.17501,11443.42857143,1
1505424809,21243990,0.17500,604.00000000,1
1505424808,21243989,0.17516,14655.09900000,0
1505424791,21243914,0.17516,28.51393012,0
1505424782,21243894,0.17516,28.51393012,0
1505424781,21243892,0.17500,10246.66608000,1
1505424776,21243890,0.17500,10000.00000000,1
1505424776,21243888,0.17500,10000.00000000,1
1505424776,21243886,0.17500,10000.00000000,1
1505424776,21243885,0.17500,10000.00000000,1
1505424775,21243884,0.17500,64320.07700000,1
1505424774,21243878,0.17500,1722.26507074,1
1505424773,21243877,0.17500,73677.05522400,1
1505424772,21243875,0.17500,13456.92300000,1
1505424733,21243793,0.17516,403.22478463,1
1505424714,21243733,0.17590,16.96986924,0
1505424712,21243731,0.17510,11.47629926,0
1505424712,21243729,0.17502,1200.00000000,1
1505424704,21243707,0.17510,28.52370074,0
1505424698,21243681,0.17503,482.78800000,0
1505424671,21243591,0.17500,87503.32511875,0
1505424670,21243586,0.17371,100.00000000,1
1505424667,21243574,0.17500,448.92891428,0
1505424656,21243534,0.17497,1423.60400000,0
1505424656,21243533,0.17497,3099.75201000,0
1505424644,21243509,0.17471,4278.60913721,0
1505424641,21243507,0.17471,28.58737336,0
1505424637,21243505,0.17366,57.36947749,1
1505424637,21243504,0.17366,81.68120000,1
1505424636,21243503,0.17366,81.68120000,1
1505424636,21243500,0.17366,81.68120000,1
1505424626,21243477,0.17471,28.58737336,0
1505424624,21243476,0.17470,28.58900973,0
1505424623,21243474,0.17469,28.59064629,0
1505424622,21243473,0.17469,28.59064629,0
1505424604,21243422,0.17471,68.51353700,0
1505424560,21243372,0.17471,28.58737336,0
1505424559,21243371,0.17390,3110.48058600,1
1505424559,21243370,0.17391,878.36290000,1
1505424558,21243369,0.17391,1831.54560000,1
1505424558,21243368,0.17391,2500.00000000,1
1505424548,21243360,0.17389,579.94546512,1
1505424545,21243353,0.17367,172.34240000,0
1505424545,21243352,0.17367,81.68120000,1
1505424544,21243351,0.17367,81.68120000,1
1505424539,21243346,0.17466,5235.06597984,0
1505424526,21243331,0.17471,291.59155171,0
1505424524,21243326,0.17352,81.68115000,0
1505424514,21243313,0.17303,2909.11550000,1
1505424508,21243297,0.17200,9684.44924310,0
1505424507,21243294,0.17200,1444.28548010,0
1505424493,21243270,0.17200,2038.54621480,0
1505424492,21243267,0.17200,4345.12300000,0
1505424492,21243265,0.17200,3487.59606200,0
1505424491,21243264,0.17198,17370.23288000,0
1505424449,21243193,0.17050,1928.53636012,1
1505424449,21243190,0.17082,2500.00000000,1
1505424449,21243188,0.17087,9983.87604000,0
1505424448,21243186,0.17109,81.68115000,1
1505424448,21243185,0.17200,1429.32665941,1
1505424448,21243184,0.17202,1420.29460000,1
1505424446,21243182,0.17210,3221.42188147,1
1505424421,21243149,0.17247,1953.24650180,1
1505424406,21243123,0.17247,30.87601000,1
1505424395,21243101,0.17247,6723.08000000,1
1505424386,21243087,0.17247,1262.79748820,1
1505424386,21243086,0.17257,477.48253780,1
1505424375,21243069,0.17257,533.39706700,1
1505424371,21243062,0.17257,97.80827600,1
1505424354,21243030,0.17257,8428.53221200,1
1505424344,21243020,0.17257,462.77990720,1
1505424340,21243017,0.17258,1017.73759700,1
1505424320,21242972,0.17258,882.26240300,1
1505424298,21242938,0.17261,656.83159482,0
1505424240,21242866,0.17260,604.16326964,1
1505424240,21242865,0.17261,1741.37290000,1
1505424239,21242864,0.17352,7656.59169436,1
1505424239,21242863,0.17352,81.09497000,0
1505424180,21242785,0.17258,1468.56810000,1
1505424176,21242781,0.17258,5932.93251000,1
1505424176,21242780,0.17258,1450.90370000,1
1505424176,21242779,0.17259,2500.00000000,1
1505424147,21242676,0.17296,1916.65893800,0
1505424147,21242675,0.17291,1409.93400000,0
1505424144,21242665,0.17313,0.00000011,1
1505424143,21242661,0.17312,1435.61520000,0
1505424143,21242659,0.17297,567.38663589,0
1505424142,21242656,0.17297,327.40522600,0
1505424139,21242650,0.17247,30.00000000,1
1505424134,21242632,0.17297,105.20813811,0
1505424132,21242626,0.17200,6658.57811853,0
1505424132,21242623,0.17200,10000.00000000,0
1505424130,21242617,0.17200,1450.81541635,0
1505424129,21242613,0.17200,10000.00000000,0
1505424128,21242610,0.17200,10000.00000000,0
1505424128,21242608,0.17200,294.71300000,0
1505424128,21242607,0.17199,9705.28700000,0
1505424112,21242540,0.17200,579.94546512,0
1505424110,21242536,0.17200,1015.94800000,0
1505424110,21242535,0.17199,40.00000000,0
1505424109,21242527,0.17199,40.00000000,0
1505424109,21242525,0.17199,40.00000000,0
1505424109,21242524,0.17199,40.00000000,0
1505424108,21242523,0.17199,40.00000000,0
1505424108,21242522,0.17199,40.00000000,0
1505424108,21242521,0.17199,40.00000000,0
1505424108,21242520,0.17199,40.00000000,0
1505424108,21242519,0.17199,40.00000000,0
1505424108,21242517,0.17199,40.00000000,0
1505424108,21242516,0.17199,40.00000000,0
1505424108,21242515,0.17199,40.00000000,0
1505424108,21242514,0.17199,40.00000000,0
1505424107,21242513,0.17199,40.00000000,0
1505424107,21242511,0.17199,40.00000000,0
1505424107,21242508,0.17199,40.00000000,0
1505424107,21242506,0.17192,11777.80431398,0
1505424100,21242478,0.17192,1171.62815202,0
1505424100,21242476,0.17185,1227.75618498,0
1505424100,21242475,0.17184,5270.35937000,0
1505424072,21242361,0.17063,1842.55197700,1
1505424072,21242360,0.17120,112.87802300,1
1505424066,21242346,0.17120,287.91689000,1
1505424064,21242336,0.17120,288.20508700,1
1505424055,21242314,0.17179,12109.15751790,0
1505424023,21242239,0.17185,69.91822400,0
1505424021,21242234,0.17185,11651.75805702,0
1505424021,21242233,0.17149,155.00000000,0
1505424019,21242231,0.17120,1241.00000000,0
1505424018,21242225,0.17060,15128.48649200,1
1505424018,21242224,0.17061,1433.39540000,1
1505424018,21242222,0.17061,7929.73845000,1
1505424018,21242220,0.17109,81.09497000,1
1505424017,21242219,0.17110,40.00000000,1
1505424000,21242171,0.17150,155.00000000,1
1505423972,21242146,0.17210,40.00000000,1
1505423903,21242021,0.17285,7779.77033387,0
1505423903,21242020,0.17284,11214.65500000,0
1505423869,21241961,0.17393,28.71557523,0
1505423859,21241946,0.17262,28.93014365,0
1505423792,21241822,0.17250,1670.45000000,1
1505423775,21241799,0.17250,28927.50395000,1
1505423752,21241749,0.17250,3752.24802500,1
1505423752,21241748,0.17250,150.00000000,1
1505423752,21241747,0.17264,515.00000000,1
1505423699,21241631,0.17336,231.90845639,0
1505423660,21241542,0.17340,28.80334486,0
1505423658,21241540,0.17291,1000.00000000,1
1505423648,21241520,0.17340,315.16724336,1
1505423648,21241518,0.17340,11683.96899972,1
1505423625,21241476,0.17340,19671.50466100,1
1505423574,21241356,0.17340,6072.48707500,1
1505423570,21241349,0.17340,25573.01809100,1
1505423570,21241348,0.17341,5782.45557000,1
1505423533,21241256,0.17340,1825.00000000,1
1505423480,21241150,0.17434,28.64804405,0
1505423475,21241139,0.17420,5737.84952696,1
1505423474,21241138,0.17420,7650.03549026,0
1505423474,21241137,0.17420,28.67106774,0
1505423473,21241131,0.17340,5900.44638328,1
1505423473,21241130,0.17341,9273.57468372,1
1505423450,21241094,0.17340,9273.57479000,1
1505423448,21241090,0.17341,2413.62521000,1
1505423395,21240965,0.17465,571.14583453,0
1505423374,21240945,0.17476,1712.35906386,0
1505423340,21240900,0.17292,54995.17172405,1
1505423340,21240898,0.17299,92.61294000,1
1505423340,21240897,0.17310,40.00000000,1
1505423339,21240896,0.17352,80.01987000,1
1505423339,21240895,0.17402,1424.88640000,1
1505423339,21240894,0.17420,16394.49673395,1
1505423338,21240893,0.17430,2564.65328400,1
1505423320,21240877,0.17430,2010.00000000,1
1505423319,21240875,0.17430,10425.34671600,1
1505423317,21240865,0.17420,13526.83298187,1
1505423317,21240864,0.17430,9737.88860600,1
1505423276,21240826,0.17430,262.11139400,1
1505423276,21240825,0.17431,15000.00000000,1
1505423213,21240765,0.17500,1766.29591300,0
1505423151,21240682,0.17498,28.54326209,0
1505423148,21240680,0.17498,28.54326209,0
1505423146,21240676,0.17500,28.54000000,0
1505423144,21240674,0.17498,28.54326209,0
1505423140,21240671,0.17498,28.54326209,0
1505423089,21240525,0.17431,3574.23567170,1
1505423075,21240491,0.17498,3808.63484713,0
1505423069,21240474,0.17500,46183.49970564,1
1505423069,21240472,0.17505,1418.92430000,1
1505423069,21240470,0.17520,15000.00000000,1
1505423068,21240469,0.17521,2704.41013640,1
1505422984,21240339,0.17516,0.00000003,0
1505422984,21240336,0.17516,5169.11327000,0
1505422983,21240332,0.17516,2491.41686861,1
1505422924,21240230,0.17500,3816.50029436,0
1505422922,21240227,0.17500,1571.44320000,0
1505422920,21240226,0.17500,15000.00000000,1
1505422919,21240225,0.17501,2232.80329000,1
1505422919,21240224,0.17527,606.78820000,1
1505422919,21240223,0.17551,1411.65080000,1
1505422915,21240219,0.17550,604.82914676,1
1505422910,21240209,0.17598,28.38106603,0
1505422902,21240197,0.17527,3113.01545324,0
1505422901,21240195,0.17527,604.82914427,0
1505422897,21240187,0.17527,438.00000000,0
1505422868,21240144,0.17527,587.89000000,0
1505422860,21240132,0.17527,588.04600000,0
1505422852,21240129,0.17527,436.00000000,0
1505422830,21240105,0.17527,1207.53813319,0
1505422830,21240104,0.17525,190.34037000,0
1505422824,21240094,0.17525,2166.34292000,0
1505422817,21240083,0.17513,1241.00000000,0
1505422801,21240070,0.17525,12643.31671000,1
1505422801,21240069,0.17525,2356.68329000,1
1505422800,21240068,0.17527,1424.09396930,0
1505422791,21240054,0.17527,2500.00000000,0
1505422789,21240052,0.17527,1600.58730000,1
1505422789,21240051,0.17527,2500.00000000,1
1505422719,21239961,0.17598,1417.07324696,0
1505422681,21239941,0.17626,28.33598094,0
1505422646,21239931,0.17600,15000.00000000,1
1505422574,21239906,0.17631,28.32794510,0
1505422560,21239892,0.17585,28.31670257,0
1505422511,21239865,0.17514,100.00000000,1
1505422485,21239824,0.17653,279.00165184,0
1505422473,21239805,0.17653,412.63768198,0
1505422473,21239804,0.17636,1416.47870000,0
1505422471,21239800,0.17610,1000.00000000,0
1505422438,21239772,0.17645,28.30546897,0
1505422379,21239733,0.17502,1348.42126412,1
1505422379,21239732,0.17503,2500.00000000,1
1505422379,21239731,0.17504,1400.79970000,1
1505422252,21239616,0.17606,28.36816994,0
1505422162,21239527,0.17533,1400.27179971,1
1505422162,21239526,0.17555,517.87040729,1
1505422112,21239485,0.17611,283.20543978,0
1505422033,21239428,0.17629,509.24930512,0
1505421983,21239341,0.17618,28.34884777,0
1505421977,21239337,0.17614,968.18670000,1
1505421792,21239017,0.17672,3133.84836022,1
1505421790,21239015,0.17455,1866.15163978,0
1505421785,21239003,0.17453,3500.00000000,1
1505421783,21239002,0.17454,2500.00000000,1
1505421771,21238989,0.17455,4546.32284700,0
1505421770,21238987,0.17455,1410.57550000,0
1505421767,21238976,0.17455,28.61357777,0
1505421767,21238975,0.17455,28.61357777,0
1505421766,21238972,0.17455,28.61357777,0
1505421765,21238964,0.17455,28.61357777,0
1505421763,21238962,0.17455,28.61357777,0
1505421761,21238961,0.17455,28.61357777,0
1505421758,21238947,0.17455,343.56400000,0
1505421755,21238939,0.17455,28.61357777,0
1505421755,21238937,0.17455,28.61357777,0
1505421754,21238932,0.17455,474.45200000,0
1505421754,21238930,0.17454,1200.00000000,1
1505421723,21238840,0.17455,2036.27500000,0
1505421717,21238812,0.17455,3817.16653970,0
1505421716,21238802,0.17455,7094.58385136,0
1505421592,21238545,0.17598,28.38106603,1
1505421588,21238542,0.17598,28.38106603,0
1505421511,21238463,0.17598,28.38106603,0
1505421494,21238427,0.17598,28.38106603,0
1505421442,21238330,0.17420,5556.73268000,1
1505421442,21238329,0.17421,15892.78970000,1
1505421442,21238328,0.17422,1427.24960000,1
1505421401,21238224,0.17517,1622.00000000,1
1505421220,21237832,0.17691,28.23186931,0
1505421078,21237726,0.17500,18725.04966452,0
1505421074,21237725,0.17500,1313.74311187,0
1505421069,21237719,0.17500,28.54000000,0
1505421062,21237711,0.17500,1783.89933000,0
1505421062,21237709,0.17500,2000.67235238,0
1505421058,21237705,0.17500,480.50000001,0
1505421056,21237698,0.17500,2003.77843732,0
1505421051,21237692,0.17500,2052.98605713,0
1505421049,21237685,0.17500,1214.10754286,0
1505421048,21237684,0.17500,500.00000000,0
1505421048,21237683,0.17500,2000.00000000,0
1505421048,21237682,0.17500,52868.80428200,0
1505421047,21237680,0.17500,3154.45430000,0
1505421035,21237633,0.17500,1937.21714300,0
1505421032,21237629,0.17500,2490.26066500,0
1505421026,21237614,0.17500,1401.27775305,0
1505421024,21237610,0.17500,9630.88423300,0
1505421022,21237605,0.17498,9456.31262500,0
1505421014,21237586,0.17498,323.97495304,0
1505421009,21237584,0.17500,15047.95614000,0
1505421008,21237583,0.17498,324.36071027,1
1505421004,21237573,0.17498,5745.18000000,0
1505421002,21237570,0.17500,648.64243492,0
1505421002,21237567,0.17500,307.37575125,0
1505421002,21237566,0.17500,5745.18000000,0
1505421001,21237563,0.17500,1419.95971000,0
1505421000,21237562,0.17498,1404.09220000,0
1505420999,21237560,0.17500,2500.00000000,0
1505420998,21237555,0.17500,211.79517915,0
1505420998,21237552,0.17530,1947.35174254,1
1505420997,21237551,0.17531,17178.65787000,1
1505420997,21237550,0.17531,1406.90630000,1
1505420801,21237412,0.17683,28.24464175,0
1505420794,21237397,0.17686,1505.90387877,0
1505420789,21237391,0.17420,1379.93760418,1
1505420789,21237390,0.17499,878.85022001,1
1505420789,21237389,0.17500,1422.30060000,1
1505420789,21237388,0.17500,1422.30060000,1
1505420788,21237387,0.17512,3344.71075400,1
1505420788,21237386,0.17521,520.98182181,1
1505420788,21237385,0.17529,2500.00000000,1
1505420786,21237380,0.17530,1394.91840000,1
1505420735,21237274,0.17695,1324.13642690,0
1505420681,21237149,0.17709,2253.10570896,0
1505420599,21237023,0.17708,2026.46901797,0
1505420599,21237022,0.17707,8735.64502900,0
1505420516,21236953,0.17702,500.00000000,0
1505420491,21236924,0.17605,10000.00000000,0
1505420491,21236922,0.17605,10000.00000000,0
1505420491,21236921,0.17605,10000.00000000,0
1505420491,21236919,0.17605,10000.00000000,0
1505420491,21236918,0.17605,10000.00000000,0
1505420491,21236917,0.17605,9099.68085300,0
1505420463,21236871,0.17605,900.31914700,0
1505420461,21236867,0.17604,4160.80859700,0
1505420412,21236797,0.17604,515.63883208,0
1505420375,21236732,0.17604,521.30521472,0
1505420326,21236682,0.17664,51338.30247961,0
1505420325,21236680,0.17662,1206.20182000,0
1505420284,21236651,0.17698,574.89902814,0
1505420276,21236645,0.17704,281.71774740,0
1505420266,21236643,0.17590,2042.96983600,1
1505420263,21236640,0.17586,122.11090000,0
1505420263,21236639,0.17586,122.11090000,0
1505420263,21236638,0.17586,122.11090000,0
1505420263,21236637,0.17586,122.11090000,0
1505420263,21236636,0.17586,122.11090000,0
1505420263,21236635,0.17586,122.11090000,0
1505420262,21236634,0.17584,0.00002374,0
1505420262,21236633,0.17578,3309.35195333,0
1505420262,21236632,0.17577,1411.02020000,0
1505420262,21236630,0.17576,17065.35810000,0
1505420248,21236621,0.17512,1655.28924600,1
1505420246,21236618,0.17513,1405.59940000,1
1505420246,21236617,0.17517,5000.00000000,1
1505420246,21236616,0.17517,5000.00000000,1
1505420246,21236615,0.17518,2500.00000000,1
1505420239,21236612,0.17578,32.91677096,0
1505420200,21236570,0.17578,5481.80122881,0
1505420102,21236434,0.17583,6380.25829400,1
1505420064,21236398,0.17586,388.57586900,1
1505420064,21236396,0.17586,813.08620000,1
1505420061,21236389,0.17717,29.00000000,0
1505420038,21236357,0.17586,877.98736500,1
1505420037,21236356,0.17587,1407.04260000,1
1505420013,21236329,0.17759,29.00000000,0
1505420006,21236310,0.17620,1390.55360000,0
1505420005,21236309,0.17623,17141.21291000,1
1505419988,21236241,0.17779,2564.61766820,0
1505419987,21236239,0.17779,20000.00000000,0
1505419987,21236235,0.17768,2576.06640000,1
1505419987,21236231,0.17720,40.00000000,0
1505419987,21236230,0.17710,40.00000000,0
1505419986,21236229,0.17626,866.67970000,0
1505419986,21236224,0.17625,866.67970000,0
1505419985,21236221,0.17625,866.67970000,0
1505419985,21236217,0.17624,866.67970000,0
1505419983,21236205,0.17619,2265.22850000,0
1505419983,21236204,0.17619,1055.92126580,0
1505419982,21236201,0.17619,1209.30723420,0
1505419982,21236200,0.17618,162.00042553,0
1505419982,21236197,0.17618,1325.37100300,0
1505419982,21236196,0.17618,777.85707147,0
1505419981,21236195,0.17614,88.82262853,0
1505419974,21236159,0.17586,5433.81888974,1
1505419974,21236157,0.17587,2095.37337889,1
1505419973,21236154,0.17612,472.22031541,0
1505419973,21236152,0.17612,8159.17622600,0
1505419972,21236148,0.17612,581.81885500,1
1505419971,21236145,0.17610,40.00000000,0
1505419971,21236144,0.17599,79.44426000,0
1505419971,21236143,0.17598,91.69144000,0
1505419968,21236127,0.17587,404.62662111,1
1505419968,21236126,0.17588,0.37337889,1
1505419966,21236116,0.17588,581.81885508,0
1505419948,21236044,0.17580,2285.02996500,0
1505419941,21236014,0.17580,4423.44079200,0
1505419939,21236008,0.17580,1106.55927190,0
1505419933,21235982,0.17580,3212.13836700,0
1505419879,21235707,0.17579,1410.60320000,0
1505419847,21235648,0.17579,950.63486540,0
1505419847,21235647,0.17551,17.35961460,0
1505419841,21235625,0.17551,282.64038540,0
1505419695,21235291,0.17499,28.54163095,0
1505419688,21235273,0.17560,11971.64766514,0
1505419687,21235271,0.17537,1000.00000000,0
1505419687,21235270,0.17516,45672.14400000,0
1505419687,21235269,0.17510,40.00000000,0
1505419686,21235267,0.17500,3000.00000000,0
1505419686,21235266,0.17450,12535.32979513,0
1505419685,21235262,0.17449,512.14667173,0
1505419684,21235261,0.17449,860.57281921,0
1505419677,21235250,0.17449,523.29646398,0
1505419639,21235211,0.17449,28.62341681,0
1505419632,21235199,0.17288,50.00000000,1
1505419577,21235127,0.17449,838.98830879,0
1505419577,21235125,0.17449,150.00000000,0
1505419507,21235034,0.17214,5209.10500567,0
1505419506,21235032,0.17380,526.32339433,1
1505419506,21235031,0.17381,1408.27160000,1
1505419504,21235025,0.17382,2500.00000000,1
1505419448,21234947,0.17450,4814.39854900,0
1505419448,21234946,0.17450,1500.00000000,0
1505419442,21234934,0.17450,395.73822900,0
1505419425,21234900,0.17380,3443.00000000,0
1505419425,21234899,0.17380,153.00000000,0
1505419423,21234895,0.17380,2769.34678400,0
1505419358,21234830,0.17380,28.73705409,0
1505419284,21234788,0.17110,20347.67482480,1
1505419284,21234787,0.17110,12307.85132367,0
1505419284,21234786,0.17150,153.00000000,1
1505419284,21234785,0.17210,22335.00000000,1
1505419283,21234783,0.17242,1777.17700000,1
1505419283,21234781,0.17242,1359.78027353,0
1505419283,21234779,0.17243,18895.13500000,1
1505419281,21234777,0.17250,100.00000000,1
1505419247,21234696,0.17435,28.64640092,0
1505419243,21234687,0.17250,50.00000000,1
1505419234,21234664,0.17439,28.63983027,0
1505419145,21234545,0.17450,15.84240687,1
1505419145,21234544,0.17491,5738.69102000,1
1505419144,21234540,0.17465,1461.94280000,0
1505419144,21234539,0.17462,2799.36618000,0
1505419065,21234461,0.17501,1720.74448562,0
1505419057,21234449,0.17450,271.37822350,0
1505419000,21234374,0.17450,28.62177650,0
1505418985,21234356,0.17216,400.00000000,1
1505418977,21234348,0.17213,13594.31936571,1
1505418976,21234347,0.17294,574.12026441,1
1505418976,21234345,0.17370,5563.31646988,1
1505418976,21234343,0.17372,1961.21390000,1
1505418916,21234235,0.17497,28.54489341,1
1505418914,21234230,0.17391,0.00000012,0
1505418896,21234205,0.17391,2574.55879700,0
1505418882,21234190,0.17391,184.32820316,0
1505418882,21234186,0.17391,1428.76919771,0
1505418878,21234171,0.17391,1335.89582698,0
1505418874,21234164,0.17370,0.00000012,0
1505418869,21234153,0.17370,980.37354000,0
1505418868,21234152,0.17370,7873.10084100,0
1505418852,21234128,0.17370,5.77202072,0
1505418850,21234125,0.17352,23.00542892,0
1505418826,21234101,0.17352,28.78342554,0
1505418821,21234092,0.17299,29.00000000,1
1505418807,21234059,0.17352,28.78342554,0
1505418783,21234016,0.17294,99.01689959,0
1505418739,21233801,0.17346,12864.18448057,0
1505418716,21233707,0.17336,353.00000000,0
1505418711,21233686,0.17339,28.80500606,0
1505418679,21233573,0.17020,13125.70874913,0
1505418679,21233572,0.17020,40.00000000,1
1505418678,21233568,0.17022,511.73739866,1
1505418678,21233565,0.17050,1195.00000000,1
1505418678,21233563,0.17059,515.36520312,1
1505418677,21233562,0.17059,1705.86439300,0
1505418677,21233560,0.17070,150.00000000,1
1505418677,21233559,0.17070,10413.96300000,0
1505418677,21233557,0.17090,585.13164009,1
1505418676,21233555,0.17109,80.57228000,1
1505418676,21233552,0.17110,40.00000000,1
1505418675,21233549,0.17120,40.00000000,1
1505418675,21233546,0.17122,2500.00000000,1
1505418675,21233543,0.17140,1400.00000000,1
1505418674,21233541,0.17170,150.00000000,1
1505418674,21233537,0.17200,35873.00000000,1
1505418674,21233536,0.17210,40.00000000,1
1505418674,21233534,0.17220,40.00000000,1
1505418673,21233531,0.17221,1435.88060000,1
1505418673,21233529,0.17223,5000.00000000,1
1505418673,21233527,0.17224,1847.56440000,1
1505418672,21233525,0.17270,150.00000000,1
1505418672,21233524,0.17299,91.69144000,1
1505418670,21233520,0.17310,40.00000000,1
1505418666,21233503,0.17352,79.44426000,1
1505418663,21233481,0.17368,457.00000000,0
1505418655,21233430,0.17370,28.75359816,0
1505418648,21233383,0.17365,1584.13760000,1
1505418648,21233379,0.17365,1842.24614780,1
1505418648,21233376,0.17365,2164.23685220,1
1505418648,21233373,0.17365,1176.20833900,1
1505418647,21233365,0.17365,1580.04368500,1
1505418647,21233357,0.17365,670.13172380,1
1505418647,21233355,0.17365,5590.62060000,1
1505418646,21233354,0.17365,2464.50378720,1
1505418646,21233352,0.17365,3126.11681280,1
1505418646,21233350,0.17365,5590.62060000,1
1505418646,21233349,0.17366,5590.62060000,1
1505418646,21233348,0.17366,585.63326320,1
1505418646,21233346,0.17366,5004.98733680,1
1505418645,21233345,0.17366,2386.42135720,1
1505418645,21233342,0.17366,2796.22733800,1
1505418645,21233340,0.17366,407.97190480,1
1505418645,21233338,0.17366,0.00001369,1
1505418645,21233337,0.17370,880.71681251,1
1505418645,21233336,0.17370,503.72360200,1
1505418644,21233334,0.17370,150.00000000,1
1505418644,21233332,0.17370,16118.13821200,1
1505418644,21233331,0.17370,5141.17710300,1
1505418634,21233295,0.17370,3307.89479900,1
1505418633,21233284,0.17370,4639.30000000,1
1505418633,21233282,0.17370,1199.46423200,1
1505418633,21233280,0.17370,1000.00000000,1
1505418632,21233279,0.17370,5692.02565400,1
1505418618,21233206,0.17383,74.83741500,1
1505418618,21233204,0.17383,1415.11890000,1
1505418617,21233202,0.17383,1580.04368500,1
1505418617,21233198,0.17390,436.17791834,1
1505418587,21233139,0.17390,34069.40000000,1
1505418582,21233132,0.17391,1484.56515200,0
1505418575,21233122,0.17391,6363.95160000,1
1505418554,21233079,0.17391,3150.64760000,1
1505418552,21233077,0.17392,1474.35240000,1
1505418471,21232930,0.17497,1000.00000000,0
1505418358,21232733,0.17564,28.43600547,0
1505418308,21232667,0.17474,828.58732975,0
1505418308,21232666,0.17473,1929.99041000,0
1505418306,21232660,0.17470,5139.90854000,0
1505418305,21232657,0.17473,5139.90854000,1
1505418304,21232653,0.17473,5590.60000000,1
1505418304,21232652,0.17473,2167.89146000,1
1505418303,21232650,0.17453,5590.60000000,0
1505418265,21232597,0.17476,28.57919432,0
1505418251,21232582,0.17483,28.56775153,0
1505418210,21232553,0.17438,28.64147265,0
1505418148,21232496,0.17371,624.88000000,1
1505418133,21232483,0.17473,28.58410118,0
1505418115,21232464,0.17367,1584.53119682,1
1505418102,21232451,0.17487,617.72442385,0
1505418100,21232447,0.17486,7379.84799800,0
1505418097,21232444,0.17486,1477.02261100,0
1505418085,21232430,0.17560,12704.03577400,1
1505418085,21232428,0.17560,489.79000000,0
1505418084,21232426,0.17492,9296.07770600,0
1505418084,21232425,0.17490,14667.09652000,0
1505418063,21232387,0.17501,200.78860800,0
1505417997,21232302,0.17497,9728.33229314,0
1505417997,21232301,0.17494,1405.94220000,0
1505417997,21232300,0.17494,9549.76050400,0
1505417960,21232225,0.17519,500.00000000,0
1505417934,21232154,0.17537,136.70308491,0
1505417930,21232150,0.17410,134.88820000,1
1505417930,21232149,0.17410,134.88820000,1
1505417930,21232148,0.17415,134.88820000,1
1505417930,21232147,0.17415,134.88820000,1
1505417930,21232145,0.17416,134.88820000,1
1505417930,21232144,0.17418,134.88820000,1
1505417930,21232143,0.17421,134.88820000,1
1505417930,21232142,0.17435,134.88820000,1
1505417929,21232141,0.17435,134.88820000,1
1505417929,21232140,0.17435,134.88820000,1
1505417929,21232139,0.17436,134.88820000,1
1505417929,21232138,0.17436,134.88820000,1
1505417857,21232052,0.17578,3.06144043,1
1505417856,21232047,0.17374,134.88821363,0
1505417849,21232038,0.17374,1409.71014240,0
1505417844,21232029,0.17374,1409.71014240,0
1505417828,21231999,0.17374,1430.17446357,0
1505417826,21231990,0.17374,3171.51703800,0
1505417823,21231977,0.17604,2191.35486500,0
1505417765,21231878,0.17515,57.00844990,0
1505417764,21231874,0.17400,0.02286454,0
1505417757,21231859,0.17400,11700.00000000,0
1505417722,21231802,0.17400,11998.56759510,1
1505417722,21231801,0.17400,534.66000000,1
1505417722,21231799,0.17410,150.00000000,1
1505417722,21231798,0.17410,40.00000000,1
1505417722,21231797,0.17446,1412.56920000,1
1505417722,21231796,0.17447,4164.18034036,1
1505417711,21231784,0.17447,4564.33773864,1
1505417711,21231783,0.17477,246.15090036,1
1505417647,21231662,0.17568,56.85911885,0
1505417624,21231592,0.17477,1208.29689964,1
1505417624,21231591,0.17482,1454.44780000,1
1505417624,21231590,0.17482,1337.25530036,1
1505417621,21231581,0.17503,401.09776324,0
1505417620,21231576,0.17482,117.19249964,1
1505417620,21231575,0.17482,986.44778616,1
1505417620,21231573,0.17483,16202.96810420,1
1505417620,21231572,0.17483,1103.64028580,1
1505417620,21231571,0.17500,958.70292620,1
1505417620,21231568,0.17500,1833.00017400,1
1505417612,21231532,0.17500,50.29689980,1
1505417612,21231531,0.17500,7000.00000000,1
1505417612,21231529,0.17503,1391.20770000,1
1505417611,21231526,0.17532,1400.49540020,1
1505417611,21231525,0.17532,7152.16245400,1
1505417540,21231236,0.17614,2173.54433782,0
1505417540,21231234,0.17612,14526.45566218,0
1505417464,21230998,0.17612,5466.12761855,0
1505417451,21230947,0.17614,2.86153060,0
1505417449,21230932,0.17612,53.85519576,0
1505417433,21230869,0.17612,1316.54315239,0
1505417433,21230866,0.17600,9836.68831880,0
1505417431,21230858,0.17598,17225.70362000,0
1505417415,21230750,0.17600,19392.48653409,0
1505417415,21230748,0.17510,9770.15282544,1
1505417413,21230743,0.17510,33489.90233307,0
1505417402,21230662,0.17510,3868.88863506,0
1505417400,21230637,0.17510,3060.28772469,0
1505417399,21230632,0.17510,5716.58410300,0
1505417392,21230585,0.17510,387.85585435,0
1505417382,21230498,0.17510,929.97132100,0
1505417364,21230425,0.17510,34069.43096000,0
1505417362,21230420,0.17510,40.00000000,1
1505417344,21230378,0.17519,1182.21479537,0
1505417336,21230366,0.17519,7223.01106000,0
1505417335,21230364,0.17520,5895.00000000,1
1505417334,21230362,0.17521,47.87488006,1
1505417275,21230134,0.17594,28.60000000,0
1505417254,21229985,0.17606,1576.00000000,0
1505417253,21229980,0.17520,33631.73465964,1
1505417251,21229968,0.17530,66368.26534036,1
1505417245,21229922,0.17530,3270.92044400,1
1505417231,21229832,0.17612,28.35850556,0
1505417221,21229729,0.17612,866.47164629,0
1505417216,21229689,0.17619,0.00000305,1
1505417216,21229688,0.17619,1398.54879695,1
1505417215,21229687,0.17627,866.67970305,1
1505417204,21229615,0.17734,28.16341491,1
1505417200,21229605,0.17737,28.15865141,0
1505417182,21229546,0.17627,10.66130000,0
1505417182,21229536,0.17627,1403.12020000,0
1505417181,21229531,0.17626,3461.50949043,1
1505417181,21229529,0.17626,1801.87202957,1
1505417180,21229525,0.17626,1096.29277600,1
1505417180,21229523,0.17627,1413.78150000,1
1505417154,21229392,0.17770,28.10635903,0
1505417153,21229390,0.17770,28.10635903,0
1505417152,21229388,0.17770,28.10635903,0
1505417135,21229332,0.17781,5425.99749000,0
1505417129,21229288,0.17523,413.37409158,0
1505417129,21229284,0.17599,5590.60000000,0
1505417129,21229278,0.17626,1336.42520842,0
1505417127,21229261,0.17626,5396.47070000,1
1505417123,21229237,0.17598,90.13934000,1
1505417121,21229220,0.17599,78.33204000,1
1505417121,21229218,0.17709,3762.93655822,1
1505417109,21229159,0.17705,1391.70680000,1
1505417109,21229155,0.17710,1469.76495200,1
1505417105,21229124,0.17710,43106.76508200,1
1505417105,21229123,0.17711,1102.40000000,1
1505417104,21229117,0.17711,4483.70214500,1
1505417098,21229059,0.17711,302.15085500,1
1505417094,21229031,0.17711,804.74700000,1
1505417087,21228971,0.17710,2805.68100000,1
1505417086,21228969,0.17710,2056.72475200,1
1505417083,21228937,0.17710,821.73065800,1
1505417077,21228916,0.17710,3247.25165000,1
1505417072,21228899,0.17859,27.96629151,0
1505417070,21228891,0.17710,203.81512500,1
1505417069,21228881,0.17710,193.26678100,1
1505417068,21228879,0.17712,5590.60000000,1
1505417066,21228870,0.17859,27.96629151,0
1505417061,21228859,0.17762,5105.08340000,1
1505417061,21228856,0.17786,1370.85470000,1
1505417061,21228853,0.17805,3739.24217664,1
1505417034,21228777,0.17922,938.31577790,1
1505417034,21228776,0.17922,7375.30493100,1
1505417034,21228775,0.17922,1685.53283570,1
1505417032,21228768,0.17806,0.84645540,0
1505417018,21228737,0.17806,1209.21274460,0
1505417014,21228730,0.17806,15388.35550000,1
1505417014,21228729,0.17806,1401.58530000,1
1505416976,21228575,0.17930,2993.17497844,0
1505416968,21228548,0.17931,1490.82838241,0
1505416958,21228502,0.17937,1117.22618998,0
1505416958,21228501,0.17900,1000.00000000,0
1505416954,21228480,0.17897,27.90691177,0
1505416951,21228460,0.17763,478.80380919,1
1505416950,21228458,0.17764,2479.99724781,1
1505416950,21228457,0.17764,1388.99630000,0
1505416948,21228447,0.17805,2537.70264300,1
1505416927,21228335,0.17927,500.00000000,0
1505416924,21228317,0.17930,27.85554936,0
1505416914,21228281,0.17797,2284.58523100,0
1505416913,21228280,0.17797,1535.29830000,1
1505416913,21228279,0.17798,3105.92646900,1
1505416900,21228259,0.17969,9488.89381284,1
1505416899,21228254,0.17969,7166.42380800,0
1505416850,21228206,0.17774,504.00000000,1
1505416843,21228190,0.17887,2888.73606529,1
1505416780,21228089,0.17765,6161.70847340,1
1505416780,21228087,0.17765,6116.42400000,1
1505416779,21228082,0.17778,5105.08333596,1
1505416779,21228080,0.17787,500.00000000,1
1505416779,21228078,0.17789,187.00000000,1
1505416778,21228077,0.17789,1386.79000000,0
1505416778,21228076,0.17800,4062.40280898,1
1505416778,21228075,0.17807,3359.30994900,1
1505416778,21228074,0.17807,9507.80017000,0
1505416777,21228073,0.17819,9960.00000000,1
1505416777,21228071,0.17821,1366.50080000,0
1505416777,21228069,0.17832,40.00000000,1
1505416777,21228068,0.17832,40.00000000,1
1505416776,21228067,0.17833,40.00000000,1
1505416776,21228066,0.17833,40.00000000,1
1505416776,21228065,0.17835,40.00000000,1
1505416776,21228064,0.17835,40.00000000,1
1505416775,21228062,0.17836,40.00000000,1
1505416775,21228061,0.17836,40.00000000,1
1505416775,21228060,0.17837,40.00000000,1
1505416774,21228059,0.17838,40.00000000,1
1505416774,21228058,0.17841,40.00000000,1
1505416774,21228057,0.17849,521.79827727,1
1505416772,21228055,0.17850,3816.46865639,1
1505416720,21227972,0.17978,27.77808676,0
1505416699,21227925,0.17850,7607.04660700,1
1505416694,21227919,0.17850,477.00000000,1
1505416687,21227909,0.17893,3720.10700000,0
1505416687,21227907,0.17893,6079.89300000,0
1505416676,21227876,0.17850,3612.91922400,1
1505416659,21227824,0.17979,27.77963179,0
1505416658,21227822,0.17978,27.78117699,0
1505416649,21227793,0.17981,47379.79351251,0
1505416649,21227791,0.17900,20926.61526388,0
1505416649,21227790,0.17900,5970.62622361,0
1505416641,21227767,0.17900,1119.28189944,0
1505416637,21227748,0.17900,1743.33424083,0
1505416630,21227707,0.17900,12736.87284916,0
1505416623,21227683,0.17900,27.90223464,0
1505416622,21227681,0.17900,27.90223464,0
1505416610,21227653,0.17900,27.90223464,0
1505416607,21227644,0.17900,27.90223464,0
1505416606,21227641,0.17851,599.62786014,1
1505416605,21227638,0.17875,0.37213986,1
1505416601,21227625,0.17900,5573.10497207,0
1505416595,21227613,0.17900,4942.76227268,1
1505416595,21227612,0.17901,519.83671700,1
1505416594,21227610,0.17901,867.86668300,1
1505416589,21227598,0.17900,1855.78521335,1
1505416582,21227574,0.17901,1481.27939100,0
1505416564,21227471,0.17901,17911.00200000,0
1505416563,21227468,0.17901,1384.14140000,1
1505416563,21227465,0.17901,14871.28204000,1
1505416539,21227424,0.17910,1001.19700000,0
1505416509,21227353,0.17901,1646.00000000,1
1505416507,21227348,0.17994,708.73635656,0
1505416507,21227347,0.17992,1821.70000000,1
1505416505,21227344,0.17968,86.44624000,0
1505416492,21227322,0.17901,516.00000000,1
1505416486,21227282,0.17950,1140.00000000,0
1505416485,21227278,0.17875,1381.00000000,0
1505416470,21227240,0.17949,1912.15210400,0
1505416470,21227239,0.17920,40.00000000,0
1505416462,21227215,0.17919,1207.75054493,0
1505416462,21227214,0.17910,37.00000000,0
1505416462,21227213,0.17910,40.00000000,0
1505416462,21227211,0.17903,89.18607000,0
1505416462,21227210,0.17900,9000.00000000,0
1505416462,21227209,0.17875,35068.81885912,0
1505416456,21227168,0.17875,936.00601700,0
1505416449,21227156,0.17875,547.39390000,0
1505416432,21227085,0.17849,295.99998200,1
1505416431,21227083,0.17855,0.00001800,1
1505416429,21227062,0.17875,1219.81200000,0
1505416404,21226973,0.17844,7696.56088200,0
1505416390,21226920,0.17844,1000.00000000,0
1505416385,21226909,0.17844,3573.58162800,0
1505416382,21226905,0.17844,30000.00000000,0
1505416381,21226903,0.17844,320.85749000,0
1505416378,21226897,0.17820,40.00000000,0
1505416375,21226889,0.17810,40.00000000,0
1505416374,21226881,0.17797,4074.85985300,0
1505416351,21226806,0.17789,313.00000000,1
1505416350,21226805,0.17789,500.00000000,1
1505416345,21226786,0.17779,500.00000000,0
1505416342,21226766,0.17766,873.20416404,0
1505416326,21226695,0.17698,1763.10814781,0
1505416324,21226686,0.17697,716.88907630,0
1505416317,21226668,0.17697,873.20416400,0
1505416309,21226622,0.17697,3866.27907000,0
1505416305,21226612,0.17697,893.38000000,0
1505416296,21226595,0.17697,1646.12054800,0
1505416276,21226501,0.17697,1789.78223753,0
1505416276,21226500,0.17650,5979.67917747,0
1505416276,21226496,0.17650,8019.64288200,0
1505416275,21226493,0.17650,15061.15210700,0
1505416269,21226486,0.17650,3000.00000000,0
1505416267,21226478,0.17650,4575.22375000,0
1505416263,21226456,0.17650,9802.18921860,0
1505416262,21226449,0.17650,1384.13460700,0
1505416262,21226446,0.17648,1595.54457000,0
1505416238,21226410,0.17648,10000.00000000,0
1505416201,21226354,0.17648,1556.77519800,0
1505416184,21226335,0.17648,87.58063000,0
1505416180,21226329,0.17648,621.65180153,0
1505416174,21226317,0.17648,991.45193800,0
1505416161,21226287,0.17648,1000.00000000,0
1505416145,21226264,0.17648,822.41893462,0
1505416112,21226228,0.17650,44.19541076,0
1505416110,21226224,0.17648,154.75513000,0
1505416020,21226081,0.17650,28.29745042,0
1505416015,21226073,0.17650,28.29745042,0
1505416010,21226065,0.17648,28.30065730,0
1505415971,21226011,0.17625,3000.00000000,0
1505415882,21225830,0.17654,1682.73570000,1
1505415878,21225818,0.17654,9455.87220000,1
1505415876,21225813,0.17654,1682.73570000,1
1505415871,21225809,0.17670,28884.58714612,0
1505415871,21225808,0.17660,5484.80413000,0
1505415870,21225806,0.17647,5107.11015800,0
1505415843,21225769,0.17659,28.28302848,1
1505415824,21225754,0.17534,594.57937612,1
1505415780,21225692,0.17656,28.28783416,0
1505415734,21225635,0.17515,659.78974983,1
1505415695,21225565,0.17687,389.14088929,0
1505415695,21225563,0.17664,487.13468071,0
1505415692,21225557,0.17664,12.86531929,0
1505415690,21225550,0.17637,15.43330861,0
1505415689,21225549,0.17637,28.31830810,0
1505415689,21225544,0.17637,28.31830810,0
1505415686,21225536,0.17637,28.31830810,0
1505415684,21225525,0.17637,871.29346127,0
1505415679,21225511,0.17637,28.31830810,0
1505415679,21225507,0.17502,8770.68949400,0
1505415678,21225505,0.17501,270.00000000,1
1505415677,21225499,0.17502,2015.98902000,1
1505415660,21225454,0.17501,4656.39987300,1
1505415660,21225453,0.17520,1410.97290000,1
1505415659,21225452,0.17520,549.02710000,1
1505415659,21225451,0.17521,1410.97290000,1
1505415600,21225289,0.17521,2209.43206000,1
1505415600,21225288,0.17522,1419.72860000,1
1505415553,21225118,0.17640,4515.19587000,0
1505415525,21225041,0.17521,8423.62084746,1
1505415524,21225040,0.17532,1409.95690000,1
1505415524,21225039,0.17532,166.42225254,1
1505415468,21224850,0.17696,693.16554588,1
1505415446,21224722,0.17740,214.34490417,1
1505415445,21224718,0.17740,6653.77908300,1
1505415444,21224715,0.17740,1701.27146394,1
1505415444,21224712,0.17740,10000.00000000,1
1505415443,21224709,0.17740,1788.78920600,1
1505415442,21224707,0.17740,9787.69457800,1
1505415442,21224706,0.17740,2127.98931600,1
1505415413,21224619,0.17625,406.25543420,1
1505415412,21224618,0.17740,70.74456580,1
1505415412,21224616,0.17740,968.19610500,1
1505415385,21224542,0.17766,666.88411889,0
1505415385,21224541,0.17766,5076.23459100,1
1505415383,21224534,0.17747,5043.55980400,0
1505415379,21224524,0.17737,235.97767379,0
1505415369,21224489,0.17766,159.22329196,0
1505415369,21224486,0.17751,1490.27060000,0
1505415368,21224474,0.17740,1816.54320000,0
1505415367,21224470,0.17740,1479.08669534,0
1505415364,21224443,0.17740,1328.07628721,0
1505415362,21224438,0.17740,1329.21069297,0
1505415361,21224429,0.17740,1330.29324548,0
1505415345,21224345,0.17605,476.00000000,1
1505415337,21224303,0.17746,519.38222698,0
1505415316,21224191,0.17599,1853.48730000,1
1505415311,21224172,0.17790,5742.33789128,1
1505415311,21224170,0.17790,1497.75000000,1
1505415301,21224140,0.17600,683.53809752,0
1505415300,21224138,0.17611,134.21675099,1
1505415300,21224137,0.17789,322.24515149,1
1505415299,21224136,0.17720,40.00000000,0
1505415299,21224134,0.17716,87.67367000,0
1505415299,21224131,0.17710,150.00000000,0
1505415299,21224130,0.17710,40.00000000,0
1505415298,21224129,0.17710,40.00000000,0
1505415298,21224127,0.17644,574.55964427,0
1505415298,21224126,0.17644,567.38341494,0
1505415296,21224119,0.17620,40.00000000,0
1505415287,21224090,0.17610,0.00004901,0
1505415286,21224081,0.17610,134.21680000,0
1505415282,21224071,0.17610,15.78315099,0
1505415282,21224070,0.17610,40.00000000,0
1505415280,21224063,0.17599,69.95948000,0
1505415280,21224062,0.17599,5089.30375000,0
1505415277,21224053,0.17598,595.84008000,1
1505415275,21224046,0.17598,3500.00000000,1
1505415258,21223987,0.17598,4987.42894654,1
1505415258,21223986,0.17598,12.57105346,1
1505415250,21223969,0.17598,3500.00000000,1
1505415230,21223925,0.17598,1464.66940000,1
1505415219,21223887,0.17599,185.60000000,0
1505415217,21223878,0.17598,4934.99723345,1
1505415217,21223877,0.17598,47.40000000,0
1505415217,21223875,0.17598,90.72511000,0
1505415208,21223846,0.17597,3409.67210319,0
1505415205,21223834,0.17523,641.00000000,0
1505415202,21223828,0.17597,8300.51562873,1
1505415202,21223827,0.17597,1421.15960000,0
1505415197,21223813,0.17521,3416.00000000,1
1505415182,21223757,0.17520,40.00000000,0
1505415181,21223756,0.17510,150.00000000,0
1505415181,21223752,0.17510,40.00000000,0
1505415157,21223704,0.17482,468.00000000,1
1505415153,21223699,0.17468,0.00001384,0
1505415152,21223697,0.17468,88.91851616,0
1505415152,21223696,0.17467,324.22398399,0
1505415152,21223695,0.17466,1041.30529985,0
1505415149,21223694,0.17466,10000.00000000,0
1505415148,21223693,0.17466,10000.00000000,0
1505415143,21223680,0.17466,10000.00000000,0
1505415143,21223678,0.17466,10000.00000000,0
1505415143,21223677,0.17466,10000.00000000,0
1505415143,21223676,0.17466,10000.00000000,0
1505415142,21223674,0.17466,10000.00000000,0
1505415142,21223672,0.17466,10000.00000000,0
1505415138,21223665,0.17466,10000.00000000,0
1505415132,21223638,0.17466,12044.94919493,1
1505415126,21223621,0.17467,1127.17459000,0
1505415123,21223597,0.17465,1420.33790000,0
1505415122,21223596,0.17460,5590.60000000,0
1505415085,21223453,0.17466,1415.89990000,0
1505415085,21223451,0.17410,150.00000000,0
1505415078,21223436,0.17375,412.93105295,1
1505415070,21223412,0.17375,0.58928639,1
1505415066,21223400,0.17375,2351.60827500,0
1505415051,21223355,0.17375,5329.56798100,0
1505415046,21223350,0.17375,1328.20374400,0
1505415033,21223293,0.17375,990.62000000,0
1505415027,21223271,0.17367,647.00000000,1
1505415019,21223245,0.17362,569.90000000,0
1505415018,21223243,0.17362,5020.72058631,0
1505415010,21223213,0.17362,569.38181403,0
1505415010,21223209,0.17363,0.49759966,1
1505415009,21223206,0.17363,788.21440007,0
1505415009,21223204,0.17362,299.93427823,0
1505415003,21223177,0.17362,352.06572177,0
1505415003,21223176,0.17359,300.00000000,0
1505414996,21223131,0.17280,9393.52649800,0
1505414994,21223120,0.17359,1440.21440000,0
1505414994,21223119,0.17359,300.00000000,1
1505414956,21223067,0.17263,6429.43053905,1
1505414955,21223065,0.17362,3599.02311995,1
1505414947,21223063,0.17362,5469.96603300,0
1505414947,21223062,0.17340,871.19665513,0
1505414926,21223034,0.17340,28.80334487,0
1505414920,21223000,0.17339,28.80500606,0
1505414906,21222947,0.17252,970.00000008,1
1505414848,21222780,0.17251,1230.59090700,1
1505414848,21222779,0.17252,1413.43250000,1
1505414800,21222731,0.17351,19201.60693908,0
1505414785,21222673,0.17362,4530.03396700,0
1505414785,21222672,0.17361,1437.53520000,0
1505414785,21222671,0.17348,10000.00000000,0
1505414772,21222646,0.17351,18.24678692,0
1505414770,21222645,0.17351,28.78508443,0
1505414770,21222644,0.17347,10.54072753,0
1505414770,21222643,0.17347,28.79172191,0
1505414768,21222642,0.17347,28.79172191,0
1505414767,21222640,0.17347,28.79172191,0
1505414766,21222638,0.17347,28.79172191,0
1505414763,21222631,0.17347,28.79172191,0
1505414761,21222628,0.17235,270.00000000,0
1505414754,21222608,0.17347,28.79172191,0
1505414753,21222606,0.17347,28.79172191,0
1505414752,21222604,0.17347,28.79172191,0
1505414747,21222598,0.17347,28.79172191,0
1505414746,21222597,0.17347,28.79172191,0
1505414744,21222592,0.17347,28.79172191,0
1505414739,21222571,0.17347,28.79172191,0
1505414738,21222568,0.17347,28.79172191,0
1505414736,21222562,0.17347,28.79172191,0
1505414735,21222556,0.17246,270.00000000,1
1505414713,21222465,0.17232,5496.15740320,0
1505414712,21222462,0.17232,1561.18250000,1
1505414709,21222457,0.17347,28.79172191,0
1505414704,21222447,0.17345,28.79504180,0
1505414704,21222444,0.17345,28.79504180,0
1505414704,21222442,0.17345,28.79504180,0
1505414703,21222441,0.17345,28.79172191,0
1505414702,21222438,0.17347,28.79172191,0
1505414701,21222437,0.17347,28.79172191,0
1505414700,21222436,0.17346,28.79338176,0
1505414695,21222434,0.17346,28.79338176,0
1505414693,21222432,0.17243,270.00000000,1
1505414640,21222353,0.17229,1000.34507256,0
1505414640,21222352,0.17237,0.00002744,1
1505414638,21222349,0.17239,1499.65490000,1
1505414522,21222126,0.17349,344.97878840,0
1505414505,21222106,0.17300,10000.00000000,1
1505414476,21222013,0.17300,2504.02685372,1
1505414475,21222010,0.17301,5590.60000000,1
1505414455,21221965,0.17332,1171.59632471,1
1505414449,21221961,0.17363,9211.78559993,0
1505414449,21221960,0.17363,864.29399461,0
1505414448,21221959,0.17362,390.00000000,1
1505414447,21221958,0.17362,5685.85383000,0
1505414420,21221926,0.17300,1917.00005957,1
1505414417,21221921,0.17300,390.00000000,1
1505414413,21221915,0.17332,830.83933600,0
1505414392,21221879,0.17362,1613.74790200,0
1505414376,21221857,0.17363,1606.42057051,0
1505414370,21221841,0.17400,7529.28543488,1
1505414370,21221840,0.17400,1453.34549700,1
1505414370,21221839,0.17400,7163.29141000,1
1505414370,21221838,0.17422,2836.70859000,1
1505414368,21221837,0.17400,1903.73388800,1
1505414367,21221836,0.17400,1896.95903400,1
1505414355,21221811,0.17421,3422.00000000,0
1505414307,21221750,0.17430,2805.57732900,0
1505414307,21221748,0.17430,6280.98691100,0
1505414307,21221747,0.17430,13869.65200000,0
1505414303,21221732,0.17446,4697.23678780,1
1505414302,21221730,0.17432,6277.87260000,0
1505414302,21221728,0.17420,40.00000000,0
1505414302,21221727,0.17410,40.00000000,0
1505414300,21221715,0.17329,78.30859000,0
1505414293,21221694,0.17300,1070.76176470,0
1505414240,21221623,0.17221,3355.61698500,0
1505414236,21221615,0.17221,10000.00000000,0
1505414211,21221584,0.17221,12092.78009000,0
1505414202,21221562,0.17221,551.60292500,0
1505414187,21221540,0.17200,1603.36098161,0
1505414185,21221533,0.17200,5409.05145347,0
1505414178,21221525,0.17200,218.91910405,0
1505414143,21221387,0.17200,3228.42627300,0
1505414136,21221340,0.17200,31396.68675500,0
1505414133,21221338,0.17200,3058.95388100,0
1505414061,21221210,0.17200,1094.82886746,0
1505414039,21221177,0.17200,2989.77268441,0
1505414033,21221168,0.17215,2725.82068125,0
1505413912,21220909,0.17086,78.30859000,1
1505413870,21220778,0.17136,1404.62010000,1
1505413867,21220764,0.17136,30.00000000,1
1505413857,21220732,0.17234,2717.61552744,0
1505413857,21220729,0.17232,2973.02090000,0
1505413856,21220728,0.17232,2973.02090000,0
1505413856,21220727,0.17232,2973.02090000,0
1505413856,21220724,0.17232,2973.02090000,0
1505413856,21220720,0.17232,2973.02090000,0
1505413856,21220719,0.17232,2973.02090000,0
1505413855,21220713,0.17221,6289.34916400,0
1505413855,21220711,0.17221,1448.56300000,0
1505413855,21220709,0.17221,17289.68224000,0
1505413845,21220668,0.17140,3096.30020100,1
1505413843,21220657,0.17140,2543.62934400,1
1505413838,21220635,0.17140,15411.71459546,1
1505413838,21220634,0.17141,17293.56512000,1
1505413837,21220626,0.17142,517.99988354,1
1505413829,21220599,0.17310,85.40780138,1
1505413829,21220596,0.17310,14187.26471000,0
1505413829,21220594,0.17310,3776.75140000,0
1505413824,21220583,0.17174,518.00000000,0
1505413798,21220496,0.17397,6330.69526234,1
1505413798,21220495,0.17397,6643.89300000,1
1505413798,21220493,0.17329,77.75319000,0
1505413797,21220492,0.17300,216.08728571,0
1505413797,21220489,0.17300,1006.32230600,1
1505413797,21220480,0.17299,92.29499000,0
1505413796,21220478,0.17250,100.00000000,0
1505413796,21220477,0.17250,1436.47340000,1
1505413796,21220475,0.17239,5590.60000000,1
1505413795,21220471,0.17238,5590.60000000,0
1505413751,21220390,0.17166,1132.23814518,1
1505413717,21220353,0.17159,0.00005957,0
1505413672,21220229,0.17159,330.12786292,0
1505413650,21220160,0.17159,493.99997751,0
1505413650,21220157,0.17159,0.00002249,0
1505413638,21220120,0.17157,518.00000000,0
1505413607,21220000,0.17154,1418.03060000,0
1505413582,21219951,0.17018,1293.68089926,1
1505413582,21219950,0.17018,17385.30600000,1
1505413582,21219949,0.17018,3321.01310000,1
1505413559,21219856,0.17000,15039.42177311,0
1505413559,21219855,0.17010,2797.29170000,0
1505413559,21219853,0.17010,6573.07800000,0
1505413557,21219846,0.17113,5590.60000000,0
1505413557,21219842,0.17113,4999.60852689,1
1505413551,21219818,0.17113,30.00000000,1
1505413540,21219798,0.17113,5937.84312900,1
1505413515,21219737,0.17113,2092.00000000,1
1505413515,21219735,0.17113,379.00000000,1
1505413507,21219691,0.17113,5305.87658900,1
1505413506,21219686,0.17113,416.81182648,1
1505413501,21219664,0.17156,903.95331079,0
1505413500,21219663,0.17130,434.00000000,0
1505413498,21219659,0.17113,1300.30560000,0
1505413498,21219656,0.17113,1300.30560000,0
1505413497,21219655,0.17113,1300.30560000,0
1505413497,21219654,0.17112,8083.03329400,0
1505413472,21219613,0.17027,2000.00000000,1
1505413465,21219601,0.17107,5590.60000000,0
1505413419,21219429,0.17105,2873.22787600,0
1505413315,21219221,0.17000,159.98991143,0
1505413313,21219215,0.16984,100.00000000,1
1505413297,21219205,0.16982,231.15373429,1
1505413296,21219203,0.16982,184.19090000,1
1505413296,21219202,0.16982,184.19090000,1
1505413296,21219201,0.16982,184.19090000,1
1505413296,21219200,0.16982,184.19090000,1
1505413296,21219199,0.17000,3000.00000000,1
1505413296,21219198,0.17000,160.18732468,1
1505413295,21219197,0.17000,120.70470000,1
1505413295,21219196,0.17001,120.70470000,1
1505413295,21219195,0.17001,120.70470000,1
1505413295,21219194,0.17001,120.70470000,1
1505413295,21219193,0.17001,120.70470000,1
1505413295,21219192,0.17001,120.70470000,1
1505413295,21219191,0.17001,120.70470000,1
1505413294,21219190,0.17001,120.70470000,1
1505413294,21219189,0.17001,0.00002471,1
1505413294,21219186,0.17005,92.29499000,1
1505413294,21219184,0.17010,1431.61780000,1
1505413293,21219182,0.17012,253.60790000,1
1505413293,21219181,0.17013,253.60790000,1
1505413293,21219180,0.17013,253.60790000,1
1505413293,21219179,0.17013,120.70468000,1
1505413292,21219178,0.17014,132.90320000,1
1505413292,21219177,0.17014,253.60790000,1
1505413292,21219176,0.17015,132.90320000,1
1505413292,21219175,0.17021,76.93780000,1
1505413292,21219174,0.17021,76.93780000,1
1505413291,21219173,0.17022,76.93780000,1
1505413291,21219172,0.17022,76.93780000,1
1505413291,21219171,0.17086,77.75319000,1
1505413289,21219168,0.17110,23198.52798632,1
1505413266,21219138,0.17112,52.00944311,0
1505413263,21219136,0.17110,2297.83752192,1
1505413262,21219128,0.17110,500.00000000,1
1505413244,21219096,0.17112,3000.00000000,0
1505413230,21219061,0.17130,1300.30560000,1
1505413222,21219046,0.17111,30.00000000,1
1505413220,21219039,0.17189,824.12787751,1
1505413218,21219036,0.17298,1100.08803977,0
1505413215,21219033,0.17150,13728.04832150,0
1505413215,21219032,0.17149,2292.87680000,0
1505413215,21219031,0.17130,4460.00000000,0
1505413204,21218990,0.17110,561.00000000,1
1505413193,21218938,0.17111,431.32800000,1
1505413188,21218929,0.17187,576.72652636,0
1505413182,21218911,0.17112,6810.00000000,0
1505413181,21218908,0.17112,3190.00000000,1
1505413177,21218898,0.17112,810.00000000,1
1505413155,21218842,0.17329,11283.33064112,1
1505413155,21218841,0.17320,31080.32132246,0
1505413155,21218840,0.17320,40.00000000,0
1505413155,21218839,0.17310,40.00000000,0
1505413154,21218838,0.17299,91.32386000,0
1505413154,21218837,0.17224,90.18106000,0
1505413154,21218835,0.17210,40.00000000,0
1505413153,21218833,0.17200,100.00000000,0
1505413153,21218831,0.17199,2037.00000000,0
1505413152,21218828,0.17198,10000.00000000,0
1505413152,21218827,0.17190,14584.46153846,0
1505413152,21218826,0.17120,7889.00000000,0
1505413151,21218824,0.17110,1446.57680000,1
1505413150,21218821,0.17110,594.23268943,1
1505413148,21218814,0.17110,229.00000000,1
1505413148,21218813,0.17110,40.00000000,0
1505413148,21218811,0.17085,974.34570000,0
1505413148,21218810,0.17084,974.34570000,0
1505413148,21218809,0.17083,974.34570000,0
1505413148,21218807,0.17083,974.34570000,0
1505413148,21218806,0.17083,974.34570000,0
1505413147,21218805,0.17083,974.34570000,0
1505413147,21218804,0.17066,8017.79260000,0
1505413147,21218801,0.17063,1442.50950000,0
1505413147,21218800,0.17062,8017.79260000,0
1505413147,21218798,0.17060,10000.00000000,0
1505413147,21218797,0.17060,20000.00000000,0
1505413147,21218795,0.17059,3637.30103511,0
1505413141,21218776,0.17022,76.93780000,1
1505413141,21218775,0.17023,76.93780000,1
1505413134,21218753,0.17059,4380.49156489,0
1505413134,21218751,0.17058,20000.00000000,0
1505413134,21218750,0.17057,10000.00000000,0
1505413134,21218749,0.17039,10000.00000000,0
1505413134,21218748,0.17020,76.93776000,0
1505413101,21218635,0.17010,40.00000000,0
1505413101,21218633,0.17005,92.90322000,0
1505413099,21218630,0.17000,120.70467529,0
1505413066,21218442,0.16983,130.77513696,1
1505413059,21218400,0.16983,53.41576304,1
1505413059,21218398,0.16983,184.19090000,1
1505413059,21218397,0.16983,184.19090000,1
1505413059,21218396,0.16983,184.19090000,1
1505413059,21218395,0.16983,184.19090000,1
1505413058,21218393,0.16983,184.19090000,1
1505413058,21218392,0.16983,184.19090000,1
1505413058,21218390,0.16984,184.19090000,1
1505413058,21218389,0.16984,184.19090000,1
1505413058,21218387,0.16984,184.19090000,1
1505413058,21218385,0.16985,1900.70280000,1
1505413058,21218384,0.16985,2310.51480000,1
1505413055,21218370,0.16985,189.48520000,1
1505413055,21218368,0.16985,184.19090000,1
1505413055,21218367,0.16985,184.19090000,1
1505413030,21218236,0.16967,2388.89223000,1
1505413029,21218229,0.16950,50.00000000,0
1505413029,21218227,0.16950,500.00000000,0
1505413029,21218226,0.16940,10000.00000000,0
1505413028,21218221,0.16937,10000.00000000,0
1505413026,21218209,0.16938,1491.00441599,0
1505413016,21218125,0.16938,55.95480553,0
1505413015,21218119,0.16938,2168.77543411,0
1505413015,21218112,0.16938,685.73843268,0
1505412997,21218007,0.16934,1119.20503130,0
1505412995,21217990,0.16932,464.79950336,0
1505412994,21217984,0.16934,197.84625599,0
1505412994,21217980,0.16934,79.11246854,0
1505412992,21217959,0.16936,552.40197405,0
1505412991,21217955,0.16938,30.00000000,0
1505412988,21217938,0.16936,484.13677360,0
1505412982,21217909,0.16923,1457.81660000,0
1505412963,21217805,0.16837,100.00000000,0
1505412943,21217731,0.16651,6335.21790290,0
1505412943,21217730,0.16652,5000.00000000,1
1505412942,21217729,0.16770,35773.00000000,1
1505412942,21217728,0.16770,3500.00000000,1
1505412942,21217727,0.16770,1481.96897807,0
1505412942,21217723,0.16771,5000.00000000,1
1505412942,21217720,0.16772,3146.67300000,0
1505412941,21217717,0.16800,2500.00011903,1
1505412941,21217715,0.16802,500.00000000,0
1505412940,21217711,0.16806,100.00000000,0
1505412939,21217709,0.16806,2500.00000000,1
1505412866,21217517,0.16800,1139.69065477,1
1505412866,21217516,0.16801,2500.00000000,1
1505412863,21217498,0.16800,6360.30922620,1
1505412828,21217373,0.16819,1662.24280000,1
1505412826,21217371,0.16819,31048.45543400,1
1505412826,21217370,0.16820,2158.53507000,1
1505412826,21217369,0.16837,30.03986000,1
1505412816,21217345,0.16819,15415.47942033,1
1505412814,21217336,0.16837,4584.52057967,1
1505412814,21217332,0.16837,1347.00000000,0
1505412798,21217282,0.16831,8881.76233200,1
1505412742,21217182,0.16831,6226.35645019,1
1505412741,21217180,0.16940,3073.64354981,1
1505412733,21217159,0.16940,16671.67984000,1
1505412732,21217157,0.16940,30.00000000,1
1505412729,21217153,0.16940,1097.98417946,1
1505412729,21217152,0.16940,3352.35879575,1
1505412729,21217151,0.16940,4903.77335800,1
1505412728,21217148,0.16940,3507.35816496,1
1505412727,21217143,0.16940,1789.32606167,1
1505412717,21217080,0.16940,5910.86186541,1
1505412710,21217068,0.16940,533.00000000,1
1505412691,21217032,0.16940,40189.18062900,1
1505412683,21217023,0.16940,421.70960257,1
1505412681,21217018,0.16940,422.16121326,1
1505412674,21216994,0.16940,1747.98700000,1
1505412671,21216993,0.16940,2041.13987000,1
1505412659,21216955,0.16940,1510.00000000,1
1505412658,21216953,0.16940,1408.75800000,1
1505412657,21216948,0.16940,2550.02423400,1
1505412654,21216932,0.16940,5205.96391790,1
1505412650,21216930,0.16940,31766.14050600,1
1505412649,21216929,0.16940,10000.00000000,1
1505412647,21216927,0.16940,45378.75456000,1
1505412636,21216916,0.16940,1387.54446635,1
1505412636,21216913,0.16940,631.00000000,1
1505412628,21216891,0.16940,1363.04665000,1
1505412626,21216889,0.16940,288.94060700,1
1505412624,21216886,0.16940,408.29884921,1
1505412624,21216884,0.16940,866.03055555,1
1505412621,21216875,0.16940,1363.80144335,1
1505412615,21216859,0.16940,2721.09997000,1
1505412614,21216852,0.16940,3352.35879600,1
1505412613,21216851,0.16940,10000.00000000,1
1505412610,21216837,0.16940,434.42500887,1
1505412610,21216836,0.16940,663.55917000,1
1505412606,21216826,0.16940,2740.77446400,1
1505412606,21216824,0.16940,1905.85358000,1
1505412606,21216823,0.16940,42643.52890500,1
1505412606,21216822,0.16940,6176.14573100,1
1505412603,21216819,0.16940,42351.00000000,0
1505412603,21216816,0.16924,17179.16119000,0
1505412603,21216812,0.16842,0.00000023,0
1505412558,21216670,0.16842,6862.71039100,0
1505412548,21216625,0.16842,2908.83180877,0
1505412548,21216624,0.16841,9712.31139423,0
1505412545,21216613,0.16841,59.23080577,0
1505412543,21216606,0.16832,0.00000013,0
1505412514,21216515,0.16800,2115.00000000,1
1505412505,21216501,0.16832,3035.35871600,0
1505412502,21216493,0.16832,6964.64128387,0
1505412502,21216492,0.16831,228.45784613,0
1505412502,21216490,0.16842,5309.57095356,1
1505412502,21216488,0.16842,4461.97120031,1
1505412499,21216477,0.16842,10000.00000000,1
1505412499,21216476,0.16842,10000.00000000,1
1505412499,21216475,0.16842,10000.00000000,1
1505412498,21216472,0.16843,10000.00000000,1
1505412496,21216463,0.16939,11925.47535294,0
1505412496,21216462,0.16938,17675.73300000,0
1505412494,21216456,0.16842,2268.87720000,1
1505412493,21216451,0.16842,2053.10940000,0
1505412493,21216450,0.16842,5590.60000000,0
1505412493,21216449,0.16841,9614.96128496,0
1505412492,21216448,0.16802,4887.88412100,0
1505412490,21216439,0.16841,385.03871504,0
1505412490,21216436,0.16802,1472.42529500,1
1505412488,21216432,0.16802,2455.74300000,1
1505412484,21216397,0.16800,4632.98938000,1
1505412477,21216369,0.16844,1999.96966278,1
1505412476,21216367,0.16802,370.00000000,0
1505412473,21216360,0.16783,826.89725768,0
1505412473,21216359,0.16770,16921.00000000,0
1505412465,21216309,0.16732,2039.13000000,1
1505412456,21216257,0.16732,1465.66670000,1
1505412455,21216256,0.16729,6042.74723000,0
1505412439,21216185,0.16735,3084.04159212,0
1505412426,21216130,0.16740,352.00000000,0
1505412397,21216060,0.16749,296.00000000,0
1505412385,21216024,0.16605,6406.96510920,1
1505412372,21215981,0.16760,225.65844357,0
1505412371,21215977,0.16762,295.00000000,0
1505412359,21215912,0.16601,3077.30720400,1
1505412359,21215911,0.16608,1470.52290000,1
1505412320,21215764,0.16782,10684.33988623,1
1505412320,21215762,0.16782,1491.30970000,0
1505412320,21215761,0.16600,2841.47673377,0
1505412319,21215756,0.16600,9759.40692771,0
1505412318,21215751,0.16600,901.63909638,0
1505412317,21215748,0.16600,1475.00000000,0
1505412313,21215732,0.16600,6273.00333800,0
1505412312,21215730,0.16600,2457.84245367,0
1505412312,21215727,0.16600,1163.74120481,0
1505412310,21215718,0.16600,291.02457831,0
1505412306,21215701,0.16600,2305.38933734,0
1505412303,21215663,0.16600,1132.76595745,0
1505412302,21215659,0.16600,6217.99765061,0
1505412302,21215657,0.16600,585.94951807,0
1505412301,21215650,0.16600,1297.77927710,0
1505412300,21215640,0.16600,586.06993975,0
1505412299,21215637,0.16600,1481.00456198,0
1505412299,21215635,0.16600,284.80433000,0
1505412294,21215616,0.16600,1481.00456198,0
1505412294,21215614,0.16600,12635.18005051,0
1505412294,21215609,0.16600,547.92543400,0
1505412293,21215605,0.16600,10000.00000000,0
1505412292,21215604,0.16600,1687.00000000,0
1505412292,21215603,0.16600,35646.60988600,0
1505412292,21215598,0.16600,1000.00000000,0
1505412292,21215597,0.16600,1986.50101500,0
1505412291,21215595,0.16600,28656.79398000,0
1505412290,21215586,0.16600,1753.00000000,0
1505412290,21215583,0.16600,3832.62146400,0
1505412289,21215578,0.16600,1470.20280700,0
1505412288,21215575,0.16600,3630.60229772,0
1505412286,21215567,0.16600,5885.72891600,0
1505412286,21215563,0.16600,1000.00000000,0
1505412286,21215562,0.16600,1000.00000000,0
1505412285,21215561,0.16600,6641.59048300,0
1505412283,21215549,0.16600,21579.58600000,0
1505412282,21215548,0.16600,22526.45992895,1
1505412282,21215547,0.16607,1481.95200000,1
1505412282,21215546,0.16608,372.14018989,1
1505412265,21215492,0.16658,1836.74870394,1
1505412265,21215491,0.16658,1511.19085318,1
1505412265,21215490,0.16659,569.52182003,1
1505412262,21215474,0.16659,941.66200992,0
1505412261,21215469,0.16659,569.52884326,0
1505412259,21215451,0.16659,420.58337915,0
1505412259,21215450,0.16659,143.50666767,0
1505412258,21215449,0.16658,1511.19085318,0
1505412258,21215443,0.16658,564.09004682,0
1505412253,21215417,0.16600,7211.54007105,1
1505412253,21215416,0.16600,1627.42725903,1
1505412253,21215415,0.16600,31.00000000,1
1505412252,21215412,0.16602,6000.00000000,1
1505412252,21215411,0.16602,2075.28090000,0
1505412252,21215410,0.16602,2075.28090000,0
1505412252,21215409,0.16608,6006.14161850,1
1505412252,21215407,0.16656,2075.28090000,0
1505412251,21215405,0.16655,639.02360000,0
1505412250,21215402,0.16655,1436.25730000,0
1505412250,21215401,0.16655,635.24270000,0
1505412249,21215399,0.16655,1440.03820000,0
1505412249,21215398,0.16653,2075.28090000,0
1505412249,21215397,0.16652,2075.28090000,0
1505412248,21215395,0.16608,5848.40931316,0
1505412248,21215394,0.16610,500.00000000,1
1505412248,21215393,0.16610,40.00000000,1
1505412248,21215391,0.16620,1560.00000000,1
1505412247,21215389,0.16620,40.00000000,1
1505412247,21215388,0.16622,92.78799000,1
1505412246,21215386,0.16646,1036.62179684,1
1505412246,21215385,0.16664,75.28090000,1
1505412246,21215383,0.16700,2000.00000000,1
1505412244,21215375,0.16701,500.00000000,1
1505412240,21215357,0.16711,6764.61441700,0
1505412240,21215355,0.16711,8710.15428500,0
1505412240,21215352,0.16710,30107.47526100,1
1505412240,21215349,0.16710,19434.37473900,1
1505412239,21215347,0.16711,1000.00000000,1
1505412239,21215345,0.16711,784.33449800,1
1505412228,21215296,0.16783,11000.56450844,0
1505412228,21215294,0.16782,3147.76666000,0
1505412222,21215253,0.16782,7287.83972840,0
1505412222,21215252,0.16750,1117.22859360,0
1505412184,21215117,0.16781,6783.71106300,0
1505412175,21215087,0.16710,346.15000000,1
1505412175,21215086,0.16710,40.00000000,1
1505412175,21215084,0.16710,40.00000000,1
1505412173,21215081,0.16750,9842.85000000,1
1505412123,21214872,0.16750,157.15000000,1
1505412107,21214842,0.16783,235.00000000,0
1505412101,21214831,0.16783,3256.70500000,0
1505412098,21214818,0.16783,592.74563546,0
1505412088,21214802,0.16783,2542.37333700,0
1505412084,21214771,0.16783,1478.64080000,1
1505412084,21214770,0.16783,67.07346142,1
1505412083,21214764,0.16873,158.60895276,0
1505412059,21214720,0.16892,314.00000000,0
1505412058,21214715,0.16783,239.39998254,1
1505412058,21214712,0.16801,7972.82014000,1
1505412035,21214644,0.16783,1151.98162200,1
1505412005,21214522,0.16802,2499.00000000,0
1505412004,21214514,0.16840,1961.00000000,1
1505411984,21214463,0.16898,590.31021423,0
1505411982,21214446,0.16899,1180.66832357,0
1505411974,21214416,0.16899,6133.57222321,0
1505411970,21214398,0.16900,590.24035503,0
1505411967,21214390,0.16711,3300.65573892,1
1505411967,21214389,0.16716,92.90322000,1
1505411967,21214388,0.16720,40.00000000,1
1505411966,21214387,0.16742,74.93010000,1
1505411966,21214385,0.16781,76.93776000,1
1505411966,21214384,0.16782,7550.00000000,1
1505411964,21214380,0.16783,1486.33560000,1
1505411951,21214353,0.16782,2450.00000000,1
1505411951,21214352,0.16790,200.00000000,1
1505411945,21214324,0.16938,29.44580233,1
1505411943,21214317,0.16840,4304.43650961,0
1505411942,21214316,0.16800,4815.33195112,0
1505411941,21214311,0.16800,712.57547619,0
1505411939,21214305,0.16800,682.89928698,0
1505411938,21214299,0.16800,216.08728571,1
1505411938,21214298,0.16800,1000.00000000,1
1505411938,21214297,0.16800,30.00000000,1
1505411938,21214296,0.16808,1483.72780000,1
1505411938,21214294,0.16810,40.00000000,1
1505411937,21214293,0.16810,30.00000000,1
1505411937,21214292,0.16820,40.00000000,1
1505411937,21214291,0.16821,74.57820000,1
1505411937,21214289,0.16826,10000.00000000,1
1505411937,21214288,0.16838,9700.00000000,1
1505411931,21214268,0.16840,30.00000000,0
1505411879,21214007,0.16840,3557.86250865,1
1505411878,21213996,0.16840,13411.28602200,1
1505411874,21213978,0.16840,1417.10105200,1
1505411866,21213886,0.16840,10693.43471089,1
1505411866,21213882,0.16842,19306.56528911,1
1505411865,21213875,0.16841,3036.04471089,0
1505411864,21213866,0.16841,6230.06435000,1
1505411850,21213797,0.16862,590.55270900,0
1505411848,21213781,0.16862,2135.24488100,0
1505411847,21213774,0.16862,1940.50000000,0
1505411843,21213746,0.16862,2080.13064295,0
1505411843,21213743,0.16850,878.09915205,0
1505411842,21213741,0.16850,9643.02968007,1
1505411825,21213695,0.16862,1462.21330000,1
1505411824,21213693,0.16863,2500.00000000,1
1505411814,21213663,0.16858,13592.06000000,1
1505411804,21213651,0.16945,2670.83710000,0
1505411802,21213647,0.16946,200.00000000,1
1505411798,21213640,0.16948,176.48100000,0
1505411796,21213636,0.16949,2464.33130000,0
1505411750,21213545,0.16960,3415.40017689,0
1505411688,21213430,0.16900,559.27167200,0
1505411687,21213429,0.16900,2810.76105200,0
1505411687,21213428,0.16900,10634.95827800,0
1505411680,21213420,0.16900,3240.07479200,0
1505411668,21213403,0.16900,5412.50420118,0
1505411658,21213396,0.16900,1804.29497600,0
1505411630,21213355,0.16950,7159.04867256,1
1505411623,21213345,0.16961,554.38511880,0
1505411599,21213321,0.16900,5590.60000000,0
1505411599,21213320,0.16900,16627.61985355,1
1505411596,21213311,0.16900,46208.21001600,1
1505411594,21213308,0.16900,555.98634738,1
1505411592,21213306,0.16930,251.21988700,1
1505411591,21213303,0.16930,168.78011300,1
1505411579,21213285,0.16964,7465.65690220,1
1505411573,21213275,0.16964,10000.00000000,1
1505411567,21213267,0.16964,2718.36868000,1
1505411562,21213259,0.16964,3593.09000000,1
1505411560,21213257,0.16964,3099.64000000,1
1505411553,21213247,0.16964,188.19356100,1
1505411546,21213235,0.16965,1780.08623158,1
1505411529,21213204,0.16964,2463.00824000,1
1505411528,21213198,0.16990,184.19088900,1
1505411523,21213183,0.16990,470.00000000,0
1505411506,21213160,0.16965,999.77107400,1
1505411504,21213156,0.16990,30.00000000,0
1505411494,21213140,0.16965,1860.34970600,1
1505411467,21213057,0.16964,65047.14041700,1
1505411453,21213031,0.16973,1695.78072900,0
1505411438,21213014,0.16965,30.00000000,1
1505411418,21212984,0.16965,2000.00000000,0
1505411416,21212983,0.16964,8511.15669416,0
1505411407,21212967,0.16900,30.00000000,1
1505411403,21212960,0.16964,1194.07810000,0
1505411399,21212956,0.16964,294.76520584,0
1505411380,21212936,0.16966,2000.00000000,1
1505411358,21212868,0.16968,3442.83391100,0
1505411351,21212848,0.16971,3547.57079724,1
1505411349,21212844,0.16932,120.70492075,0
1505411317,21212800,0.16900,7142.77325569,1
1505411317,21212798,0.16900,2857.22674431,1
1505411317,21212797,0.16900,9949.73254362,1
1505411317,21212796,0.16901,50.26745638,1
1505411299,21212719,0.16901,11163.15556000,0
1505411286,21212696,0.16900,10000.00000000,1
1505411285,21212694,0.16900,35974.73317360,1
1505411251,21212626,0.16900,10000.00000000,1
1505411250,21212621,0.16901,636.00000000,0
1505411247,21212611,0.16901,572.20510000,0
1505411246,21212606,0.16900,10000.00000000,1
1505411244,21212596,0.16900,10000.00000000,1
1505411244,21212594,0.16900,10000.00000000,1
1505411244,21212593,0.16900,10000.00000000,1
1505411244,21212588,0.16900,10000.00000000,1
1505411244,21212587,0.16900,10000.00000000,1
1505411243,21212586,0.16900,10000.00000000,1
1505411243,21212585,0.16900,10000.00000000,1
1505411243,21212582,0.16900,10000.00000000,1
1505411233,21212548,0.16901,7628.63934000,1
1505411193,21212467,0.16931,1195.81415663,0
1505411193,21212465,0.16930,120.70510000,0
1505411192,21212464,0.16930,120.70510000,0
1505411192,21212463,0.16930,120.70510000,0
1505411192,21212462,0.16930,120.70510000,0
1505411192,21212461,0.16930,120.70510000,0
1505411192,21212460,0.16930,120.70510000,0
1505411192,21212459,0.16930,120.70510000,0
1505411192,21212458,0.16930,120.70510000,0
1505411192,21212457,0.16930,120.70510000,0
1505411190,21212450,0.16927,120.70510000,0
1505411186,21212438,0.16900,5834.89970415,1
1505411176,21212404,0.17000,0.00017925,1
1505411176,21212402,0.17000,120.70488236,1
1505411166,21212368,0.16901,8369.38816100,1
1505411123,21212254,0.16853,1134.88310000,1
1505411113,21212229,0.17052,66407.64045273,0
1505411113,21212228,0.17052,4800.00000000,1
1505411113,21212227,0.16980,2319.98340000,0
1505411112,21212221,0.16979,588.06784852,0
1505411111,21212220,0.16979,2059.05907298,0
1505411108,21212201,0.16979,587.49408092,0
1505411063,21212128,0.16979,56.33712941,0
1505411043,21212073,0.17000,30587.80600469,1
1505411036,21212034,0.17000,9615.62723531,1
1505411035,21212031,0.17000,30.00000000,1
1505411033,21212025,0.17000,10943.91000000,1
1505411032,21212019,0.16943,17088.79526000,0
1505411024,21212005,0.17056,63959.39247185,0
1505411024,21212004,0.17000,120.62779809,0
1505411023,21212000,0.16945,4074.17818000,1
1505411022,21211998,0.16945,2165.97399438,0
1505411000,21211942,0.16870,9318.72113900,0
1505411000,21211941,0.16870,215.44066100,0
1505410999,21211940,0.16870,1954.89608000,0
1505410999,21211939,0.16870,4800.68681900,0
1505410999,21211938,0.16870,2778.57890100,0
1505410999,21211935,0.16869,2061.42109895,0
1505410991,21211905,0.16869,464.53035285,0
1505410985,21211896,0.16869,1674.09101689,0
1505410984,21211889,0.16869,5334.11933131,0
1505410982,21211882,0.16868,6534.16183000,0
1505410945,21211828,0.16850,356.97031993,1
1505410924,21211785,0.16840,4200.75576300,1
1505410924,21211784,0.16842,2300.04223700,1
1505410923,21211775,0.16868,2999.99997000,0
1505410922,21211773,0.16864,0.00003000,0
1505410921,21211769,0.16842,999.95776300,1
1505410918,21211759,0.16900,9534.16177000,1
1505410914,21211751,0.16879,465.83823000,0
1505410885,21211687,0.16840,3594.41344032,1
1505410864,21211651,0.16840,2635.97155200,1
1505410844,21211601,0.16841,17105.58656000,1
1505410820,21211558,0.16840,868.00000000,1
1505410801,21211454,0.16845,1495.16176907,0
1505410755,21211320,0.16859,4221.41750000,1
1505410692,21211125,0.16963,6000.00000000,1
1505410674,21211093,0.17000,87065.09935294,0
1505410674,21211091,0.16991,10000.00000000,0
1505410674,21211090,0.16991,9879.37418660,0
1505410672,21211077,0.16990,10000.00000000,0
1505410672,21211074,0.16977,590.06949996,0
1505410672,21211071,0.16977,0.00000004,1
1505410666,21211050,0.16977,897.24385400,1
1505410645,21211004,0.16977,554.28754596,1
1505410645,21211003,0.16977,1451.53140000,1
1505410645,21211002,0.16977,44.18105404,1
1505410630,21210982,0.16991,120.62581340,0
1505410627,21210976,0.17000,33765.55622600,1
1505410604,21210945,0.17000,32348.26173500,1
1505410601,21210941,0.17000,15492.81900000,1
1505410601,21210940,0.17000,18393.36303900,1
1505410589,21210836,0.17021,1100.64038500,1
1505410588,21210832,0.17055,1917.00000000,0
1505410512,21210681,0.17058,699.00000000,0
1505410480,21210633,0.17057,233.18516700,0
1505410466,21210599,0.17083,3713.50693672,1
1505410465,21210598,0.17082,974.34570000,0
1505410465,21210597,0.17082,974.34570000,0
1505410465,21210596,0.17079,974.34570000,0
1505410465,21210595,0.17079,974.34570000,0
1505410465,21210593,0.17079,403.34363900,0
1505410463,21210585,0.17074,3672.54347000,0
1505410458,21210577,0.17079,571.00206100,0
1505410458,21210575,0.17077,5590.60000000,0
1505410456,21210565,0.17076,1932.31060000,0
1505410448,21210549,0.17102,974.34569056,1
1505410426,21210497,0.17021,5590.60000000,1
1505410420,21210487,0.17010,11447.93936762,0
1505410420,21210485,0.17010,10634.26922000,0
1505410407,21210442,0.17010,10112.34269900,0
1505410407,21210441,0.17010,3851.43481200,0
1505410407,21210438,0.17010,2699.22081200,0
1505410407,21210437,0.17010,8016.05405400,0
1505410407,21210435,0.17010,2551.93027600,0
1505410399,21210418,0.17010,2985.00000000,0
