date,tid,price,amount,type
1507075052,22731218,3670.00,0.00788255,0
1507075031,22731215,3670.00,0.02360807,0
1507075025,22731204,3670.00,0.76023966,0
1507075017,22731199,3670.00,0.75124439,0
1507075012,22731195,3670.00,0.03000000,0
1507074996,22731187,3669.90,0.96226312,0
1507074964,22731138,3670.00,0.06251226,0
1507074956,22731131,3664.53,0.00218122,0
1507074888,22731090,3670.00,17.48000000,0
1507074888,22731089,3669.99,0.03000000,0
1507074867,22731088,3669.90,0.25828281,0
1507074625,22731037,3669.90,1.98533203,0
1507074572,22731032,3669.90,0.11639941,0
1507074537,22731031,3669.90,0.02718058,0
1507074292,22730984,3669.90,0.02565033,0
1507074272,22730957,3663.80,0.00760566,1
1507074272,22730956,3669.90,0.00798934,1
1507074233,22730945,3670.00,0.03367184,0
1507074226,22730941,3670.00,0.03676982,0
1507074224,22730939,3669.99,0.03000000,0
1507074111,22730926,3669.99,0.01277345,0
1507074029,22730915,3669.90,0.01423674,1
1507073786,22730871,3669.99,0.03505177,0
1507073763,22730862,3669.90,0.10962384,1
1507073637,22730843,3669.77,0.14115008,0
1507073592,22730824,3669.77,0.02565187,0
1507073512,22730814,3669.90,0.02350178,0
1507073412,22730761,3669.77,0.10025000,0
1507073251,22730724,3669.90,0.00762397,0
1507073231,22730723,3669.77,0.06190635,0
1507073191,22730720,3669.77,0.02879674,0
1507073153,22730717,3661.00,1.00000000,1
1507073152,22730716,3660.76,0.00218315,0
1507073151,22730715,3660.76,0.33775504,1
1507073113,22730714,3669.90,0.00815281,0
1507072972,22730677,3669.90,0.02565033,0
1507072874,22730666,3669.99,0.00755135,0
1507072852,22730664,3669.99,0.00788780,0
1507072802,22730621,3669.99,0.00150000,0
1507072792,22730618,3670.00,0.07120981,0
1507072785,22730616,3670.00,0.84235479,0
1507072785,22730615,3669.99,0.05000000,0
1507072652,22730578,3660.22,0.02550389,0
1507072574,22730557,3660.22,0.00049761,1
1507072568,22730555,3670.00,0.01271497,0
1507072568,22730554,3669.99,0.02499448,0
1507072564,22730552,3669.99,0.02500552,0
1507072431,22730514,3669.99,0.01036438,0
1507072413,22730509,3670.00,0.02565033,0
1507072411,22730508,3669.99,0.01013222,0
1507072370,22730499,3670.00,0.28032608,0
1507072370,22730498,3669.99,0.04000000,0
1507072370,22730497,3669.90,2.31856737,0
1507072333,22730491,3669.90,0.06644915,0
1507072331,22730490,3669.90,0.01277376,0
1507072230,22730446,3660.22,0.00222849,1
1507072191,22730432,3669.90,0.06720972,0
1507071891,22730301,3669.99,0.05462958,0
1507071849,22730290,3669.99,0.03088406,0
1507071847,22730289,3669.99,0.00795416,0
1507071824,22730288,3669.80,0.61543761,0
1507071824,22730287,3669.39,0.03041100,0
1507071824,22730286,3668.88,0.18841968,0
1507071824,22730285,3668.84,0.00396117,0
1507071824,22730284,3667.00,0.11936495,0
1507071766,22730270,3658.31,0.00413188,1
1507071766,22730269,3660.00,0.00458300,1
1507071748,22730262,3667.00,0.00774885,0
1507071726,22730259,3667.00,0.02571556,0
1507071638,22730233,3667.00,0.00272702,0
1507071626,22730230,3667.00,0.07599168,0
1507071557,22730212,3665.00,0.15000000,1
1507071547,22730209,3665.42,0.10409839,0
1507071547,22730208,3665.30,0.11866600,0
1507071546,22730207,3665.00,0.04453900,0
1507071546,22730206,3665.00,0.27647032,0
1507071524,22730201,3665.00,0.07734589,0
1507071404,22730181,3665.00,0.01466147,0
1507071384,22730174,3665.00,0.07603742,0
1507071384,22730173,3664.80,0.00907115,0
1507071373,22730168,3664.80,0.02167992,0
1507071372,22730166,3664.80,0.06149866,0
1507071371,22730165,3664.80,0.00775027,0
1507071371,22730163,3663.74,0.20636017,0
1507071343,22730155,3653.40,0.00218548,1
1507071341,22730154,3653.23,0.02000000,1
1507071333,22730150,3662.26,0.00275190,0
1507071333,22730149,3661.68,0.00221202,0
1507071333,22730148,3660.68,0.50629639,0
1507071326,22730142,3660.68,0.00777057,0
1507071295,22730129,3660.68,0.03549067,0
1507071293,22730128,3660.00,0.10077432,0
1507071200,22730065,3660.00,0.01362568,0
1507071165,22730044,3660.60,0.10000000,0
1507071144,22730041,3660.60,0.01280622,0
1507071092,22730030,3660.68,0.18336507,0
1507071090,22730029,3660.65,0.19663493,0
1507071084,22730028,3649.67,0.13717126,1
1507071084,22730027,3651.45,0.00273260,1
1507071068,22730019,3660.68,0.16400000,0
1507071043,22730015,3660.60,0.03492702,0
1507071002,22729968,3660.60,0.02055662,0
1507070995,22729963,3660.60,0.02770036,0
1507070984,22729957,3660.26,0.00255446,0
1507070982,22729956,3659.90,0.02470037,0
1507070887,22729935,3659.90,0.01647914,0
1507070766,22729909,3659.90,0.02650701,0
1507070503,22729823,3660.60,0.06923225,0
1507070503,22729822,3660.58,0.09084255,0
1507070466,22729817,3660.60,0.01138670,0
1507070466,22729816,3659.87,0.00916706,0
1507070465,22729814,3659.87,0.01260285,0
1507070434,22729798,3659.87,0.00143578,1
1507070431,22729795,3660.59,0.05449941,0
1507070430,22729794,3659.87,0.50000000,1
1507070425,22729790,3659.87,0.53321979,1
1507070421,22729788,3659.87,0.05634020,0
1507070266,22729768,3659.87,0.00758245,0
1507070258,22729767,3660.51,0.03607735,0
1507070257,22729766,3659.88,0.01417265,0
1507070107,22729725,3649.26,0.10000000,0
1507070106,22729724,3649.26,0.10000000,1
1507069966,22729701,3649.00,0.46262051,1
1507069948,22729692,3648.92,0.01417265,1
1507069864,22729682,3660.68,0.01495856,0
1507069864,22729681,3660.67,0.00600946,0
1507069849,22729676,3660.67,0.09399054,0
1507069838,22729675,3648.86,0.02615696,0
1507069837,22729674,3648.87,0.10000000,1
1507069750,22729655,3645.47,0.05946367,1
1507069750,22729653,3645.44,0.06246756,1
1507069750,22729652,3650.24,0.00054405,1
1507069749,22729651,3660.68,0.00036476,1
1507069746,22729645,3660.68,0.91188126,1
1507069740,22729642,3660.68,0.15848070,1
1507069736,22729638,3655.00,0.01923471,0
1507069665,22729600,3660.50,0.03950868,0
1507069610,22729582,3658.90,0.00496975,0
1507069610,22729581,3655.09,0.02227690,0
1507069604,22729577,3661.29,0.02324082,0
1507069604,22729576,3661.27,0.07253226,0
1507069603,22729575,3660.00,0.06307592,0
1507069603,22729574,3658.94,0.13070020,0
1507069603,22729571,3658.90,0.00661093,0
1507069601,22729570,3658.87,0.20383987,0
1507069573,22729564,3658.98,0.05456654,0
1507069564,22729560,3658.99,0.12622336,0
1507069534,22729553,3650.24,0.00218945,1
1507069423,22729512,3659.39,0.01385000,0
1507069383,22729501,3659.43,0.00764940,0
1507069344,22729496,3659.80,0.02571677,0
1507069341,22729495,3659.77,0.06835111,0
1507069325,22729491,3644.88,0.40000000,1
1507069323,22729489,3660.29,0.04906706,0
1507069285,22729482,3654.89,0.04188465,0
1507069280,22729481,3644.00,0.37284819,1
1507069279,22729480,3645.04,0.02715181,1
1507069220,22729447,3655.21,0.15887112,0
1507069218,22729446,3652.00,0.18962899,0
1507069164,22729425,3652.00,0.01539490,0
1507069123,22729421,3652.00,0.07891084,0
1507069106,22729412,3652.00,0.02219648,0
1507069082,22729380,3655.10,0.03500032,0
1507069045,22729363,3655.22,0.00755698,0
1507069044,22729362,3655.10,0.26320132,0
1507069043,22729360,3645.31,0.02828788,1
1507068931,22729300,3657.49,0.01363503,0
1507068875,22729266,3657.49,0.00575000,0
1507068842,22729256,3657.58,0.00764564,0
1507068806,22729234,3657.68,0.00754454,0
1507068767,22729225,3658.30,0.10782241,0
1507068767,22729224,3646.00,0.29217759,0
1507068744,22729223,3658.68,0.04803419,0
1507068723,22729219,3658.89,0.01323667,0
1507068678,22729212,3645.81,0.07403015,1
1507068665,22729209,3660.49,0.02679939,0
1507068642,22729208,3657.40,0.10864636,0
1507068641,22729207,3657.39,0.16044176,0
1507068604,22729189,3658.08,0.06271596,0
1507068551,22729149,3654.06,0.22500000,0
1507068405,22729083,3655.56,0.00793542,0
1507068388,22729077,3655.57,0.02388981,0
1507068388,22729076,3647.97,0.24708117,0
1507068386,22729075,3647.97,0.02607283,0
1507068346,22729054,3647.97,0.02341378,0
1507068264,22729033,3647.97,0.01839222,0
1507068179,22729007,3652.89,0.06826650,0
1507068163,22729001,3650.90,0.02333851,0
1507068144,22728994,3650.99,0.00282966,0
1507068144,22728993,3650.89,0.02396540,0
1507068123,22728987,3650.89,0.02513634,0
1507068062,22728954,3651.49,0.00273838,0
1507068023,22728927,3652.50,0.13400083,0
1507067964,22728894,3649.27,0.01409708,0
1507067949,22728885,3646.26,0.00188820,1
1507067949,22728883,3646.26,0.05345791,1
1507067949,22728882,3646.26,0.00073650,1
1507067913,22728856,3651.00,0.00003599,1
1507067905,22728853,3651.00,0.08994747,1
1507067865,22728795,3650.48,0.00382129,1
1507067860,22728787,3660.00,0.00764258,0
1507067858,22728784,3660.00,0.01528515,0
1507067851,22728780,3660.00,0.00140000,1
1507067831,22728775,3660.00,0.01400000,0
1507067828,22728774,3660.00,0.00140000,1
1507067804,22728771,3660.00,0.00140000,0
1507067800,22728768,3660.00,0.02019948,0
1507067799,22728767,3660.00,0.01037083,0
1507067796,22728765,3660.00,0.00140000,1
1507067796,22728763,3660.00,0.06114061,1
1507067791,22728760,3660.00,0.02360000,0
1507067788,22728756,3660.00,0.00140000,1
1507067766,22728752,3659.90,0.00140000,0
1507067760,22728751,3659.99,0.00140000,0
1507067755,22728750,3659.99,0.00140000,0
1507067751,22728748,3660.00,0.00140000,0
1507067734,22728744,3660.00,0.00060947,0
1507067734,22728743,3659.99,0.00079053,0
1507067731,22728742,3659.99,0.00140000,0
1507067726,22728741,3648.45,0.00219053,1
1507067723,22728739,3660.00,0.00140000,0
1507067716,22728737,3660.00,0.00150000,0
1507067686,22728728,3660.00,0.01778223,0
1507067685,22728727,3660.00,0.03554576,0
1507067684,22728726,3648.42,0.04964511,1
1507067675,22728724,3660.00,0.25891530,0
1507067645,22728720,3660.00,0.03783965,0
1507067643,22728719,3660.00,0.01376075,0
1507067643,22728718,3659.89,0.03116930,0
1507067596,22728699,3647.23,0.01991374,1
1507067571,22728693,3646.61,0.12161974,0
1507067570,22728692,3659.59,0.10223440,0
1507067568,22728691,3660.00,0.14152090,0
1507067568,22728690,3659.73,0.94278000,0
1507067567,22728689,3659.59,0.13000000,0
1507067567,22728688,3656.65,0.05302514,0
1507067567,22728687,3655.99,0.23230508,0
1507067567,22728686,3655.98,0.54453980,0
1507067567,22728685,3653.00,0.59183069,0
1507067567,22728684,3653.00,0.02817971,0
1507067565,22728682,3652.90,0.03482345,0
1507067564,22728681,3652.90,1.34339618,0
1507067543,22728676,3653.00,0.04050700,0
1507067523,22728673,3653.00,0.12560909,0
1507067523,22728672,3653.00,0.00765651,0
1507067506,22728668,3653.00,0.02545516,0
1507067444,22728657,3653.00,0.01533822,0
1507067388,22728651,3653.00,0.00330687,0
1507067365,22728640,3646.26,0.00200000,1
1507067343,22728634,3653.00,0.25394744,0
1507067277,22728597,3652.80,0.02130000,0
1507067211,22728548,3652.80,0.01365254,0
1507067176,22728518,3652.80,0.15054692,0
1507067175,22728487,3652.80,0.00528909,0
1507067163,22728484,3652.80,0.06280661,0
1507067155,22728478,3652.80,0.29935556,0
1507067144,22728465,3652.80,0.01670483,0
1507067067,22728418,3652.90,0.13622761,0
1507067056,22728413,3652.90,0.04047510,0
1507067044,22728411,3652.90,1.01554583,0
1507066930,22728384,3655.40,0.02728840,0
1507066859,22728360,3646.90,0.03886878,0
1507066857,22728359,3646.90,0.00593655,1
1507066847,22728351,3655.50,0.73324462,0
1507066847,22728350,3655.20,0.26675538,0
1507066844,22728349,3655.20,0.13585332,0
1507066763,22728326,3655.80,0.13642705,0
1507066729,22728324,3655.50,0.01364246,0
1507066686,22728312,3655.80,0.01273291,0
1507066685,22728311,3655.80,1.17535330,0
1507066685,22728310,3655.79,0.14000000,0
1507066685,22728309,3655.00,0.00014821,0
1507066665,22728301,3655.00,0.06597179,0
1507066664,22728299,3655.00,0.03388000,0
1507066571,22728274,3655.79,0.03264014,0
1507066551,22728269,3655.20,0.34860441,0
1507066551,22728268,3655.11,0.35856660,0
1507066464,22728196,3654.86,0.01323122,0
1507066443,22728190,3655.01,0.02510800,0
1507066389,22728181,3655.80,0.25182373,0
1507066364,22728152,3656.19,0.02575553,0
1507066341,22728147,3646.90,0.17528408,0
1507066340,22728146,3646.90,2.33090000,1
1507066323,22728141,3656.65,0.06274049,0
1507066294,22728127,3656.72,0.01282226,0
1507066184,22728106,3654.77,0.00817036,0
1507066131,22728084,3645.24,0.06415532,1
1507066058,22728064,3647.91,0.33100000,1
1507066004,22728033,3656.77,0.05332135,0
1507065985,22728026,3656.80,0.00872044,0
1507065962,22728018,3656.67,0.10197703,0
1507065945,22728017,3648.99,0.50000000,1
1507065925,22728014,3656.90,0.05203509,0
1507065916,22728013,3648.90,0.00219072,1
1507065886,22727992,3647.93,0.00288743,1
1507065886,22727991,3647.93,0.00514883,1
1507065884,22727990,3656.88,0.00894310,0
1507065866,22727984,3656.90,0.01177572,0
1507065855,22727982,3657.00,0.26909076,0
1507065854,22727981,3657.00,0.07067908,0
1507065852,22727980,3656.88,0.00999932,0
1507065824,22727973,3656.90,0.05363529,0
1507065795,22727963,3648.33,0.02000000,0
1507065789,22727961,3648.50,0.01045546,1
1507065763,22727926,3656.90,0.02659366,0
1507065632,22727857,3657.00,0.02727372,0
1507065584,22727829,3656.90,0.07742584,0
1507065581,22727827,3647.51,0.02858726,1
1507065581,22727826,3650.00,0.00612635,1
1507065564,22727817,3657.00,0.01411354,0
1507065507,22727792,3656.90,0.10221353,0
1507065505,22727786,3656.89,0.04206875,0
1507065495,22727778,3656.79,0.01725000,0
1507065485,22727774,3656.68,0.02699489,0
1507065485,22727773,3651.85,0.00002940,0
1507065440,22727759,3647.81,0.36340451,1
1507065402,22727750,3656.89,0.04200000,1
1507065394,22727745,3657.00,0.02701221,0
1507065374,22727739,3656.89,0.04831565,0
1507065363,22727738,3656.89,0.06273636,0
1507065316,22727728,3656.68,0.18373663,1
1507065315,22727726,3652.91,0.07980426,0
1507065306,22727725,3652.91,0.00796580,0
1507065278,22727715,3652.91,0.18613155,0
1507065245,22727702,3652.91,0.00873891,0
1507065207,22727683,3652.90,0.01872555,1
1507065207,22727682,3652.90,0.00964807,1
1507065206,22727681,3652.91,0.00756669,0
1507065171,22727668,3652.91,0.02730700,0
1507065160,22727667,3652.91,0.01098579,0
1507065123,22727635,3652.91,1.67150000,0
1507065123,22727634,3652.90,2.32850000,0
1507065097,22727632,3652.80,0.22660207,0
1507065095,22727631,3652.79,0.02912713,0
1507065063,22727599,3652.80,0.01671626,0
1507065037,22727598,3647.36,0.00550000,1
1507064990,22727589,3652.80,0.01232743,0
1507064943,22727561,3646.00,0.04225851,1
1507064942,22727557,3652.80,0.00601024,0
1507064884,22727541,3652.90,0.01365217,0
1507064794,22727513,3652.90,0.13426391,0
1507064761,22727508,3652.90,0.00764790,0
1507064714,22727498,3652.90,0.11536039,0
1507064712,22727497,3652.90,0.05461414,0
1507064686,22727489,3652.90,0.05342532,0
1507064685,22727488,3652.90,0.08839593,0
1507064663,22727483,3652.90,0.06943014,0
1507064629,22727481,3652.90,0.20320000,0
1507064609,22727473,3645.04,0.01400000,1
1507064598,22727469,3652.80,0.02709388,0
1507064595,22727468,3652.77,0.04048607,0
1507064595,22727467,3652.80,0.01365300,0
1507064594,22727466,3652.80,0.05324755,0
1507064518,22727434,3645.63,0.04894375,1
1507064506,22727418,3645.74,0.01526677,1
1507064503,22727415,3658.97,0.00766092,0
1507064486,22727379,3645.62,0.00428325,1
1507064485,22727377,3659.20,0.00790344,0
1507064463,22727266,3658.49,0.08025000,0
1507064446,22727210,3645.61,0.04024555,1
1507064446,22727208,3658.67,0.00904071,0
1507064442,22727202,3645.51,0.00662966,0
1507064441,22727198,3645.05,0.03167986,0
1507064439,22727193,3645.51,0.02500000,0
1507064435,22727184,3645.62,0.00495881,1
1507064434,22727183,3645.62,0.04504119,0
1507064429,22727153,3645.62,0.03112342,1
1507064418,22727034,3645.50,0.22311019,0
1507064418,22727026,3645.05,0.02479359,1
1507064413,22726976,3645.53,0.01938000,1
1507064404,22726942,3659.30,0.02507856,0
1507064391,22726906,3659.20,0.08178017,0
1507064365,22726892,3652.20,0.40029258,0
1507064291,22726858,3653.90,0.05459920,0
1507064250,22726853,3655.00,0.00758981,0
1507064249,22726852,3655.00,0.07684874,0
1507064235,22726847,3655.10,0.00272770,0
1507064228,22726846,3655.10,0.02572878,0
1507064226,22726844,3655.09,0.02045726,0
1507064218,22726841,3645.90,0.72726670,1
1507064218,22726839,3650.54,0.00273330,1
1507064215,22726833,3655.21,0.03712601,1
1507064215,22726832,3655.21,0.28781353,1
1507064205,22726821,3655.21,0.01000000,1
1507064164,22726805,3656.90,0.05319687,0
1507064124,22726801,3657.10,0.01281427,0
1507064107,22726790,3655.21,0.00218647,1
1507064103,22726781,3657.29,0.06272950,0
1507064084,22726779,3657.50,0.10322953,0
1507064047,22726770,3657.79,0.02541551,0
1507064025,22726767,3657.90,0.05485867,0
1507063884,22726727,3658.80,0.00801360,0
1507063864,22726721,3658.90,0.01281197,0
1507063841,22726719,3659.10,0.02675677,0
1507063825,22726715,3659.20,0.02365399,0
1507063824,22726714,3659.29,0.01875000,0
1507063803,22726703,3659.50,0.02507719,0
1507063784,22726689,3659.69,0.01366782,0
1507063743,22726683,3659.72,0.10324728,0
1507063706,22726680,3659.72,0.02206089,0
1507063704,22726679,3659.29,0.01334151,0
1507063667,22726632,3659.50,0.21314164,0
1507063604,22726624,3659.50,0.02306965,0
1507063602,22726622,3657.76,0.00400000,0
1507063585,22726619,3657.67,0.02574989,0
1507063560,22726608,3645.14,0.00300000,1
1507063559,22726607,3645.14,0.00300000,1
1507063533,22726602,3658.03,0.06597485,0
1507063521,22726601,3641.20,0.01300000,1
1507063505,22726599,3658.37,0.02119263,0
1507063427,22726586,3654.83,0.13620381,0
1507063394,22726581,3655.20,0.03777309,0
1507063389,22726577,3655.30,0.00767839,0
1507063387,22726576,3655.30,0.02248389,0
1507063386,22726575,3655.36,0.07875581,0
1507063384,22726573,3655.39,0.08628432,1
1507063384,22726572,3655.39,0.02286682,0
1507063371,22726554,3655.53,0.02783181,0
1507063353,22726552,3655.87,0.26903388,0
1507063345,22726549,3655.83,0.01314178,0
1507063300,22726523,3656.73,0.01189314,0
1507063285,22726518,3656.96,0.02430507,0
1507063283,22726511,3656.97,0.03991219,0
1507063226,22726493,3657.32,0.01303729,0
1507063224,22726492,3657.17,0.26946680,0
1507063203,22726480,3643.30,0.13055442,1
1507063194,22726470,3657.45,0.50000000,0
1507063190,22726466,3657.57,0.01763143,0
1507063189,22726465,3654.49,0.04017923,0
1507063189,22726463,3651.64,0.06203032,0
1507063189,22726462,3651.38,0.06000000,0
1507063189,22726461,3649.98,0.04996983,0
1507063189,22726460,3649.46,0.01069251,0
1507063189,22726459,3648.56,0.02521160,0
1507063184,22726456,3644.00,0.93659400,0
1507063144,22726421,3637.90,1.32375202,1
1507063144,22726420,3637.93,0.35210050,1
1507063055,22726377,3643.79,0.02353971,1
1507063050,22726370,3643.79,0.96101907,1
1507063048,22726362,3643.79,0.05187410,0
1507063041,22726356,3643.79,0.04501314,0
1507063026,22726354,3644.00,0.12865532,0
1507063024,22726347,3643.99,0.00874683,0
1507063021,22726338,3628.90,1.24315627,1
1507063004,22726331,3643.87,0.00857354,0
1507062989,22726253,3644.00,0.03170086,0
1507062987,22726252,3643.99,0.05359106,0
1507062971,22726246,3643.88,0.26683377,0
1507062913,22726197,3643.12,0.01374845,0
1507062905,22726193,3643.43,0.12223737,0
1507062904,22726192,3633.50,0.15121429,0
1507062904,22726191,3631.61,0.13011917,0
1507062901,22726189,3631.61,0.02592148,0
1507062887,22726177,3631.61,0.10470875,0
1507062887,22726176,3622.11,0.16784370,1
1507062886,22726175,3622.31,0.00400000,1
1507062886,22726174,3624.62,0.03801720,1
1507062886,22726173,3630.89,0.02980136,1
1507062886,22726172,3631.00,0.05257640,1
1507062885,22726170,3631.61,0.06829355,0
1507062872,22726163,3631.00,0.03600000,1
1507062871,22726156,3631.61,0.01003578,0
1507062855,22726148,3631.00,0.01497360,1
1507062853,22726145,3631.61,0.01920368,0
1507062840,22726132,3631.61,0.05487118,0
1507062840,22726131,3631.61,0.08120571,0
1507062823,22726121,3631.61,0.03893173,0
1507062822,22726120,3631.61,0.05487118,0
1507062804,22726115,3631.61,0.05369410,0
1507062771,22726095,3631.50,0.09613658,0
1507062761,22726092,3631.50,1.78837670,0
1507062735,22726078,3631.50,0.01464133,0
1507062712,22726067,3631.50,0.02968411,0
1507062703,22726059,3631.50,0.01344209,0
1507062700,22726052,3631.50,0.02829409,0
1507062678,22726041,3631.61,0.00699904,0
1507062675,22726036,3631.60,0.25000000,0
1507062663,22726028,3631.00,0.01450000,1
1507062661,22726022,3631.60,0.00790845,0
1507062627,22725995,3631.00,0.01450000,1
1507062627,22725994,3631.60,0.05675156,0
1507062625,22725992,3631.60,0.00770438,0
1507062623,22725991,3631.60,0.12979312,0
1507062561,22725964,3631.00,0.00145000,1
1507062556,22725963,3630.89,0.00145000,1
1507062554,22725962,3631.60,0.10823757,0
1507062552,22725961,3630.89,0.00145000,1
1507062546,22725959,3630.89,0.00145000,1
1507062540,22725954,3630.89,0.00145000,1
1507062529,22725944,3630.89,0.00145000,1
1507062506,22725936,3631.60,0.02696544,0
1507062481,22725931,3631.60,0.12360392,0
1507062464,22725930,3631.60,0.03893388,0
1507062449,22725919,3631.60,0.21958615,0
1507062447,22725918,3630.89,0.00138000,1
1507062414,22725908,3630.89,0.00138000,1
1507062413,22725907,3631.61,0.00196607,1
1507062411,22725906,3631.49,0.01588568,0
1507062406,22725905,3630.89,0.00138000,1
1507062404,22725904,3622.21,0.01494664,1
1507062394,22725902,3631.50,0.22745053,0
1507062361,22725896,3630.79,0.01552717,1
1507062360,22725895,3630.79,0.76617874,0
1507062344,22725892,3631.30,0.01046817,0
1507062304,22725874,3621.31,0.07733072,1
1507062304,22725872,3625.99,0.00779591,1
1507062286,22725860,3625.99,0.00220409,1
1507062286,22725859,3631.39,0.13529342,0
1507062245,22725799,3631.30,0.02604373,0
1507062243,22725798,3631.39,0.03749307,0
1507062224,22725795,3631.40,0.54638897,0
1507062217,22725790,3631.39,0.05069617,0
1507062207,22725786,3631.50,0.01330485,0
1507062206,22725784,3631.50,0.40000000,1
1507062206,22725783,3631.61,0.03160858,0
1507062205,22725782,3631.61,0.00770459,0
1507062204,22725781,3620.71,0.02206051,1
1507062204,22725780,3621.11,0.12156210,1
1507062204,22725779,3621.21,0.91250739,1
1507062199,22725778,3631.50,0.11841893,0
1507062199,22725777,3631.50,0.12909817,0
1507062193,22725770,3631.50,0.00294969,0
1507062170,22725764,3631.50,0.02451644,0
1507062138,22725759,3631.50,0.06774019,0
1507062137,22725758,3631.50,0.15000000,0
1507062116,22725754,3631.50,0.01000000,0
1507062110,22725753,3631.61,0.42173306,0
1507062108,22725752,3631.50,2.32671598,0
1507062065,22725728,3631.50,0.01528402,0
1507062044,22725726,3631.61,0.04542023,0
1507062031,22725722,3631.61,0.00137129,0
1507062017,22725721,3631.61,0.06234285,0
1507062016,22725720,3631.61,0.16223582,0
1507062011,22725713,3631.61,0.00137129,0
1507062004,22725711,3631.61,0.00137129,0
1507061984,22725709,3631.61,0.05024901,0
1507061974,22725708,3631.61,0.02854785,0
1507061963,22725707,3631.61,0.13437929,0
1507061943,22725704,3631.61,0.01290883,0
1507061933,22725702,3631.61,0.13374357,0
1507061918,22725701,3631.61,0.21726127,0
1507061883,22725691,3631.61,0.02746103,0
1507061863,22725687,3631.61,0.00770480,0
1507061823,22725677,3631.50,0.00900565,0
1507061823,22725676,3631.50,0.02527055,0
1507061801,22725667,3631.50,0.45867009,0
1507061687,22725635,3623.30,0.01781272,1
1507061682,22725618,3631.50,0.01000000,0
1507061672,22725613,3631.50,0.38182294,1
1507061667,22725612,3631.50,0.60025000,0
1507061666,22725611,3631.50,0.01592864,0
1507061648,22725606,3631.50,0.04023938,0
1507061646,22725605,3631.50,0.02643932,0
1507061644,22725604,3631.50,0.13254868,0
1507061643,22725603,3631.50,0.02527054,0
1507061624,22725597,3631.50,0.02592219,0
1507061605,22725596,3631.50,0.06219704,0
1507061602,22725591,3623.73,0.09000000,1
1507061583,22725584,3631.50,0.25545091,0
1507061566,22725531,3631.50,0.02676571,0
1507061543,22725527,3631.50,0.28717039,0
1507061473,22725503,3631.50,0.13523446,0
1507061473,22725502,3631.50,0.13100997,0
1507061462,22725497,3631.50,0.06317499,0
1507061435,22725488,3631.50,0.13099453,0
1507061391,22725473,3631.50,0.13099453,0
1507061381,22725463,3631.50,0.08577650,0
1507061369,22725458,3631.50,0.24472628,0
1507061365,22725457,3631.50,0.02662636,0
1507061346,22725441,3631.50,0.04102000,0
1507061344,22725438,3631.50,0.01981590,0
1507061337,22725435,3631.40,0.02746874,0
1507061304,22725434,3631.50,0.01318665,0
1507061297,22725430,3631.50,0.10025000,0
1507061297,22725428,3631.50,0.08124068,0
1507061285,22725427,3631.50,0.27750037,0
1507061251,22725413,3631.50,0.03042890,0
1507061237,22725411,3631.50,0.10025000,0
1507061189,22725397,3631.50,0.12107379,0
1507061184,22725395,3631.50,0.09488654,0
1507061173,22725393,3631.50,0.02725217,0
1507061167,22725390,3631.50,0.34151929,0
1507061144,22725383,3631.50,0.02578285,0
1507061126,22725377,3631.50,0.19227592,0
1507061112,22725375,3631.50,0.00985000,0
1507061106,22725367,3631.50,0.02651459,0
1507061088,22725353,3622.31,7.43200000,1
1507061087,22725352,3622.40,2.54800000,1
1507061084,22725351,3631.50,0.06650229,0
1507061073,22725345,3630.00,0.01000000,0
1507061070,22725344,3630.56,0.01000000,1
1507061066,22725343,3631.61,0.11667552,1
1507061064,22725342,3631.29,0.62499526,0
1507061043,22725333,3631.40,0.13735409,0
1507061037,22725331,3631.39,0.16410907,0
1507061003,22725321,3631.39,0.02229171,0
1507061002,22725320,3631.39,0.10006000,0
1507060981,22725307,3631.61,0.00373000,0
1507060972,22725304,3643.17,0.16151828,0
1507060964,22725302,3643.60,0.00897631,0
1507060960,22725300,3620.00,0.40520087,1
1507060960,22725299,3620.00,0.04459300,1
1507060960,22725297,3620.00,1.14451000,1
1507060960,22725296,3620.00,0.10000000,1
1507060960,22725295,3621.68,0.00221202,1
1507060959,22725294,3623.00,0.00240712,1
1507060959,22725293,3624.00,0.31000000,1
1507060959,22725291,3625.00,0.01000000,1
1507060958,22725289,3625.11,0.37015000,1
1507060958,22725287,3625.91,0.00275190,1
1507060958,22725286,3626.99,0.00500000,1
1507060957,22725285,3627.19,0.00396096,1
1507060957,22725284,3628.85,0.00551139,1
1507060957,22725283,3629.00,1.10000000,1
1507060955,22725282,3630.00,0.50657628,1
1507060955,22725281,3630.76,0.98712646,1
1507060954,22725280,3630.00,0.49342372,1
1507060954,22725279,3630.00,0.02714683,1
1507060954,22725278,3630.50,0.13772208,1
1507060954,22725277,3630.73,0.75897440,1
1507060954,22725275,3632.00,0.01000000,1
1507060937,22725274,3643.70,0.03124464,0
1507060923,22725272,3643.80,0.27378012,0
1507060912,22725266,3643.80,0.05653581,0
1507060903,22725265,3643.90,0.01288659,0
1507060889,22725259,3644.00,0.00000503,1
1507060886,22725254,3644.00,1.09738897,1
1507060857,22725247,3630.60,0.01287354,1
1507060852,22725245,3646.79,0.02735282,0
1507060850,22725244,3646.79,0.02705318,0
1507060846,22725207,3631.08,0.00547026,1
1507060846,22725206,3635.00,0.11641045,1
1507060840,22725203,3646.87,0.01000000,0
1507060835,22725201,3646.89,0.12965842,0
1507060833,22725196,3646.87,0.00999847,0
1507060773,22725151,3646.95,0.02484351,1
1507060773,22725150,3646.95,0.11316511,1
1507060772,22725149,3643.37,0.02612401,0
1507060770,22725148,3643.37,0.10350932,0
1507060770,22725147,3643.35,0.00999983,0
1507060744,22725139,3643.18,0.02518953,1
1507060729,22725132,3643.05,0.10025000,0
1507060706,22725125,3642.87,0.11989676,0
1507060706,22725124,3637.77,0.01498663,0
1507060683,22725111,3637.77,0.25501337,0
1507060666,22725104,3637.77,0.01000000,1
1507060653,22725088,3643.24,0.05401141,0
1507060645,22725084,3642.79,0.00819472,0
1507060637,22725083,3642.73,0.02984811,0
1507060611,22725081,3643.08,0.05401141,0
1507060597,22725077,3643.12,0.04198010,0
1507060584,22725073,3630.17,0.14061443,1
1507060524,22725040,3642.68,0.00800334,0
1507060513,22725038,3643.01,0.02715082,0
1507060506,22725035,3643.02,0.02946372,0
1507060503,22725033,3643.02,0.06297522,0
1507060471,22725025,3630.34,0.24840080,1
1507060471,22725024,3635.64,0.01041662,1
1507060463,22725009,3643.57,0.25754960,0
1507060462,22725008,3643.49,0.29000000,0
1507060460,22725007,3643.37,0.02912980,0
1507060452,22725000,3643.57,0.24226238,0
1507060445,22724999,3643.57,0.00918250,0
1507060349,22724978,3635.64,0.00219824,1
1507060326,22724971,3645.87,0.00500000,0
1507060308,22724963,3646.33,0.01868316,0
1507060306,22724962,3646.39,0.02182908,0
1507060283,22724957,3646.99,0.00547026,0
1507060271,22724953,3647.27,0.10582551,0
1507060269,22724952,3647.39,0.02618922,0
1507060248,22724943,3640.80,0.01026572,0
1507060246,22724940,3640.80,0.02195915,0
1507060244,22724939,3640.77,0.02581556,0
1507060214,22724919,3641.43,0.09168267,1
1507060214,22724917,3641.43,0.02525000,0
1507060165,22724894,3635.64,0.00703287,1
1507060161,22724893,3646.70,0.02685893,0
1507060156,22724890,3646.90,0.13462024,0
1507060156,22724889,3647.00,0.12753207,0
1507060155,22724887,3647.09,0.02178945,0
1507060154,22724886,3647.09,0.02717431,0
1507060146,22724878,3641.27,0.01017539,0
1507060110,22724815,3645.49,0.03353884,0
1507060101,22724813,3645.47,0.01026181,0
1507060088,22724808,3645.66,0.00201533,0
1507060086,22724806,3645.66,0.00403065,0
1507060083,22724801,3645.67,0.02636502,0
1507060061,22724798,3645.67,0.10792722,0
1507060005,22724777,3647.27,0.00808615,0
1507060002,22724775,3647.49,0.07161275,0
1507059988,22724772,3647.73,0.27345774,0
1507059983,22724769,3647.99,0.02704598,0
1507059963,22724752,3641.18,0.25477455,0
1507059952,22724744,3641.46,0.05030000,0
1507059940,22724742,3641.39,0.02716684,0
1507059937,22724736,3641.41,0.13623913,0
1507059924,22724731,3641.90,0.01866097,0
1507059915,22724727,3635.64,0.11753582,1
1507059911,22724723,3642.40,0.01201391,0
1507059904,22724721,3642.85,0.00768054,0
1507059898,22724720,3630.01,0.00884878,1
1507059898,22724719,3630.04,0.10115122,0
1507059896,22724716,3633.00,0.10061340,1
1507059891,22724715,3633.00,0.14938660,1
1507059891,22724714,3634.00,0.05000000,1
1507059891,22724713,3635.64,0.05910077,1
1507059889,22724712,3643.35,0.02054033,0
1507059857,22724697,3635.64,0.00292955,1
1507059855,22724696,3639.90,0.01207045,1
1507059827,22724688,3646.29,0.01535932,0
1507059820,22724686,3646.39,0.04030000,0
1507059775,22724658,3642.30,0.31804344,0
1507059774,22724657,3642.30,0.00263709,0
1507059767,22724656,3642.56,0.00527418,0
1507059764,22724654,3642.70,0.01282836,0
1507059763,22724653,3642.70,0.01054836,0
1507059760,22724652,3642.75,0.02109672,0
1507059755,22724649,3640.50,0.02841651,0
1507059746,22724646,3639.90,0.00050710,1
1507059746,22724645,3640.20,0.17092742,1
1507059736,22724641,3640.50,0.00696851,0
1507059704,22724632,3640.50,0.03998854,0
1507059697,22724631,3639.90,0.01356982,1
1507059675,22724622,3640.50,0.02327428,0
1507059672,22724620,3640.50,0.00210995,0
1507059671,22724619,3640.50,0.00421990,0
1507059666,22724614,3640.50,0.00843979,0
1507059664,22724613,3640.50,0.00766911,0
1507059664,22724612,3640.50,0.01687958,0
1507059645,22724597,3640.50,1.72491326,1
1507059643,22724594,3640.50,0.14486997,1
1507059632,22724588,3640.50,0.08792700,1
1507059630,22724583,3640.50,0.56232450,1
1507059625,22724580,3640.50,0.13105367,1
1507059625,22724579,3648.53,0.02571980,0
1507059623,22724575,3640.50,0.11287231,1
1507059618,22724568,3640.50,0.12059018,1
1507059600,22724545,3640.50,0.19621568,1
1507059595,22724543,3648.17,0.06518750,0
1507059581,22724531,3640.50,0.14203525,1
1507059576,22724523,3640.50,0.44697962,1
1507059576,22724522,3640.50,0.14204101,1
1507059575,22724521,3640.50,0.23733179,1
1507059575,22724519,3640.50,0.41625210,1
1507059572,22724518,3640.50,0.60575000,1
1507059569,22724516,3640.50,0.14204101,1
1507059568,22724513,3640.50,0.74859343,1
1507059568,22724512,3645.00,0.01096500,0
1507059562,22724500,3640.50,0.18805197,1
1507059556,22724487,3640.50,0.10946578,1
1507059555,22724486,3640.50,0.07782025,1
1507059548,22724472,3640.50,0.42466395,1
1507059548,22724471,3640.50,0.08173075,1
1507059543,22724467,3640.50,0.28312925,1
1507059543,22724465,3640.50,0.43719861,1
1507059543,22724464,3641.00,0.13457717,1
1507059542,22724459,3640.50,1.53910464,1
1507059542,22724458,3640.50,0.08666660,1
1507059539,22724449,3640.50,0.20486382,1
1507059539,22724448,3645.00,0.00000195,1
1507059539,22724446,3645.00,0.04999805,1
1507059535,22724435,3640.50,0.14140543,1
1507059534,22724434,3640.50,0.10946578,1
1507059528,22724422,3640.50,1.12838000,1
1507059524,22724411,3640.50,0.39548289,1
1507059524,22724410,3640.50,0.20351342,1
1507059523,22724407,3640.50,0.02729772,1
1507059523,22724405,3640.50,0.51112065,1
1507059523,22724404,3640.50,0.12946624,1
1507059516,22724401,3640.50,0.55002807,1
1507059516,22724400,3640.50,0.69815893,1
1507059510,22724384,3640.50,0.75494427,1
1507059505,22724375,3640.50,0.36942757,1
1507059504,22724372,3640.50,0.03835738,1
1507059504,22724371,3640.51,0.43000000,1
1507059492,22724358,3640.50,0.25416676,1
1507059486,22724353,3640.50,0.11506032,1
1507059486,22724351,3640.50,1.83509284,1
1507059473,22724329,3640.50,0.04850819,1
1507059463,22724318,3653.57,0.01412606,0
1507059455,22724315,3640.50,0.02715217,1
1507059445,22724308,3654.08,0.03508129,0
1507059445,22724307,3654.05,0.01024392,0
1507059438,22724299,3640.50,1.06902785,1
1507059437,22724297,3640.51,0.79546164,1
1507059437,22724296,3640.51,0.02211195,1
1507059435,22724293,3654.29,0.02735859,0
1507059431,22724288,3640.51,0.02126220,1
1507059431,22724287,3640.51,0.01171351,1
1507059429,22724281,3640.54,0.04590352,1
1507059428,22724280,3640.54,0.05409648,1
1507059426,22724279,3640.52,0.05868524,0
1507059425,22724278,3654.29,0.60864463,1
1507059424,22724276,3654.29,0.03074607,1
1507059423,22724273,3654.29,0.00208000,0
1507059408,22724257,3640.66,0.10875270,1
1507059408,22724256,3640.66,0.08770143,1
1507059407,22724254,3640.65,0.19270171,1
1507059406,22724252,3650.00,0.02700000,1
1507059395,22724200,3654.30,0.41726732,0
1507059394,22724197,3654.29,0.03179271,1
1507059393,22724196,3654.29,0.64281069,0
1507059393,22724195,3654.27,0.13702472,0
1507059392,22724194,3652.75,0.10000000,0
1507059382,22724189,3640.50,0.08737770,1
1507059382,22724188,3640.50,0.04309167,1
1507059374,22724179,3652.90,0.02700525,0
1507059359,22724170,3640.50,0.16796064,1
1507059358,22724168,3640.50,0.01627941,1
1507059358,22724167,3640.50,0.03939632,1
1507059354,22724164,3640.50,0.53394603,1
1507059330,22724156,3640.50,0.11289864,1
1507059329,22724155,3640.50,0.04978457,1
1507059314,22724150,3640.50,0.02000000,1
1507059309,22724148,3640.50,0.01498136,1
1507059303,22724146,3640.50,0.30423372,1
1507059303,22724145,3640.51,0.10000000,1
1507059301,22724142,3653.80,0.10335780,0
1507059282,22724137,3654.49,0.00354393,0
1507059281,22724136,3654.48,0.06343394,0
1507059281,22724135,3652.67,0.08853191,0
1507059280,22724132,3652.67,0.01146809,0
1507059253,22724119,3652.68,0.01366353,0
1507059245,22724115,3652.69,0.00892373,0
1507059236,22724100,3640.10,0.16432910,1
1507059224,22724099,3640.11,0.10000000,1
1507059215,22724094,3652.76,0.01171169,1
1507059215,22724093,3654.49,0.17090980,1
1507059214,22724092,3652.78,0.05208506,0
1507059214,22724091,3652.76,0.03999983,0
1507059213,22724090,3652.74,0.00999983,0
1507059166,22724079,3640.00,0.05196775,0
1507059164,22724072,3640.00,0.10003225,1
1507059147,22724069,3640.01,0.06277757,1
1507059117,22724063,3639.11,0.02521160,1
1507059099,22724061,3639.00,0.09970178,1
1507059084,22724057,3653.90,0.02025000,1
1507059082,22724056,3653.57,0.02500000,1
1507059064,22724051,3652.40,0.02512533,0
1507059042,22724046,3639.60,0.61243378,1
1507059041,22724045,3640.00,0.41935009,1
1507059041,22724044,3645.00,0.00306499,1
1507059028,22724038,3653.70,0.03426839,0
1507059004,22724030,3654.49,0.06277757,0
1507058998,22724028,3645.03,0.08244045,1
1507058983,22724023,3654.42,0.05276149,0
1507058979,22724020,3645.00,0.25772201,1
1507058974,22724019,3652.79,0.26390177,0
1507058948,22724014,3653.47,0.00152730,0
1507058927,22724002,3649.80,0.00002791,1
1507058925,22724001,3646.00,0.22878307,0
1507058902,22723980,3646.00,0.01530970,0
1507058865,22723958,3646.00,0.00816560,0
1507058844,22723949,3646.00,0.02257848,0
1507058802,22723922,3637.30,0.32000000,1
1507058784,22723913,3637.30,1.58833504,1
1507058784,22723912,3637.31,0.56666496,1
1507058784,22723911,3637.98,0.01000000,1
1507058746,22723901,3637.20,1.19249905,1
1507058703,22723892,3647.00,0.02516315,0
1507058685,22723885,3647.87,0.02661661,0
1507058682,22723884,3648.00,0.05583419,0
1507058666,22723832,3648.77,0.02714772,0
1507058643,22723821,3648.66,0.01025869,0
1507058636,22723817,3648.27,0.00273280,0
1507058616,22723813,3648.67,0.01366799,1
1507058532,22723784,3635.00,0.26322366,1
1507058530,22723783,3635.00,0.00219917,1
1507058520,22723780,3634.43,0.16336055,0
1507058509,22723777,3650.80,1.09565026,0
1507058507,22723776,3650.80,0.02277273,0
1507058507,22723775,3648.50,0.00282000,0
1507058498,22723769,3648.50,0.00281667,1
1507058497,22723768,3648.50,0.03772894,0
1507058484,22723764,3648.50,0.01875000,0
1507058457,22723760,3634.10,0.03000000,0
1507058452,22723759,3635.53,0.00072634,1
1507058452,22723758,3644.80,0.18900000,1
1507058437,22723754,3646.96,0.01000000,1
1507058424,22723750,3646.10,0.09419140,0
1507058423,22723749,3644.80,0.11408017,0
1507058406,22723746,3644.89,0.00783010,0
1507058385,22723735,3645.00,0.02430482,0
1507058334,22723709,3649.50,0.01405010,0
1507058325,22723707,3649.57,0.04762271,0
1507058295,22723694,3652.29,0.02000000,0
1507058291,22723692,3652.36,0.02000000,0
1507058287,22723690,3652.40,0.02000000,0
1507058286,22723689,3652.40,0.06289589,0
1507058286,22723688,3650.00,0.07000000,0
1507058283,22723685,3650.00,0.02000000,0
1507058279,22723682,3650.00,0.02000000,0
1507058276,22723679,3649.97,0.02000000,0
1507058273,22723676,3652.60,0.02000000,0
1507058269,22723674,3652.70,0.02000000,0
1507058266,22723668,3652.80,0.02000000,0
1507058261,22723666,3652.89,0.02000000,0
1507058256,22723659,3652.99,0.13653199,0
1507058255,22723658,3653.00,0.02000000,0
1507058251,22723650,3653.06,0.02000000,0
1507058247,22723649,3653.10,0.02000000,0
1507058243,22723647,3653.19,0.02000000,0
1507058239,22723639,3653.20,0.02000000,0
1507058237,22723636,3653.17,0.01364751,0
1507058236,22723634,3653.20,0.02000000,0
1507058233,22723632,3653.29,0.02000000,0
1507058229,22723627,3653.30,0.02000000,0
1507058225,22723624,3653.40,0.02000000,0
1507058223,22723622,3653.40,0.02511859,0
1507058222,22723620,3653.47,0.02000000,0
1507058218,22723614,3653.69,0.06825155,0
1507058218,22723613,3653.69,0.02000000,0
1507058215,22723612,3653.70,0.02000000,0
1507058210,22723601,3638.00,0.10000000,1
1507058210,22723600,3640.00,1.00000000,1
1507058208,22723596,3653.90,0.02000000,0
1507058205,22723591,3653.97,0.02000000,0
1507058201,22723587,3654.09,0.02000000,0
1507058198,22723583,3640.01,0.02000000,0
1507058195,22723580,3640.01,0.02000000,0
1507058192,22723578,3640.01,0.02000000,0
1507058191,22723577,3640.07,0.13476096,1
1507058188,22723574,3654.49,0.02000000,0
1507058186,22723572,3653.56,0.28790000,0
1507058184,22723568,3653.60,0.02000000,0
1507058180,22723564,3653.86,0.02000000,0
1507058179,22723563,3653.89,0.13700000,0
1507058176,22723561,3653.89,0.02000000,0
1507058173,22723560,3653.89,0.02000000,0
1507058168,22723556,3654.00,0.02000000,0
1507058163,22723553,3653.99,0.04393582,0
1507058161,22723552,3654.00,0.02000000,0
1507058158,22723551,3654.07,0.02000000,0
1507058154,22723548,3654.29,0.02000000,0
1507058151,22723547,3654.50,0.02000000,0
1507058147,22723544,3654.68,0.02000000,0
1507058143,22723542,3654.99,0.02000000,0
1507058141,22723541,3641.72,0.03201590,1
1507058139,22723539,3655.18,0.02000000,0
1507058136,22723536,3655.28,0.02000000,0
1507058132,22723533,3655.30,0.02000000,0
1507058129,22723530,3655.45,0.02000000,0
1507058126,22723527,3641.00,2.32910000,0
1507058126,22723526,3641.10,0.04230000,1
1507058125,22723525,3641.71,1.01715000,1
1507058125,22723524,3641.82,0.43000000,1
1507058125,22723523,3641.83,0.72600000,1
1507058125,22723521,3642.00,0.01714175,1
1507058125,22723518,3655.39,0.02676203,0
1507058124,22723517,3655.39,0.02000000,0
1507058123,22723513,3655.47,0.01713631,0
1507058118,22723510,3642.00,0.03285825,1
1507058118,22723508,3642.00,0.03485812,1
1507058117,22723507,3642.20,0.20354446,1
1507058096,22723497,3644.10,0.64291623,1
1507058096,22723496,3644.10,0.29520959,1
1507058096,22723495,3644.10,0.20350032,1
1507058091,22723492,3642.90,0.06783527,1
1507058091,22723491,3642.90,0.11127667,1
1507058090,22723489,3642.90,0.20350032,1
1507058090,22723488,3642.90,0.16213498,1
1507058090,22723487,3642.90,1.03441960,1
1507058090,22723486,3644.00,0.34539518,1
1507058090,22723484,3644.00,0.29652234,1
1507058085,22723479,3644.10,0.79096395,1
1507058084,22723477,3656.60,0.00764802,0
1507058053,22723457,3658.35,0.01365033,0
1507058047,22723455,3644.20,0.04107489,1
1507058047,22723454,3646.39,0.01000000,1
1507058046,22723452,3658.60,0.02676233,0
1507058044,22723450,3644.20,0.03451589,1
1507058044,22723449,3645.01,0.04967846,1
1507058041,22723446,3645.01,0.10400042,1
1507058040,22723444,3645.01,0.01061321,1
1507058040,22723443,3645.01,0.01260724,1
1507058040,22723442,3645.02,0.08650073,1
1507058039,22723439,3645.01,0.06792256,1
1507058034,22723434,3645.01,0.02517811,1
1507058034,22723433,3645.02,0.02409589,1
1507058033,22723432,3645.02,0.07590411,1
1507058030,22723428,3659.00,0.00000464,1
1507058030,22723427,3656.59,0.16116000,1
1507058028,22723425,3656.59,0.02661768,0
1507058028,22723424,3656.59,0.01338232,0
1507058025,22723422,3656.59,0.02000000,0
1507058023,22723420,3644.10,0.01029743,1
1507058022,22723419,3644.10,0.06587440,1
1507058021,22723418,3656.59,0.02000000,0
1507058016,22723417,3656.59,0.02000000,0
1507058016,22723416,3644.10,0.07766211,1
1507058015,22723415,3644.10,0.20343331,1
1507058015,22723414,3644.10,0.20343331,1
1507058015,22723413,3644.10,0.06767735,1
1507058012,22723410,3656.73,0.02000000,0
1507058010,22723409,3644.62,0.20340428,1
1507058009,22723408,3644.70,0.20113656,1
1507058009,22723407,3644.70,0.29940463,1
1507058007,22723405,3657.00,0.02000000,0
1507057998,22723388,3644.70,0.14501800,1
1507057981,22723379,3657.36,0.00681639,0
1507057977,22723377,3644.70,0.06442955,1
1507057965,22723369,3658.20,0.02675199,0
1507057964,22723368,3644.90,0.01823167,1
1507057964,22723367,3644.91,0.02639983,1
1507057964,22723366,3644.93,0.03959983,1
1507057954,22723363,3645.00,0.10325629,1
1507057954,22723362,3645.00,0.22490138,1
1507057944,22723317,3658.76,0.02573018,0
1507057923,22723306,3659.37,0.02507808,1
1507057920,22723304,3644.50,0.02554172,1
1507057905,22723301,3660.70,0.02558226,0
1507057903,22723300,3644.61,0.00002155,1
1507057903,22723299,3644.71,0.04770769,1
1507057900,22723298,3644.71,0.05229231,1
1507057900,22723297,3644.74,0.14654601,1
1507057884,22723246,3657.56,0.02676496,0
1507057819,22723219,3659.99,0.00000189,1
1507057818,22723218,3657.88,0.00441000,1
1507057817,22723217,3657.88,0.10284329,0
1507057804,22723215,3658.06,0.10654601,0
1507057796,22723213,3658.09,0.02000000,0
1507057796,22723212,3658.09,0.00827861,0
1507057795,22723211,3658.09,0.01157364,0
1507057792,22723209,3657.99,0.02000000,0
1507057788,22723207,3658.12,0.02000000,0
1507057785,22723206,3658.26,0.02000000,0
1507057781,22723204,3658.28,0.02000000,0
1507057777,22723203,3658.20,0.02000000,0
1507057773,22723199,3658.27,0.02000000,0
1507057770,22723195,3658.40,0.02000000,0
1507057769,22723193,3644.30,1.34652360,1
1507057769,22723192,3644.46,0.11939708,1
1507057767,22723190,3658.50,0.02000000,0
1507057765,22723189,3658.56,0.23878362,0
1507057760,22723187,3658.58,0.02000000,0
1507057760,22723186,3644.41,0.00269554,1
1507057758,22723184,3644.31,0.10000000,1
1507057758,22723183,3644.31,0.70000000,1
1507057757,22723182,3644.32,0.06618466,1
1507057755,22723180,3658.70,0.02000000,0
1507057753,22723179,3658.72,0.00293542,1
1507057751,22723177,3658.72,0.02000000,0
1507057749,22723172,3658.80,0.02000000,0
1507057745,22723168,3658.90,0.02571205,0
1507057745,22723167,3658.90,0.02000000,0
1507057744,22723165,3658.90,0.02508097,0
1507057740,22723163,3659.00,0.02000000,0
1507057736,22723162,3659.06,0.02000000,0
1507057732,22723159,3659.07,0.02000000,0
1507057729,22723157,3659.08,0.02000000,0
1507057727,22723156,3643.70,0.40959300,1
1507057726,22723155,3659.18,0.02000000,0
1507057722,22723154,3659.27,0.02000000,0
1507057712,22723152,3643.20,0.00839307,1
1507057712,22723151,3645.17,0.01000000,1
1507057703,22723149,3643.52,0.17775843,1
1507057700,22723148,3660.10,0.00148815,0
1507057699,22723147,3643.52,0.10000000,1
1507057696,22723146,3660.19,0.00297630,0
1507057694,22723145,3660.18,0.00595259,0
1507057689,22723142,3660.20,0.01190517,0
1507057688,22723141,3643.91,0.11221162,1
1507057688,22723140,3643.92,0.11442570,1
1507057687,22723139,3643.91,0.17756286,1
1507057687,22723136,3660.27,0.01319011,0
1507057687,22723135,3656.11,0.01062023,0
1507057685,22723134,3656.11,0.01438268,0
1507057681,22723129,3656.11,0.07499709,0
1507057681,22723128,3656.07,0.00000291,0
1507057677,22723125,3656.07,0.35367709,1
1507057675,22723124,3656.07,0.04632291,0
1507057668,22723123,3656.07,0.01367709,0
1507057653,22723116,3656.10,0.08184951,0
1507057621,22723108,3657.39,0.02568595,0
1507057617,22723107,3642.90,0.03031491,1
1507057607,22723103,3642.81,0.01088800,1
1507057605,22723102,3657.90,0.08025000,0
1507057604,22723101,3657.95,0.00845800,0
1507057594,22723096,3643.85,0.10000000,1
1507057585,22723095,3658.70,0.01593597,0
1507057579,22723092,3658.95,0.02000000,0
1507057576,22723091,3658.89,0.02000000,0
1507057572,22723090,3658.89,0.02000000,0
1507057568,22723089,3658.90,0.02000000,0
1507057564,22723088,3658.97,0.02620697,0
1507057560,22723086,3659.22,0.02000000,0
1507057556,22723084,3659.30,0.02000000,0
1507057552,22723081,3659.49,0.02000000,0
1507057551,22723080,3659.50,0.10903128,0
1507057549,22723079,3659.56,0.02000000,0
1507057547,22723078,3643.40,1.51435058,1
1507057546,22723077,3659.58,0.02000000,0
1507057543,22723076,3659.67,0.02000000,0
1507057539,22723073,3659.84,0.02000000,0
1507057535,22723066,3659.95,0.02000000,0
1507057535,22723064,3643.11,0.02007034,1
1507057535,22723063,3644.10,0.03473770,1
1507057531,22723060,3660.14,0.02000000,0
1507057527,22723059,3660.28,0.02000000,0
1507057527,22723058,3643.00,1.92486301,1
1507057527,22723057,3643.01,0.02007911,1
1507057527,22723056,3644.09,0.01565623,1
1507057523,22723051,3660.29,0.02000000,0
1507057522,22723050,3644.90,0.10000000,0
1507057521,22723049,3644.90,0.13700000,1
1507057520,22723048,3660.38,0.02000000,0
1507057515,22723047,3644.10,0.11083860,1
1507057513,22723046,3660.57,0.02000000,0
1507057509,22723044,3660.57,0.02000000,0
1507057509,22723043,3644.10,0.10000000,1
1507057506,22723042,3660.70,0.02000000,0
1507057497,22723032,3645.00,0.10000000,1
1507057496,22723031,3645.20,0.02762475,1
1507057496,22723030,3645.62,0.48000000,1
1507057496,22723028,3645.63,0.35304710,1
1507057496,22723026,3646.14,0.01000000,1
1507057490,22723025,3645.62,0.05155039,1
1507057490,22723024,3645.62,0.15363387,1
1507057487,22723022,3650.10,2.32620000,1
1507057486,22723015,3645.62,0.10027010,1
1507057485,22723008,3645.63,0.32771267,1
1507057485,22723006,3645.63,0.07228733,1
1507057485,22723004,3650.70,0.85848714,1
1507057483,22722991,3650.70,0.06982984,1
1507057483,22722990,3650.80,2.22643000,1
1507057483,22722989,3650.81,0.02715996,1
1507057480,22722987,3661.20,0.02700086,1
1507057472,22722985,3650.80,0.10007000,1
1507057453,22722966,3650.70,0.20955227,1
1507057453,22722965,3650.93,0.19980846,1
1507057446,22722963,3662.77,0.00305233,0
1507057444,22722960,3650.70,0.01168674,1
1507057425,22722951,3663.90,0.01697673,0
1507057407,22722941,3650.89,0.13010338,1
1507057407,22722940,3650.92,0.10306514,1
1507057407,22722939,3654.90,0.23586578,1
1507057403,22722937,3654.90,0.71399008,1
1507057403,22722936,3655.80,2.32670000,1
1507057402,22722935,3654.90,0.18732250,1
1507057402,22722934,3655.52,0.17583149,1
1507057401,22722933,3654.90,0.39805779,1
1507057401,22722932,3654.90,0.50472194,1
1507057401,22722931,3655.60,0.51385024,1
1507057401,22722930,3655.60,0.86945419,1
1507057400,22722929,3655.61,0.72778224,1
1507057400,22722928,3655.71,0.00272940,1
1507057400,22722927,3656.43,0.07174774,1
1507057400,22722926,3657.28,0.01000000,1
1507057393,22722917,3664.84,0.00292509,0
1507057381,22722901,3656.43,0.00307259,1
1507057336,22722885,3664.87,0.10728672,0
1507057305,22722880,3664.90,0.02000000,0
1507057304,22722879,3664.90,0.00911079,0
1507057301,22722876,3664.90,0.02000000,0
1507057294,22722874,3664.90,0.02000000,0
1507057284,22722870,3663.11,0.01000000,1
1507057278,22722853,3664.90,0.78222871,0
1507057264,22722848,3664.90,0.01525000,0
1507057243,22722827,3664.90,0.13322590,0
1507057226,22722822,3664.90,0.13610946,0
1507057195,22722762,3664.87,0.00157582,0
1507057193,22722761,3664.90,0.00315163,0
1507057191,22722759,3663.34,0.01000000,1
1507057189,22722758,3664.90,0.00630327,0
1507057188,22722757,3664.90,0.01260654,0
1507057182,22722747,3664.90,0.02521306,0
1507057177,22722746,3664.90,0.05042612,0
1507057176,22722745,3664.84,0.10085224,0
1507057164,22722734,3664.87,0.00135885,0
1507057133,22722718,3664.89,0.22952000,1
1507057132,22722717,3664.89,0.85919347,0
1507057113,22722709,3664.49,0.01000000,0
1507057045,22722696,3664.90,0.00866382,0
1507057045,22722695,3663.03,0.12470329,0
1507057008,22722690,3663.23,0.01582255,0
1507057007,22722688,3663.26,0.01529671,0
1507057004,22722686,3650.91,0.10000000,1
1507057001,22722684,3663.32,0.02000000,0
1507056997,22722681,3663.32,0.02000000,0
1507056993,22722678,3663.32,0.02000000,0
1507056991,22722675,3650.81,0.04634444,1
1507056990,22722674,3663.29,0.02000000,0
1507056979,22722668,3650.80,0.14398748,1
1507056973,22722666,3650.90,0.06513289,1
1507056960,22722661,3650.82,0.24068636,1
1507056955,22722658,3650.90,0.41598655,1
1507056955,22722657,3650.90,0.16440087,1
1507056955,22722656,3650.90,0.02623489,1
1507056954,22722655,3659.68,0.14274397,1
1507056952,22722654,3659.68,0.43995900,1
1507056949,22722647,3659.70,0.37660572,1
1507056949,22722646,3659.70,1.11415916,1
1507056948,22722645,3659.70,0.29118936,1
1507056944,22722641,3659.70,0.17492104,1
1507056943,22722636,3659.68,0.20173751,1
1507056938,22722626,3659.68,0.02665775,1
1507056936,22722619,3659.80,0.81110000,1
1507056931,22722616,3650.90,0.07831979,1
1507056931,22722615,3650.91,0.10000000,1
1507056926,22722614,3666.00,0.03927153,0
1507056925,22722613,3661.39,0.02000000,0
1507056924,22722611,3650.90,0.01063000,1
1507056924,22722610,3650.90,0.10121121,1
1507056920,22722606,3661.39,0.02000000,0
1507056916,22722603,3660.60,0.02000000,0
1507056913,22722601,3660.60,0.00873552,1
1507056913,22722599,3660.50,0.00490463,0
1507056912,22722598,3660.50,0.02000000,0
1507056911,22722597,3650.80,0.03215777,1
1507056908,22722594,3659.26,0.02000000,0
1507056905,22722592,3650.80,0.37334753,1
1507056905,22722591,3659.45,0.02000000,0
1507056901,22722588,3659.68,0.02000000,0
1507056893,22722580,3650.80,0.48722914,1
1507056867,22722573,3660.91,0.06392868,0
1507056861,22722572,3650.90,0.50071825,1
1507056861,22722571,3650.90,0.19198202,1
1507056855,22722568,3650.91,0.02490463,1
1507056845,22722563,3661.00,0.00288382,1
1507056831,22722552,3661.00,0.01093202,0
1507056831,22722551,3661.00,0.02000000,0
1507056830,22722549,3650.90,0.19306814,1
1507056827,22722547,3661.00,0.02000000,0
1507056823,22722544,3660.57,0.02000000,0
1507056818,22722539,3650.80,2.32740000,1
1507056818,22722538,3650.81,0.46283569,1
1507056818,22722537,3660.90,0.02000000,0
1507056810,22722534,3660.39,0.02000000,0
1507056806,22722531,3661.00,0.02000000,0
1507056805,22722530,3650.90,0.06890536,1
1507056805,22722529,3650.93,0.10852575,1
1507056802,22722525,3660.79,0.02000000,0
1507056798,22722519,3660.90,0.02000000,0
1507056794,22722516,3661.00,0.02000000,0
1507056790,22722515,3661.00,0.02000000,0
1507056786,22722514,3661.00,0.02000000,0
1507056785,22722513,3660.40,0.03088246,0
1507056783,22722511,3660.40,0.13140747,0
1507056782,22722509,3650.80,0.02680874,1
1507056782,22722507,3660.57,0.02000000,0
1507056778,22722506,3660.70,0.02000000,0
1507056778,22722505,3650.80,0.05746098,1
1507056774,22722504,3661.00,0.02000000,0
1507056764,22722500,3650.80,0.00014116,1
1507056764,22722499,3651.81,0.01000000,1
1507056754,22722495,3650.80,0.03167522,1
1507056753,22722494,3650.80,0.01158789,1
1507056745,22722491,3660.70,0.00893123,0
1507056743,22722488,3660.70,0.02053839,0
1507056735,22722480,3650.80,0.11591179,1
1507056727,22722477,3650.80,0.03525635,1
1507056723,22722475,3660.97,0.06266645,0
1507056715,22722473,3651.00,0.25000000,1
1507056702,22722466,3651.30,0.30406100,1
1507056702,22722464,3651.30,0.07861045,1
1507056702,22722463,3658.77,0.01000000,1
1507056696,22722456,3651.30,0.01836331,1
1507056691,22722449,3661.00,0.43692000,1
1507056681,22722446,3662.95,0.02680874,0
1507056667,22722438,3663.50,0.02980493,0
1507056665,22722437,3663.49,0.07727285,0
1507056663,22722436,3663.50,0.00892543,0
1507056663,22722435,3663.58,0.06262164,0
1507056661,22722432,3651.01,0.00587000,0
1507056657,22722431,3661.40,0.05500000,1
1507056657,22722430,3663.67,0.00585930,0
1507056655,22722429,3660.19,0.00775775,0
1507056645,22722425,3660.19,0.02644643,0
1507056643,22722424,3660.19,0.02955969,0
1507056642,22722419,3660.19,0.01400032,0
1507056642,22722418,3660.19,0.00599968,0
1507056638,22722416,3650.80,0.26601597,1
1507056632,22722413,3650.80,0.20506952,1
1507056632,22722412,3651.75,0.01000000,1
1507056620,22722405,3650.80,0.04431361,1
1507056606,22722399,3650.80,0.06781833,1
1507056598,22722394,3650.70,0.00218911,1
1507056594,22722393,3650.80,0.15952953,1
1507056594,22722392,3650.80,0.16717347,1
1507056591,22722391,3661.39,0.02000000,0
1507056588,22722390,3650.70,0.22158819,1
1507056588,22722389,3650.70,0.10037194,1
1507056587,22722388,3661.39,0.02000000,0
1507056583,22722381,3661.39,0.02000000,0
1507056582,22722380,3650.80,0.53264655,1
1507056582,22722378,3650.80,0.03312482,1
1507056579,22722376,3661.39,0.02000000,0
1507056575,22722370,3661.64,0.02000000,0
1507056565,22722367,3650.83,0.00736540,1
1507056564,22722366,3651.89,0.01000000,1
1507056564,22722365,3651.90,0.01447804,1
1507056564,22722364,3651.90,0.06791360,1
1507056564,22722363,3651.90,0.01760836,1
1507056560,22722361,3650.80,0.01127080,1
1507056558,22722360,3650.83,0.15473680,1
1507056557,22722359,3661.67,0.01361947,0
1507056554,22722358,3661.70,0.02654090,0
1507056552,22722355,3661.77,0.06795537,0
1507056551,22722354,3661.80,0.00776596,0
1507056550,22722352,3650.80,0.09478175,1
1507056515,22722303,3651.50,0.33238525,1
1507056497,22722290,3650.83,0.01995014,1
1507056494,22722288,3664.18,0.01525000,1
1507056493,22722287,3664.20,0.03317458,0
1507056492,22722285,3664.18,0.04835822,0
1507056487,22722280,3664.40,0.05225000,0
1507056485,22722279,3664.47,0.02673157,0
1507056485,22722278,3650.80,0.10420844,1
1507056478,22722276,3650.71,0.06486860,1
1507056474,22722273,3650.80,0.49407192,1
1507056472,22722272,3650.80,0.02879464,1
1507056450,22722257,3650.80,0.01118395,1
1507056449,22722256,3650.80,0.06781833,1
1507056443,22722254,3650.81,0.01160868,1
1507056437,22722247,3650.71,0.08577466,1
1507056436,22722245,3666.12,0.02000000,0
1507056433,22722242,3660.89,0.02000000,0
1507056431,22722236,3650.80,0.36002499,1
1507056429,22722234,3660.99,0.02000000,0
1507056427,22722233,3661.75,0.02704803,0
1507056427,22722232,3661.22,0.05448731,0
1507056425,22722230,3661.08,0.02000000,0
1507056420,22722226,3661.17,0.02000000,0
1507056419,22722225,3661.20,0.05449003,0
1507056418,22722224,3650.80,0.02984289,1
1507056417,22722223,3661.36,0.02000000,0
1507056413,22722220,3661.35,0.02000000,0
1507056412,22722219,3650.80,0.10556421,1
1507056411,22722218,3650.80,0.15479225,1
1507056410,22722217,3661.49,0.02000000,0
1507056406,22722214,3661.58,0.02000000,0
1507056403,22722210,3661.69,0.02000000,0
1507056400,22722206,3661.75,0.02710660,0
1507056399,22722205,3661.75,0.02000000,0
1507056399,22722204,3650.71,0.04655784,1
1507056399,22722203,3650.90,0.01118856,1
1507056397,22722201,3650.90,0.06781647,0
1507056397,22722200,3650.90,0.02099497,0
1507056393,22722195,3650.80,0.68581351,1
1507056393,22722194,3661.88,0.02000000,0
1507056389,22722192,3661.88,0.02000000,0
1507056385,22722190,3661.88,0.02000000,0
1507056382,22722187,3661.88,0.02000000,0
1507056377,22722184,3661.88,0.02000000,0
1507056374,22722182,3661.80,0.02000000,0
1507056370,22722181,3661.87,0.02000000,0
1507056366,22722177,3662.08,0.02000000,0
1507056364,22722175,3650.80,0.17304000,1
1507056363,22722173,3650.80,0.01966693,1
1507056363,22722169,3662.16,0.02000000,0
1507056362,22722166,3650.80,0.01340907,1
1507056360,22722164,3650.80,0.03351997,1
1507056360,22722163,3651.20,0.01346783,1
1507056360,22722162,3651.20,0.08653217,0
1507056359,22722160,3651.20,0.02000000,0
1507056358,22722158,3650.80,0.01069240,1
1507056358,22722157,3650.80,0.11143692,1
1507056356,22722153,3650.80,0.10066100,1
1507056349,22722134,3651.20,0.05585085,1
1507056349,22722132,3652.43,0.01000000,1
1507056338,22722127,3663.20,0.03903854,0
1507056337,22722126,3651.20,0.06781090,1
1507056336,22722125,3651.21,0.03043946,1
1507056336,22722124,3651.22,0.10000000,1
1507056313,22722118,3651.20,0.01408373,1
1507056306,22722114,3664.29,0.02000000,0
1507056302,22722111,3664.29,0.02000000,0
1507056301,22722110,3651.01,0.19133095,1
1507056298,22722108,3664.27,0.02000000,0
1507056288,22722106,3650.90,0.01185657,1
1507056288,22722105,3652.26,0.01000000,1
1507056284,22722104,3665.00,0.13185518,0
1507056271,22722088,3650.95,0.19563087,1
1507056271,22722087,3650.96,0.01519278,1
1507056270,22722085,3650.96,0.08480722,1
1507056264,22722082,3651.24,0.13574654,1
1507056261,22722079,3665.32,0.05508700,0
1507056252,22722069,3651.20,0.79120974,1
1507056252,22722068,3665.57,0.73091161,1
1507056250,22722066,3665.57,0.03319650,1
1507056250,22722064,3665.57,0.00519107,0
1507056244,22722061,3665.57,0.00175735,0
1507056244,22722060,3665.56,0.01824265,0
1507056240,22722056,3650.96,0.01824265,1
1507056239,22722055,3663.71,0.02000000,0
1507056235,22722054,3663.89,0.02000000,0
1507056231,22722051,3664.18,0.00954589,0
1507056231,22722050,3664.17,0.01045411,0
1507056227,22722049,3664.20,0.02000000,0
1507056223,22722047,3664.40,0.02000000,0
1507056219,22722046,3664.57,0.02000000,0
1507056216,22722043,3651.21,0.01045411,1
1507056209,22722040,3651.31,0.10017807,1
1507056209,22722039,3657.22,0.00000100,1
1507056203,22722036,3657.22,0.00150000,1
1507056194,22722031,3666.27,0.01768188,1
1507056187,22722029,3651.69,0.00368552,1
1507056187,22722028,3651.69,0.00500000,1
1507056172,22722021,3651.00,0.66919137,1
1507056170,22722019,3658.38,0.00272740,1
1507056165,22722015,3667.55,0.02674048,0
1507056157,22722012,3664.99,0.02000000,0
1507056153,22722009,3664.84,0.02000000,0
1507056150,22722008,3664.90,0.01895224,0
1507056150,22722007,3660.26,0.08188899,0
1507056141,22722005,3660.26,0.01000000,0
1507056133,22722003,3650.70,0.52629477,0
1507056104,22721995,3650.70,0.04766895,0
1507056103,22721994,3650.70,0.00170449,0
1507056100,22721993,3650.70,0.00340898,0
1507056096,22721989,3650.70,0.00681795,0
1507056094,22721988,3650.70,0.01363591,0
1507056077,22721984,3650.70,0.37344618,0
1507056073,22721980,3650.70,0.02702277,0
1507056052,22721979,3648.20,0.49780963,1
1507056046,22721977,3661.05,0.03896313,0
1507056044,22721975,3648.12,0.05337500,1
1507056040,22721973,3648.11,0.08036895,1
1507056033,22721969,3661.09,0.02000000,0
1507056029,22721968,3661.09,0.02000000,0
1507056025,22721967,3661.17,0.01570156,0
1507056021,22721965,3647.93,0.33637263,1
1507056018,22721964,3661.38,0.00666000,0
1507056004,22721954,3661.58,0.01280167,0
1507056003,22721952,3661.49,0.06265755,0
1507055990,22721947,3653.95,0.00334000,1
1507055985,22721943,3661.83,0.02555100,0
1507055967,22721936,3661.80,0.26069913,0
1507055944,22721931,3661.82,0.01797393,0
1507055943,22721930,3661.85,0.14016209,0
1507055943,22721929,3645.50,0.49998352,0
1507055942,22721926,3645.50,0.22139329,1
1507055935,22721925,3645.31,0.14149137,1
1507055935,22721924,3650.00,0.00000379,1
1507055935,22721922,3650.01,0.10000000,1
1507055929,22721919,3650.00,0.11033102,1
1507055929,22721916,3652.56,0.01000000,1
1507055929,22721914,3652.65,0.11191898,1
1507055907,22721906,3662.44,0.07730583,0
1507055905,22721905,3662.47,0.07783773,0
1507055899,22721903,3650.10,1.00000000,1
1507055892,22721894,3650.70,0.01123976,1
1507055892,22721893,3650.71,0.10000000,1
1507055885,22721885,3668.07,0.25290684,1
1507055884,22721884,3668.08,0.08287984,0
1507055883,22721883,3668.07,0.07197528,0
1507055878,22721880,3650.53,0.07197528,1
1507055866,22721869,3668.27,0.03408125,0
1507055866,22721867,3661.90,0.04961775,0
1507055865,22721858,3650.40,0.16472759,1
1507055865,22721856,3650.41,0.80645439,1
1507055865,22721854,3650.43,0.16019825,1
1507055865,22721852,3656.10,0.01000000,1
1507055786,22721816,3661.64,0.00678639,0
1507055786,22721815,3660.76,0.01927582,0
1507055774,22721791,3660.76,0.13413418,0
1507055773,22721775,3648.70,0.15900236,1
1507055765,22721764,3660.76,0.15341186,1
1507055764,22721762,3660.76,0.10000000,0
1507055745,22721755,3650.51,0.01000000,0
1507055744,22721754,3650.51,0.10000000,0
1507055743,22721753,3648.10,0.26129268,1
1507055743,22721752,3650.00,0.05500000,1
1507055743,22721751,3650.58,0.11343388,1
1507055724,22721748,3661.90,0.01746265,0
1507055719,22721746,3650.10,0.14830923,1
1507055719,22721745,3650.10,0.66167503,1
1507055714,22721735,3663.80,0.06707243,1
1507055710,22721733,3663.98,0.01982506,0
1507055710,22721732,3659.75,0.00017494,0
1507055708,22721728,3663.98,0.14755506,1
1507055707,22721726,3659.75,0.07031934,0
1507055707,22721725,3659.75,0.02000000,0
1507055705,22721724,3659.50,0.01561576,0
1507055705,22721723,3659.26,0.09033400,0
1507055696,22721719,3647.51,0.01992506,1
1507055695,22721717,3647.41,0.04169317,1
1507055694,22721716,3647.41,0.03138488,1
1507055694,22721715,3647.76,0.01000000,1
1507055659,22721706,3660.95,0.00641600,0
1507055656,22721704,3660.95,0.00325000,0
1507055651,22721702,3646.11,0.02173525,1
1507055642,22721700,3660.96,0.02000000,0
1507055637,22721697,3645.90,0.01027225,1
1507055631,22721692,3645.50,0.00993661,1
1507055631,22721691,3646.61,0.01000000,1
1507055626,22721687,3660.97,0.02636145,0
1507055621,22721685,3645.01,0.06766000,1
1507055620,22721684,3661.00,2.32900000,1
1507055619,22721683,3660.20,0.30000000,0
1507055619,22721682,3660.00,9.33389618,0
1507055619,22721681,3659.99,0.22000000,0
1507055619,22721680,3659.67,0.12709190,0
1507055619,22721679,3659.00,0.08589430,0
1507055619,22721678,3658.98,0.37175485,0
1507055619,22721677,3658.60,2.32820000,0
1507055619,22721676,3658.54,0.82867187,0
1507055618,22721672,3645.00,0.03557865,1
1507055618,22721671,3645.01,0.10000000,1
1507055606,22721661,3644.80,0.15849534,1
1507055606,22721660,3644.83,0.86758358,1
1507055593,22721649,3659.00,0.00645927,0
1507055593,22721648,3658.39,0.06733049,0
1507055587,22721647,3658.50,0.12542025,0
1507055586,22721646,3658.49,0.00177358,1
1507055586,22721645,3658.00,0.00027682,0
1507055584,22721644,3658.00,0.02363772,0
1507055584,22721643,3657.04,0.02766727,0
1507055584,22721641,3657.03,0.06068005,0
1507055582,22721639,3656.97,0.09999000,0
1507055569,22721636,3651.14,0.00354073,1
1507055548,22721630,3657.03,0.03931995,0
1507055547,22721629,3656.99,0.02393687,0
1507055519,22721623,3644.20,0.15535826,1
1507055514,22721621,3644.10,0.01356314,1
1507055513,22721620,3644.10,0.01037373,1
1507055508,22721619,3644.07,0.10000000,1
1507055508,22721618,3644.09,0.13117576,1
1507055504,22721616,3657.04,0.01024437,0
1507055496,22721605,3643.80,1.29097201,1
1507055489,22721604,3643.60,0.01487017,1
1507055488,22721603,3653.90,0.02000000,0
1507055482,22721602,3643.70,2.41940000,1
1507055477,22721598,3643.53,0.09368400,1
1507055477,22721597,3643.50,0.21513482,1
1507055476,22721596,3653.83,0.01000000,1
1507055475,22721595,3643.41,0.45528609,1
1507055475,22721594,3653.79,0.11611514,1
1507055475,22721593,3653.79,0.01814914,0
1507055466,22721582,3657.57,0.90045303,1
1507055464,22721581,3653.79,0.10000000,0
1507055443,22721578,3646.73,0.90799969,1
1507055427,22721571,3658.00,0.00455986,0
1507055426,22721570,3657.40,0.50000000,0
1507055411,22721567,3657.27,1.00000000,0
1507055392,22721566,3657.37,0.01000000,0
1507055387,22721562,3657.49,0.26478416,0
1507055345,22721543,3654.18,0.02057236,0
1507055321,22721525,3641.70,0.08248000,1
1507055303,22721509,3654.80,0.01536099,0
1507055295,22721502,3655.25,0.13178882,0
1507055285,22721500,3641.16,0.49406968,1
1507055282,22721498,3655.68,0.02728631,1
1507055276,22721497,3641.14,0.05062668,1
1507055276,22721496,3643.90,2.32780000,1
1507055276,22721495,3643.93,0.35920987,1
1507055274,22721494,3649.93,0.01000000,1
1507055203,22721463,3658.00,0.02032560,0
1507055201,22721462,3657.94,0.02625000,0
1507055179,22721441,3657.20,2.24596164,0
1507055179,22721440,3644.72,0.25403836,0
1507055178,22721439,3644.72,0.01952164,1
1507055173,22721434,3656.73,0.26857595,0
1507055162,22721425,3657.16,0.01895000,0
1507055153,22721420,3644.71,0.12298243,1
1507055147,22721417,3657.37,0.02593384,0
1507055146,22721415,3657.35,0.00052324,0
1507055145,22721414,3657.28,0.02500000,0
1507055145,22721413,3657.25,0.00000347,0
1507055141,22721410,3657.25,0.12130653,1
1507055139,22721408,3657.28,0.00079854,1
1507055138,22721407,3657.28,0.01526446,0
1507055124,22721405,3657.17,0.01602527,0
1507055123,22721404,3644.50,0.06707359,1
1507055117,22721402,3644.50,0.06028152,1
1507055088,22721394,3644.20,0.62252687,1
1507055081,22721393,3657.47,0.01281924,0
1507055080,22721390,3644.11,0.10000000,1
1507055074,22721387,3647.02,0.01526446,1
1507055068,22721381,3658.90,0.70126857,1
1507055068,22721380,3658.90,0.03199644,1
1507055068,22721378,3658.90,0.62981442,1
1507055068,22721377,3658.90,0.01528723,0
1507055056,22721365,3647.60,0.69729953,1
1507055056,22721364,3647.61,0.01632052,1
1507055049,22721360,3658.50,0.02674013,0
1507055047,22721358,3659.00,0.00764643,0
1507055046,22721357,3658.56,0.01569845,0
1507055046,22721356,3643.71,1.40007725,1
1507055046,22721355,3643.71,0.81629914,1
1507055044,22721353,3658.60,0.12541614,0
1507055031,22721306,3647.00,0.11323695,1
1507055026,22721301,3658.99,0.00785219,0
1507055021,22721297,3658.99,0.02703850,0
1507055010,22721292,3658.43,0.02574222,0
1507055008,22721289,3658.44,0.00816058,0
1507055006,22721288,3658.50,0.01056469,0
1507055004,22721287,3646.21,0.14125166,1
1507054996,22721281,3646.10,0.02822052,1
1507054988,22721277,3658.50,0.02655890,0
1507054986,22721276,3658.47,0.02658029,0
1507054947,22721252,3644.70,0.35930319,1
1507054947,22721251,3644.73,0.11450590,1
1507054917,22721228,3643.90,1.96051612,1
1507054917,22721227,3659.89,0.37569714,1
1507054916,22721226,3659.78,0.32845190,0
1507054916,22721225,3659.74,0.29585096,0
1507054905,22721223,3659.79,0.00784299,0
1507054901,22721221,3659.73,0.02598714,0
1507054884,22721213,3659.86,0.02574229,0
1507054881,22721211,3646.44,0.84651849,1
1507054875,22721209,3659.89,0.03242143,0
1507054863,22721201,3659.89,0.25349669,0
1507054856,22721196,3645.56,0.01254231,1
1507054845,22721193,3659.89,0.02608019,0
1507054844,22721190,3659.89,0.26811304,0
1507054844,22721189,3659.89,0.26712735,0
1507054825,22721184,3659.87,0.24871956,0
1507054825,22721183,3658.66,0.02234907,0
1507054824,22721181,3658.66,0.00765093,0
1507054817,22721172,3659.90,0.05115093,0
1507054787,22721150,3659.94,0.02341132,0
1507054786,22721149,3659.95,0.23752227,0
1507054786,22721148,3657.00,0.02580698,0
1507054781,22721144,3642.07,0.00219456,0
1507054768,22721142,3656.99,0.11886105,0
1507054766,22721138,3657.00,0.01539200,0
1507054765,22721137,3657.00,0.00777001,0
1507054765,22721136,3656.88,0.01794958,0
1507054749,22721122,3656.88,0.13810757,0
1507054747,22721120,3656.88,0.03018853,0
1507054745,22721119,3656.88,0.02341135,0
1507054708,22721099,3656.88,0.10025000,0
1507054707,22721097,3656.88,0.00655564,0
1507054707,22721096,3656.87,0.04617353,0
1507054695,22721089,3642.00,0.25850132,1
1507054688,22721080,3656.91,0.04842499,0
1507054688,22721078,3656.88,0.08168384,0
1507054688,22721077,3656.88,0.00600047,0
1507054688,22721076,3656.88,0.00000674,0
1507054685,22721072,3656.91,0.25370326,1
1507054683,22721068,3656.88,0.12547581,0
1507054615,22721044,3643.30,0.32091229,0
1507054610,22721042,3643.21,0.03471394,1
1507054610,22721041,3643.21,0.05988458,1
1507054608,22721038,3646.04,0.01000000,1
1507054579,22720999,3643.30,0.35776774,1
1507054578,22720998,3643.30,2.52249282,1
1507054578,22720997,3648.80,2.33110000,1
1507054569,22720992,3657.00,0.12103101,0
1507054552,22720980,3643.20,0.09656052,1
1507054552,22720979,3644.67,0.01000000,1
1507054542,22720963,3642.89,1.09187508,1
1507054541,22720960,3643.00,0.05464644,1
1507054540,22720957,3643.00,0.14535356,0
1507054538,22720954,3643.00,0.20515685,1
1507054538,22720953,3643.00,0.21586341,1
1507054538,22720951,3643.00,0.10908879,1
1507054534,22720948,3648.43,0.09822986,1
1507054529,22720944,3648.30,0.06107160,1
1507054523,22720937,3648.00,1.63116029,1
1507054522,22720935,3648.00,0.18257109,1
1507054521,22720934,3659.77,0.02935588,0
1507054521,22720933,3657.80,0.00292900,0
1507054521,22720932,3657.34,0.00306512,0
1507054514,22720925,3657.31,0.00954527,0
1507054507,22720919,3657.34,0.03330488,1
1507054506,22720918,3657.34,0.00306198,1
1507054505,22720917,3657.34,0.10000000,0
1507054504,22720915,3643.00,0.72425896,1
1507054504,22720914,3643.64,0.01670560,1
1507054504,22720913,3646.18,0.01000000,1
1507054498,22720909,3644.94,0.01797706,1
1507054462,22720896,3644.80,0.00255962,0
1507054460,22720895,3648.38,0.01000000,1
1507054426,22720884,3657.40,0.00373294,0
1507054404,22720875,3640.11,0.17515997,1
1507054403,22720873,3641.13,0.05333300,1
1507054403,22720872,3642.82,0.01000000,1
1507054403,22720871,3642.83,0.10000000,1
1507054401,22720870,3641.20,0.03723161,1
1507054398,22720868,3657.80,0.00292900,1
1507054377,22720866,3647.50,0.43168913,1
1507054377,22720865,3651.35,0.01000000,1
1507054369,22720862,3658.55,0.00787442,0
1507054368,22720860,3659.99,0.02248305,0
1507054367,22720859,3659.58,0.00305713,0
1507054366,22720857,3658.56,0.00865323,0
1507054366,22720856,3658.56,0.00467067,0
1507054358,22720842,3647.70,0.44867538,1
1507054327,22720831,3644.50,1.09375318,1
1507054315,22720784,3644.00,0.03901748,1
1507054305,22720776,3658.99,0.26563237,0
1507054300,22720774,3651.10,0.01000000,1
1507054281,22720770,3644.30,0.36575405,1
1507054276,22720767,3644.10,0.81956317,1
1507054276,22720766,3644.10,0.18403425,1
1507054275,22720765,3644.04,0.06108582,1
1507054270,22720764,3644.10,0.38838667,1
1507054266,22720762,3659.27,0.06807136,0
1507054254,22720748,3645.00,0.01327012,1
1507054248,22720744,3644.70,0.94434843,1
1507054247,22720742,3659.37,0.05236018,0
1507054244,22720730,3644.42,0.02427961,1
1507054242,22720728,3653.14,0.01000000,1
1507054231,22720725,3652.38,0.01000000,1
1507054211,22720720,3659.47,0.02725797,0
1507054209,22720718,3645.59,0.04248256,1
1507054196,22720712,3644.00,0.02948252,1
1507054191,22720708,3645.31,0.01783448,1
1507054191,22720707,3645.31,0.10000000,1
1507054190,22720706,3645.54,0.03526224,0
1507054186,22720703,3659.58,0.03247439,1
1507054184,22720699,3659.58,0.02855000,0
1507054178,22720695,3645.11,0.42879420,1
1507054177,22720694,3645.11,0.01000000,1
1507054124,22720679,3657.10,0.01875000,0
1507054119,22720677,3650.90,0.01000000,1
1507054105,22720674,3657.30,0.01363574,0
1507054104,22720671,3650.90,0.00250000,1
1507054103,22720670,3650.90,0.00250000,1
1507054084,22720667,3657.48,0.02509104,0
1507054083,22720665,3641.64,0.02228848,1
1507054072,22720662,3657.49,0.01000000,0
1507054066,22720661,3659.80,1.34540547,0
1507054066,22720660,3659.79,0.25000000,0
1507054066,22720659,3657.57,0.07777770,0
1507054066,22720658,3651.00,0.65406683,0
1507054064,22720657,3651.00,0.00850000,0
1507054061,22720656,3651.00,0.94396575,0
1507054040,22720652,3651.00,0.01065128,0
1507054040,22720651,3650.90,0.28846153,0
1507054025,22720639,3641.67,0.00900000,1
1507053955,22720620,3650.90,1.00000000,0
1507053949,22720618,3650.90,0.01543085,0
1507053948,22720617,3650.90,0.01775916,0
1507053947,22720616,3650.90,0.01637481,0
1507053930,22720615,3651.00,0.54240000,0
1507053930,22720614,3650.90,2.33160000,0
1507053908,22720611,3651.00,0.02662650,0
1507053903,22720610,3650.70,0.12568822,0
1507053899,22720605,3649.90,1.37747944,0
1507053899,22720604,3649.87,0.62252056,0
1507053884,22720602,3650.00,0.02441942,0
1507053882,22720601,3649.97,0.26851118,0
1507053874,22720599,3640.60,0.29924412,1
1507053874,22720598,3640.60,0.01357655,1
1507053873,22720597,3640.60,0.70686901,1
1507053867,22720595,3640.27,0.33532321,1
1507053860,22720587,3650.50,0.06713423,1
1507053858,22720584,3650.59,0.00999983,0
1507053857,22720583,3641.60,0.00000017,0
1507053856,22720582,3641.60,0.00274000,1
1507053856,22720581,3642.50,0.01792983,1
1507053856,22720580,3643.32,0.01000000,1
1507053850,22720577,3650.37,0.00273121,0
1507053822,22720556,3649.77,0.03242190,0
1507053789,22720543,3650.50,1.67811220,0
1507053789,22720542,3650.41,0.01604750,0
1507053763,22720530,3650.73,0.26743439,0
1507053740,22720520,3642.50,0.00107017,1
1507053740,22720519,3643.04,0.24128201,1
1507053740,22720518,3644.02,0.04160000,1
1507053740,22720517,3644.61,0.01000000,1
1507053723,22720512,3649.87,0.06285652,0
1507053718,22720507,3650.00,0.00273151,0
1507053689,22720484,3649.50,0.13666256,0
1507053650,22720459,3649.99,0.02749049,0
1507053647,22720456,3649.99,0.02732884,0
1507053610,22720438,3649.99,0.01000000,0
1507053606,22720437,3649.99,0.02037748,0
1507053605,22720436,3650.00,0.00795121,0
1507053603,22720434,3649.99,0.25415960,0
1507053586,22720431,3649.99,0.05194359,0
1507053578,22720429,3649.99,0.18821892,0
1507053560,22720388,3650.00,0.00652558,0
1507053539,22720383,3651.00,0.18892944,0
1507053534,22720382,3643.06,0.05560000,1
1507053526,22720381,3651.00,0.01000000,0
1507053483,22720369,3651.00,0.12567789,0
1507053480,22720367,3651.00,0.02732128,0
1507053473,22720362,3651.00,0.00546425,0
1507053467,22720361,3651.00,0.01315829,0
1507053465,22720358,3651.00,0.00140000,0
1507053464,22720357,3651.00,0.00947000,0
1507053441,22720350,3651.00,0.00140000,0
1507053433,22720349,3651.00,0.05288414,0
1507053424,22720345,3651.00,0.00783854,0
1507053408,22720339,3651.00,0.01000000,0
1507053383,22720331,3651.00,0.04656055,0
1507053372,22720327,3651.00,0.02710270,0
1507053336,22720307,3651.00,0.06470531,0
1507053336,22720306,3651.00,0.00428246,0
1507053321,22720302,3651.00,0.03099517,0
1507053312,22720300,3651.00,0.03466029,0
1507053303,22720287,3651.00,0.25408929,0
1507053298,22720279,3647.79,0.00698796,1
1507053288,22720275,3651.00,0.00766449,0
1507053287,22720269,3651.00,0.03739382,0
1507053282,22720263,3651.00,0.00294346,0
1507053281,22720262,3651.00,0.00140000,0
1507053274,22720257,3651.00,0.01645138,0
1507053273,22720252,3651.00,0.01645138,0
1507053263,22720250,3651.00,0.01544828,0
1507053254,22720238,3651.00,0.20025000,0
1507053247,22720228,3651.00,0.18909553,0
1507053225,22720212,3651.00,0.01000000,0
1507053223,22720207,3650.50,0.02164190,1
1507053217,22720204,3650.50,0.10371803,0
1507053164,22720167,3650.50,0.03876861,0
1507053152,22720160,3650.50,0.01093001,0
1507053143,22720159,3650.50,0.00896939,0
1507053141,22720158,3650.50,0.01946814,0
1507053139,22720157,3646.88,0.00766497,0
1507053104,22720130,3646.88,0.01000000,0
1507053084,22720124,3646.88,0.02063046,0
1507053073,22720113,3646.88,0.03249267,0
1507053065,22720108,3646.88,0.00768327,0
1507053016,22720105,3646.88,0.01000000,0
1507052988,22720099,3646.00,0.01460898,0
1507052977,22720094,3646.23,0.01905740,0
1507052966,22720093,3646.66,0.05109683,0
1507052952,22720082,3646.20,0.26958644,0
1507052935,22720080,3646.80,0.02734726,0
1507052905,22720076,3647.89,0.02682751,0
1507052895,22720071,3648.31,0.08082642,0
1507052886,22720064,3648.60,0.06112063,0
1507052885,22720063,3632.91,0.01155857,1
1507052868,22720060,3637.18,5.44393400,1
1507052868,22720059,3637.19,0.48000000,1
1507052866,22720053,3637.42,0.07606600,1
1507052865,22720052,3649.22,0.02612069,0
1507052864,22720049,3649.24,0.01543309,0
1507052860,22720048,3637.48,0.08847137,1
1507052824,22719989,3648.60,0.05274847,0
1507052804,22719982,3649.40,0.01026291,0
1507052783,22719977,3637.51,0.07785698,0
1507052778,22719967,3639.81,0.66267329,1
1507052763,22719959,3638.91,0.01124771,1
1507052731,22719955,3638.50,0.00219680,1
1507052714,22719929,3650.50,0.81083518,0
1507052714,22719928,3649.60,0.03000000,0
1507052712,22719927,3647.00,0.50355938,0
1507052704,22719926,3646.90,0.02582236,0
1507052686,22719919,3646.57,0.02611850,0
1507052653,22719907,3646.90,0.01543500,0
1507052651,22719906,3646.90,0.05470400,0
1507052645,22719905,3646.70,0.02347907,0
1507052644,22719903,3646.70,0.07829401,0
1507052643,22719899,3645.89,0.17613127,0
1507052627,22719896,3645.89,0.12544122,0
1507052592,22719894,3645.89,0.56896121,0
1507052584,22719892,3645.89,0.12946630,0
1507052566,22719885,3647.00,0.26490834,0
1507052564,22719884,3637.30,2.28372202,1
1507052564,22719883,3642.00,1.00000000,1
1507052564,22719882,3642.13,0.90057919,1
1507052562,22719881,3647.00,0.00693160,0
1507052548,22719874,3642.23,0.00306840,1
1507052518,22719854,3646.90,0.00273383,0
1507052447,22719813,3646.90,0.02550725,0
1507052424,22719801,3647.00,0.01156307,0
1507052421,22719800,3637.20,0.07000000,1
1507052417,22719799,3641.46,0.09942081,1
1507052416,22719798,3641.40,0.07607249,1
1507052416,22719797,3645.29,0.00282832,1
1507052416,22719796,3645.60,0.01000000,1
1507052403,22719785,3647.00,0.02516315,0
1507052403,22719784,3647.00,0.18787446,0
1507052401,22719781,3645.54,0.08103850,0
1507052360,22719762,3645.29,0.09481015,1
1507052360,22719761,3645.44,0.01000000,1
1507052318,22719749,3645.29,0.47908890,1
1507052315,22719745,3645.54,0.05472440,0
1507052312,22719739,3645.54,0.05472440,0
1507052308,22719734,3645.54,0.05198681,0
1507052301,22719731,3645.29,0.05590000,1
1507052298,22719730,3645.54,0.77245596,0
1507052297,22719729,3645.29,0.03439269,1
1507052292,22719713,3645.29,0.01188174,1
1507052292,22719712,3645.44,0.01000000,1
1507052292,22719710,3645.54,0.05941442,0
1507052259,22719681,3645.54,0.02714690,0
1507052237,22719678,3645.29,0.43175889,1
1507052231,22719677,3645.29,1.99388770,1
1507052230,22719676,3645.29,0.79366665,1
1507052216,22719665,3645.54,0.13681101,0
1507052204,22719658,3645.29,0.00306583,0
1507052204,22719657,3645.29,0.19871913,0
1507052185,22719656,3645.29,0.01000000,0
1507052179,22719655,3645.29,0.04046706,0
1507052177,22719654,3645.00,0.00321798,0
1507052176,22719653,3645.00,0.05384100,0
1507052163,22719650,3645.00,0.06294102,0
1507052105,22719623,3645.29,0.01000000,0
1507052090,22719583,3645.29,0.06840882,0
1507052086,22719578,3645.29,0.01363831,0
1507052084,22719577,3645.29,0.00794125,0
1507052066,22719569,3645.29,0.03009911,0
1507052059,22719566,3645.29,0.04076978,0
1507052057,22719564,3645.00,0.03948022,0
1507052057,22719563,3645.00,0.03740912,0
1507052046,22719559,3645.00,0.02646066,0
1507052044,22719558,3645.00,0.01665000,0
1507052025,22719526,3645.17,0.05743485,1
1507052024,22719525,3645.29,0.13577451,0
1507052023,22719524,3645.17,0.21621494,0
1507051984,22719496,3645.29,0.01000000,0
1507051984,22719495,3637.43,0.15307670,1
1507051980,22719494,3645.29,0.01094563,0
1507051967,22719487,3645.29,0.08209223,0
1507051948,22719462,3645.29,0.06809139,0
1507051946,22719461,3645.29,0.40205411,0
1507051945,22719459,3645.29,0.01354312,0
1507051943,22719457,3636.51,0.01058674,1
1507051941,22719455,3645.29,0.01039698,0
1507051940,22719453,3645.29,0.00562912,0
1507051940,22719452,3645.29,0.03610632,0
1507051939,22719451,3645.29,0.27009357,0
1507051939,22719450,3645.29,0.02714403,0
1507051938,22719449,3645.27,0.23263918,0
1507051923,22719445,3645.27,0.00927276,0
1507051923,22719444,3645.27,0.64306073,0
1507051887,22719434,3645.27,0.00806345,0
1507051883,22719433,3633.70,0.00344096,0
1507051879,22719430,3633.70,0.15000000,0
1507051876,22719424,3633.71,0.23417251,1
1507051866,22719420,3645.40,0.02517419,1
1507051866,22719419,3645.40,0.00762081,0
1507051864,22719417,3633.50,0.44363342,1
1507051864,22719416,3637.00,0.00977595,1
1507051863,22719415,3637.00,0.09022405,1
1507051863,22719414,3637.89,0.01000000,1
1507051863,22719412,3645.30,0.02517488,0
1507051856,22719408,3637.06,0.00307006,1
1507051801,22719357,3640.90,0.00452389,1
1507051785,22719345,3644.80,0.02525000,0
1507051784,22719344,3644.80,1.00032101,0
1507051783,22719343,3640.90,0.00547611,1
1507051765,22719330,3645.40,0.01415931,0
1507051744,22719327,3645.40,0.01328744,0
1507051743,22719325,3645.40,1.29976134,0
1507051691,22719296,3645.30,0.00780135,0
1507051691,22719295,3645.30,0.00219865,0
1507051685,22719292,3645.30,0.00328368,0
1507051683,22719291,3645.20,0.00547295,0
1507051664,22719287,3644.99,0.02686269,0
1507051624,22719279,3644.99,0.01628258,0
1507051621,22719276,3644.90,0.01310600,0
1507051613,22719271,3645.20,0.00547295,0
1507051565,22719260,3644.99,0.01368179,0
1507051564,22719259,3645.00,0.02517695,0
1507051562,22719256,3645.08,0.10947359,0
1507051524,22719250,3645.18,0.01049239,0
1507051511,22719247,3645.29,0.01000000,0
1507051508,22719246,3645.29,0.01407598,0
1507051506,22719244,3645.30,0.00762050,0
1507051451,22719214,3645.30,0.00767907,0
1507051449,22719212,3645.29,0.02634817,0
1507051448,22719211,3645.30,0.07921810,0
1507051392,22719194,3645.30,0.01000000,0
1507051335,22719142,3644.93,0.06753601,0
1507051322,22719133,3633.50,0.05636658,1
1507051309,22719122,3634.40,0.00701475,1
1507051296,22719105,3645.27,0.02990451,1
1507051284,22719099,3634.00,0.02220484,1
1507051275,22719089,3645.39,0.03612683,1
1507051275,22719088,3643.60,0.05819205,0
1507051274,22719087,3642.66,0.10000000,0
1507051215,22719061,3642.63,0.05668432,0
1507051207,22719054,3634.13,0.01999014,1
1507051205,22719053,3635.92,0.01000000,1
1507051201,22719049,3643.00,0.00767591,0
1507051167,22719041,3642.37,0.06803110,0
1507051149,22719036,3642.70,0.02745216,0
1507051149,22719035,3642.70,0.09521636,0
1507051143,22719032,3642.10,0.06299113,0
1507051142,22719029,3642.10,0.02725242,0
1507051141,22719028,3642.14,0.00697519,0
1507051097,22719010,3643.60,0.00000548,1
1507051097,22719009,3643.60,0.12778466,1
1507051096,22719004,3643.60,0.17506600,1
1507051095,22719003,3643.75,0.01000000,1
1507051092,22718997,3643.60,0.44669658,1
1507051091,22718994,3643.60,0.44658427,1
1507051089,22718991,3643.60,0.44647196,1
1507051086,22718990,3644.49,0.00598000,0
1507051084,22718988,3644.47,0.01060736,0
1507051073,22718983,3627.30,0.09848790,1
1507051073,22718982,3627.33,0.45000000,1
1507051073,22718981,3630.00,0.10000000,1
1507051073,22718980,3630.01,0.28501620,1
1507051073,22718979,3631.00,0.22453280,1
1507051073,22718978,3631.13,0.08111359,1
1507051072,22718977,3631.90,1.03863267,1
1507051072,22718976,3632.70,2.33880000,1
1507051072,22718975,3632.71,0.88331684,1
1507051072,22718974,3632.71,0.10000000,1
1507051068,22718973,3632.63,0.26471280,1
1507051065,22718971,3644.89,0.02563988,0
1507051064,22718970,3644.89,0.01255000,0
1507051040,22718956,3645.07,0.06345616,0
1507051004,22718929,3634.91,0.00889197,1
1507051001,22718927,3634.93,0.01793998,1
1507051001,22718926,3640.00,0.00273901,1
1507050987,22718918,3644.19,0.01316635,0
1507050972,22718905,3633.87,0.08616000,1
1507050928,22718881,3644.19,0.31469431,0
1507050926,22718880,3644.20,0.04062027,0
1507050924,22718877,3644.20,0.00949195,0
1507050921,22718876,3644.10,0.05404248,0
1507050886,22718870,3644.59,0.10598612,0
1507050877,22718868,3644.60,0.02714395,0
1507050803,22718849,3637.00,0.45280383,1
1507050803,22718848,3640.00,0.00000666,1
1507050795,22718840,3645.30,0.05403791,0
1507050765,22718812,3645.39,0.00800157,0
1507050745,22718797,3645.39,0.02653373,0
1507050738,22718791,3640.00,0.03999334,1
1507050738,22718790,3641.35,0.00000458,1
1507050702,22718775,3645.40,0.00293940,0
1507050685,22718770,3645.40,0.11546072,0
1507050681,22718765,3645.40,0.01000000,0
1507050674,22718762,3645.40,0.01289016,0
1507050666,22718758,3645.40,0.00760501,0
1507050664,22718757,3645.40,0.00767521,0
1507050567,22718683,3645.30,0.03927756,0
1507050559,22718672,3641.35,0.02482252,1
1507050559,22718670,3641.77,0.01000000,1
1507050542,22718659,3645.40,1.36816261,0
1507050524,22718656,3645.40,0.04355000,0
1507050504,22718648,3645.40,0.02582335,0
1507050492,22718644,3645.40,0.02716481,0
1507050476,22718635,3641.35,0.06200783,1
1507050453,22718619,3645.40,0.02736325,0
1507050449,22718617,3641.35,0.02107455,1
1507050445,22718615,3645.40,0.25586729,0
1507050444,22718614,3645.39,0.11438271,0
1507050423,22718600,3645.40,1.29976134,0
1507050422,22718598,3641.35,0.02516589,1
1507050407,22718585,3645.40,0.10293903,0
1507050404,22718583,3645.40,0.05472650,0
1507050403,22718578,3641.35,0.02993000,1
1507050401,22718577,3644.39,0.00428645,0
1507050390,22718566,3641.35,0.92244980,1
1507050389,22718564,3641.35,0.01202404,0
1507050386,22718563,3641.35,0.00897508,0
1507050363,22718531,3641.35,0.01000000,0
1507050360,22718513,3644.37,0.01505335,0
1507050359,22718505,3644.40,0.01867438,0
1507050359,22718503,3641.44,0.01230975,0
1507050351,22718490,3641.44,0.00565021,0
1507050320,22718462,3641.20,0.06303415,0
1507050317,22718458,3632.13,0.06800000,1
1507050310,22718455,3632.90,0.18450454,0
1507050309,22718453,3633.57,0.01000000,1
1507050265,22718414,3640.37,0.01578908,0
1507050254,22718408,3640.70,1.34593272,0
1507050243,22718397,3640.45,0.05278826,0
1507050227,22718393,3641.00,0.01167903,0
1507050205,22718387,3642.01,0.01327013,0
1507050192,22718378,3642.50,0.13481574,0
1507050126,22718364,3644.38,0.06804068,0
1507050126,22718362,3632.01,0.03123009,1
1507050106,22718353,3645.08,0.03086839,0
1507050104,22718352,3645.08,0.01055785,0
1507050099,22718351,3645.19,0.00279999,0
1507050099,22718349,3641.79,0.00220001,0
1507050099,22718348,3640.00,0.00500000,0
1507050064,22718329,3641.96,0.02582264,0
1507050049,22718324,3642.60,0.02084445,0
1507050047,22718322,3642.73,0.02084445,0
1507050028,22718318,3632.01,0.00220001,1
1507050027,22718315,3643.10,0.05545889,0
1507050025,22718313,3643.20,0.02310041,0
1507050025,22718312,3635.00,0.24109975,0
1507050023,22718311,3635.00,0.11884680,0
1507049998,22718302,3632.50,0.20000000,1
1507049981,22718296,3635.00,0.00168888,0
1507049978,22718294,3635.00,0.00337777,0
1507049975,22718292,3635.00,0.00675553,0
1507049972,22718290,3635.00,0.01351106,0
1507049964,22718288,3635.00,0.01865000,0
1507049960,22718278,3635.00,0.01546129,0
1507049939,22718262,3635.00,0.02744429,0
1507049937,22718261,3635.00,0.01903677,0
1507049930,22718260,3635.00,0.01256058,0
1507049930,22718259,3635.00,0.01121485,0
1507049930,22718258,3635.00,0.01588058,0
1507049924,22718256,3635.00,0.01172745,0
1507049913,22718249,3635.00,2.00000000,1
1507049913,22718248,3635.06,1.00000000,1
1507049913,22718247,3637.00,2.33270000,1
1507049912,22718245,3640.56,0.01000000,1
1507049888,22718202,3644.90,0.05169971,0
1507049886,22718198,3644.89,0.02969440,0
1507049866,22718191,3645.00,0.13984100,1
1507049865,22718190,3645.50,0.05338466,0
1507049846,22718182,3645.50,0.00548622,0
1507049845,22718181,3645.50,0.07714968,0
1507049830,22718174,3645.50,0.01000000,0
1507049827,22718167,3645.50,0.02554229,0
1507049825,22718166,3645.49,0.00136607,0
1507049797,22718148,3645.50,0.60000000,0
1507049795,22718145,3645.49,0.01433258,0
1507049784,22718130,3645.54,0.26901787,0
1507049764,22718110,3645.54,0.30818456,0
1507049718,22718061,3645.54,3.46029669,0
1507049709,22718054,3645.00,0.02505000,1
1507049707,22718053,3645.15,0.01000000,1
1507049703,22718049,3645.40,0.02517419,0
1507049684,22718044,3645.30,0.00895976,0
1507049677,22718041,3645.54,0.33565399,0
1507049665,22718028,3645.54,0.02723191,0
1507049662,22718027,3645.54,0.01000000,1
1507049584,22717965,3650.40,0.14231699,0
1507049567,22717960,3638.80,0.24431196,0
1507049567,22717959,3638.80,0.01000000,0
1507049566,22717958,3639.39,0.02581514,0
1507049565,22717957,3639.39,0.01000000,1
1507049564,22717956,3650.40,0.08320550,0
1507049545,22717946,3649.50,0.02665158,0
1507049544,22717945,3636.88,0.05426434,1
1507049527,22717929,3649.60,0.02579371,0
1507049524,22717927,3636.10,0.09441748,1
1507049524,22717926,3638.50,0.02741514,1
1507049524,22717925,3641.08,0.01000000,1
1507049486,22717896,3650.40,0.02667031,0
1507049484,22717895,3650.49,0.01414823,0
1507049484,22717894,3647.17,0.00000176,0
1507049481,22717892,3647.17,0.00259824,1
1507049446,22717849,3650.30,0.00767164,0
1507049444,22717848,3650.30,0.02666067,0
1507049403,22717823,3649.59,0.05413651,0
1507049393,22717818,3649.59,0.01000000,0
1507049384,22717814,3649.60,0.00202212,0
1507049379,22717810,3649.77,0.00404424,0
1507049377,22717808,3649.77,0.00808848,0
1507049374,22717807,3649.70,0.01617698,0
1507049372,22717806,3649.77,0.03235395,0
1507049368,22717803,3650.50,0.06470790,0
1507049367,22717801,3649.78,0.03549914,0
1507049363,22717798,3649.78,0.12941580,0
1507049358,22717797,3649.50,0.25883160,0
1507049356,22717796,3649.68,0.48910682,0
1507049356,22717795,3648.00,0.02855637,0
1507049354,22717794,3648.00,0.09716285,0
1507049352,22717793,3646.57,0.03807261,0
1507049346,22717790,3646.56,0.04701933,0
1507049329,22717776,3646.56,0.08421700,0
1507049328,22717775,3646.56,0.00763320,0
1507049326,22717774,3646.56,0.00760237,0
1507049305,22717768,3644.57,0.01981967,0
1507049297,22717766,3643.21,0.02737970,0
1507049284,22717755,3647.00,0.00000274,1
1507049283,22717752,3644.47,0.02473886,1
1507049282,22717751,3644.47,0.03000000,0
1507049279,22717750,3647.10,0.73061336,1
1507049279,22717749,3647.10,2.00000000,0
1507049277,22717748,3641.83,0.00445813,0
1507049272,22717747,3635.21,0.09471721,1
1507049270,22717746,3636.00,0.20000000,1
1507049266,22717744,3641.83,0.00500000,0
1507049262,22717740,3641.83,0.02054187,0
1507049253,22717737,3643.70,0.17492526,0
1507049253,22717736,3643.13,0.09596490,1
1507049251,22717735,3641.74,0.03000000,0
1507049226,22717712,3644.80,0.00529128,1
1507049226,22717711,3644.80,0.00254000,1
1507049184,22717666,3646.38,0.01285084,0
1507049145,22717608,3646.26,0.00904243,0
1507049145,22717607,3646.26,0.01675064,0
1507049114,22717563,3645.00,0.78512087,1
1507049100,22717530,3647.03,0.00300793,0
1507049051,22717491,3645.30,0.00252639,0
1507049045,22717488,3644.99,0.00505278,0
1507049044,22717486,3644.99,0.01010555,0
1507049039,22717483,3644.99,0.02021111,0
1507049035,22717482,3645.08,0.04042222,0
1507049033,22717480,3645.18,0.08084444,0
1507049028,22717478,3645.29,0.00478888,0
1507049027,22717475,3645.30,0.00957776,0
1507049024,22717472,3645.50,0.00895093,0
1507049004,22717452,3647.70,0.02835100,0
1507048984,22717444,3648.30,0.00765778,0
1507048967,22717435,3648.99,0.05062118,0
1507048967,22717434,3646.04,0.05166753,0
1507048939,22717410,3638.00,0.18637710,1
1507048939,22717409,3638.00,0.04144000,1
1507048938,22717408,3640.60,0.02739933,1
1507048938,22717407,3641.00,0.10000000,1
1507048938,22717405,3642.90,0.01368964,1
1507048937,22717401,3645.63,0.10741454,0
1507048936,22717400,3645.63,0.01367939,1
1507048923,22717392,3649.80,0.12571922,0
1507048906,22717383,3650.29,0.09893535,1
1507048905,22717381,3650.00,0.01036465,0
1507048903,22717379,3649.79,0.01572054,0
1507048884,22717371,3650.00,0.01845000,1
1507048883,22717369,3650.00,0.24559474,1
1507048880,22717365,3650.00,0.01047442,1
1507048879,22717358,3650.00,0.01651784,1
1507048874,22717353,3650.00,0.22741300,1
1507048873,22717349,3650.50,0.00427471,1
1507048872,22717342,3650.50,0.99999452,1
1507048871,22717336,3650.50,0.05781244,1
1507048868,22717318,3650.50,0.99998904,1
1507048867,22717317,3650.50,0.11050000,1
1507048866,22717313,3650.50,0.11837787,1
1507048864,22717308,3653.60,0.02511769,1
1507048860,22717296,3650.50,0.23060094,1
1507048848,22717270,3650.50,0.27663425,1
1507048845,22717261,3657.19,0.02655681,0
1507048836,22717245,3650.50,0.46979180,1
1507048817,22717222,3650.50,0.08265674,1
1507048812,22717220,3650.50,0.49673554,1
1507048812,22717218,3650.50,0.03085867,1
1507048805,22717201,3650.50,0.04797032,1
1507048804,22717199,3658.70,0.06270533,0
1507048798,22717192,3650.50,0.20044967,1
1507048797,22717190,3650.50,0.10928744,1
1507048797,22717189,3651.32,0.01000000,1
1507048786,22717168,3658.70,0.10565507,0
1507048763,22717153,3658.70,0.01318162,0
1507048750,22717148,3658.70,0.07962228,0
1507048738,22717142,3650.60,0.23488947,1
1507048736,22717141,3650.60,0.34106791,1
1507048736,22717140,3650.61,0.01313436,1
1507048687,22717120,3658.70,0.01321642,0
1507048685,22717119,3658.70,0.06013508,0
1507048685,22717118,3658.69,0.04067309,0
1507048664,22717104,3650.50,0.04167553,1
1507048651,22717094,3650.50,0.03288537,1
1507048651,22717092,3650.50,0.07129541,1
1507048643,22717087,3658.90,0.00764541,0
1507048633,22717075,3650.50,0.05151742,1
1507048633,22717074,3659.06,0.00187500,0
1507048628,22717072,3659.08,0.00375000,0
1507048627,22717071,3659.18,0.00750000,0
1507048622,22717063,3659.30,0.01500000,0
1507048620,22717059,3659.30,0.03000000,0
1507048620,22717058,3650.50,0.00489604,1
1507048620,22717057,3650.51,0.02012267,1
1507048615,22717053,3659.49,0.02000000,0
1507048610,22717050,3651.31,0.02000000,0
1507048607,22717046,3651.31,0.02000000,0
1507048603,22717038,3651.32,0.02000000,0
1507048602,22717037,3650.50,0.66208265,1
1507048597,22717034,3651.32,0.09423104,1
1507048597,22717033,3651.33,0.09493759,1
1507048590,22717029,3651.32,0.21043922,1
1507048584,22717028,3659.16,0.01425000,0
1507048578,22717021,3651.32,0.08816961,1
1507048573,22717017,3651.32,0.08323000,1
1507048546,22716994,3659.38,0.01322409,0
1507048546,22716993,3659.35,0.03794800,0
1507048541,22716991,3651.32,0.29214546,1
1507048541,22716990,3652.00,1.30419142,1
1507048536,22716988,3652.00,0.06150134,1
1507048536,22716987,3652.10,1.33970000,1
1507048535,22716985,3652.10,0.99000000,1
1507048535,22716984,3655.00,0.01000000,1
1507048513,22716973,3659.39,0.05199933,1
1507048485,22716956,3659.89,0.15482742,0
1507048485,22716955,3659.79,0.06528700,0
1507048485,22716954,3659.79,0.04627306,0
1507048483,22716953,3659.70,1.70000000,0
1507048402,22716849,3660.00,0.66610382,0
1507048401,22716846,3659.79,0.01208589,0
1507048401,22716845,3659.48,0.01851762,0
1507048400,22716843,3659.48,0.02000000,0
1507048399,22716842,3659.45,0.25723631,0
1507048397,22716841,3659.48,0.02000000,0
1507048343,22716800,3659.87,0.01966149,0
1507048329,22716788,3659.90,0.01208544,0
1507048328,22716787,3659.64,0.01495130,0
1507048323,22716785,3659.65,0.02507616,0
1507048298,22716773,3659.73,0.00510000,0
1507048284,22716768,3659.80,0.01058422,0
1507048281,22716765,3659.77,0.10025000,0
1507048264,22716750,3659.86,0.02572062,0
1507048214,22716699,3659.99,0.05638850,0
1507048205,22716693,3659.99,0.06268323,0
1507048183,22716674,3659.96,0.00140000,0
1507048160,22716651,3659.99,0.00140000,0
1507048145,22716646,3659.91,0.00578430,0
1507048128,22716638,3659.89,0.00334998,0
1507048127,22716637,3659.90,0.00334998,0
1507048126,22716636,3659.90,0.02000000,0
1507048118,22716631,3650.90,0.13849866,1
1507048116,22716629,3651.64,0.00781085,1
1507048084,22716595,3651.64,0.00218915,1
1507048066,22716584,3659.99,0.01320807,0
1507048064,22716580,3659.96,0.01306600,0
1507048022,22716561,3659.96,0.27257128,0
1507048016,22716560,3650.70,0.61477068,1
1507048016,22716559,3650.71,0.03484990,1
1507048016,22716558,3651.00,0.05000000,1
1507048010,22716554,3650.26,0.06002264,1
1507048007,22716553,3667.49,0.00775144,0
1507048006,22716551,3658.20,0.05880580,1
1507048006,22716550,3660.00,0.11650823,1
1507048005,22716549,3660.00,0.06002119,1
1507048004,22716548,3660.00,0.06002098,1
1507048004,22716547,3660.00,0.06002023,1
1507048003,22716546,3660.00,0.06002044,1
1507048002,22716545,3660.00,0.02000000,1
1507047998,22716539,3660.00,0.07368639,1
1507047998,22716538,3660.00,0.05986035,1
1507047997,22716537,3660.00,0.05986219,1
1507047995,22716533,3660.00,0.40000000,1
1507047984,22716517,3667.72,0.13598366,0
1507047975,22716513,3667.91,0.02700546,0
1507047968,22716511,3658.20,0.01018347,1
1507047968,22716510,3660.00,0.07470453,1
1507047968,22716509,3666.94,0.01000000,1
1507047961,22716503,3660.00,0.00200000,1
1507047959,22716502,3660.00,0.02329547,1
1507047959,22716501,3664.52,0.00000272,1
1507047954,22716496,3664.52,0.02885235,1
1507047946,22716487,3668.34,0.03901480,0
1507047929,22716472,3658.20,0.05990173,1
1507047925,22716470,3668.55,0.10119327,0
1507047892,22716451,3664.28,0.00935563,0
1507047892,22716450,3659.20,0.00365343,0
1507047888,22716445,3650.21,0.03404094,1
1507047886,22716444,3659.20,0.02634657,0
1507047876,22716439,3664.57,0.47064814,1
1507047876,22716438,3664.57,0.01000033,1
1507047875,22716437,3660.95,0.03000000,0
1507047873,22716434,3660.00,0.03382685,0
1507047868,22716428,3660.00,0.01526230,0
1507047844,22716425,3650.10,0.00434822,1
1507047844,22716424,3650.11,0.01018146,1
1507047839,22716418,3660.00,0.02000000,0
1507047836,22716416,3660.00,0.01000000,0
1507047836,22716415,3656.13,0.01000000,0
1507047831,22716410,3656.13,0.02000000,0
1507047828,22716404,3660.00,0.02000000,0
1507047827,22716400,3659.80,0.01310167,0
1507047824,22716398,3659.79,0.01000000,0
1507047824,22716397,3656.15,0.01000000,0
1507047819,22716393,3656.15,0.02000000,0
1507047816,22716389,3659.92,0.02000000,0
1507047812,22716388,3660.00,0.02000000,0
1507047809,22716380,3659.99,0.02000000,0
1507047806,22716377,3660.00,0.01000000,0
1507047806,22716376,3655.33,0.01000000,0
1507047802,22716370,3655.33,0.02000000,0
1507047798,22716367,3659.37,0.00851876,0
1507047798,22716366,3655.56,0.01148124,0
1507047792,22716360,3655.56,0.01025000,0
1507047792,22716359,3655.56,0.00826876,0
1507047790,22716356,3650.10,0.15719977,1
1507047790,22716355,3650.11,0.23280023,1
1507047790,22716354,3650.11,0.10000000,1
1507047788,22716353,3650.66,0.01000000,1
1507047765,22716341,3650.10,0.23732642,1
1507047743,22716291,3650.10,0.08661452,1
1507047736,22716285,3650.10,0.16420722,1
1507047732,22716277,3651.21,0.47739159,1
1507047732,22716276,3651.21,0.06855423,1
1507047730,22716273,3660.00,0.00008655,1
1507047730,22716270,3660.00,0.21636203,1
1507047726,22716261,3660.00,0.49015028,1
1507047725,22716259,3660.00,0.27178521,1
1507047724,22716257,3660.00,0.11733436,1
1507047724,22716256,3662.57,0.02009036,0
1507047724,22716255,3660.00,0.11294229,1
1507047723,22716253,3662.49,0.00301050,1
1507047723,22716250,3662.49,0.00232980,1
1507047722,22716249,3662.49,0.00232980,1
1507047720,22716245,3660.00,0.12240483,1
1507047716,22716233,3660.00,0.03205465,1
1507047714,22716229,3651.95,0.00232990,1
1507047657,22716173,3650.21,0.10956948,1
1507047654,22716166,3668.00,0.02000000,0
1507047650,22716161,3661.17,0.02000000,0
1507047648,22716159,3661.17,2.12981113,1
1507047648,22716158,3661.16,0.88642139,0
1507047644,22716152,3661.30,0.21757370,0
1507047644,22716150,3656.15,0.03000000,0
1507047637,22716142,3650.10,0.22367712,1
1507047637,22716141,3650.71,0.01000000,1
1507047620,22716133,3650.00,0.03040083,1
1507047615,22716117,3650.10,0.59040464,1
1507047615,22716114,3655.86,0.10404262,1
1507047614,22716110,3655.86,0.03000000,0
1507047604,22716093,3650.10,0.97809509,1
1507047584,22716079,3650.10,0.12555796,1
1507047583,22716078,3650.10,0.50000000,1
1507047573,22716076,3650.70,0.31536456,1
1507047573,22716075,3650.71,0.01049114,1
1507047573,22716074,3650.71,0.58514600,1
1507047572,22716073,3650.70,0.00983013,1
1507047572,22716072,3650.73,0.11705469,1
1507047571,22716070,3655.71,0.01000000,1
1507047544,22716052,3664.27,0.11705469,0
1507047542,22716039,3650.50,1.15877752,1
1507047540,22716035,3650.50,0.02434419,1
1507047540,22716034,3650.53,0.18015809,1
1507047527,22716027,3664.50,0.00695489,0
1507047526,22716023,3664.57,0.01143409,0
1507047484,22716006,3661.90,0.02571472,0
1507047484,22716004,3662.50,0.12528328,1
1507047473,22715989,3653.74,0.00304511,1
1507047466,22715981,3662.50,0.04117699,0
1507047447,22715971,3662.79,0.16258327,0
1507047446,22715969,3662.80,0.05323716,0
1507047445,22715966,3662.84,0.01320967,0
1507047436,22715962,3663.18,0.26784567,0
1507047428,22715957,3663.39,0.10644351,0
1507047426,22715955,3663.40,0.13670640,0
1507047425,22715954,3663.49,0.03897305,0
1507047410,22715945,3663.85,0.00272000,0
1507047408,22715940,3663.88,0.01000000,1
1507047405,22715938,3665.00,0.10317341,0
1507047404,22715937,3665.00,0.02675260,0
1507047398,22715926,3665.20,0.00434000,1
1507047397,22715924,3665.20,0.01409172,0
1507047397,22715923,3662.35,0.03000000,0
1507047387,22715912,3658.17,0.02551732,0
1507047369,22715896,3658.80,0.05087392,0
1507047344,22715881,3659.55,0.12217928,0
1507047338,22715877,3644.10,0.02178717,1
1507047328,22715871,3645.49,0.11540849,1
1507047311,22715856,3645.49,0.00325751,1
1507047311,22715855,3645.50,0.01012980,1
1507047311,22715854,3650.00,0.10000000,1
1507047306,22715851,3661.20,0.26120224,0
1507047305,22715850,3668.50,0.06177827,0
1507047305,22715848,3667.73,0.03000000,0
1507047305,22715846,3661.61,0.03716686,0
1507047304,22715843,3661.25,0.12532537,0
1507047295,22715833,3650.51,0.43609175,1
1507047295,22715832,3651.71,0.01000000,1
1507047276,22715823,3661.61,0.02724211,0
1507047268,22715816,3650.60,0.39228787,1
1507047262,22715812,3650.61,0.02657236,1
1507047259,22715809,3661.40,0.00509773,1
1507047258,22715808,3659.40,0.02192577,1
1507047257,22715807,3650.51,0.03723117,1
1507047257,22715806,3650.51,0.44276883,1
1507047256,22715805,3650.70,0.03657690,1
1507047256,22715803,3650.70,0.01172346,1
1507047250,22715795,3650.60,0.25713702,1
1507047250,22715793,3650.61,0.03225050,1
1507047243,22715784,3650.60,0.03046043,1
