date,tid,price,amount,type
1507075233,22731290,4312.24,0.15745877,0
1507075221,22731286,4312.25,1.02198731,0
1507075221,22731285,4312.25,0.27801269,0
1507075211,22731271,4320.00,15.34763479,0
1507075211,22731268,4319.97,2.00000000,1
1507075210,22731266,4319.70,1.42710677,1
1507075210,22731265,4320.00,0.28929693,0
1507075209,22731263,4319.98,0.90000000,1
1507075209,22731262,4319.70,0.02000000,0
1507075209,22731261,4318.96,0.17000000,0
1507075208,22731259,4318.84,0.04435686,0
1507075208,22731257,4318.00,0.00390142,0
1507075208,22731256,4315.84,0.01860671,0
1507075207,22731255,4315.73,2.31740000,0
1507075197,22731243,4315.83,0.00287499,0
1507075192,22731242,4315.84,0.00500000,0
1507075160,22731239,4315.83,0.86753578,1
1507075141,22731238,4311.40,0.02400000,1
1507075089,22731229,4313.67,0.02116998,0
1507075075,22731223,4315.83,0.50000000,1
1507075071,22731222,4312.42,2.02500000,1
1507075066,22731221,4312.41,0.00593433,1
1507075029,22731213,4318.64,0.00259828,0
1507075029,22731212,4318.52,0.01536887,0
1507075028,22731211,4318.64,0.93740897,0
1507075028,22731210,4318.52,0.00185019,0
1507075027,22731209,4318.25,4.28100042,0
1507075027,22731208,4318.01,0.20408090,0
1507075027,22731207,4318.00,0.75981528,0
1507075025,22731205,4315.84,0.61000000,0
1507075020,22731201,4318.01,0.00839000,0
1507075017,22731198,4318.00,0.75082503,0
1507075015,22731196,4318.01,0.75000000,0
1507074996,22731185,4318.01,0.96169976,1
1507074993,22731184,4318.25,0.22590169,0
1507074993,22731183,4318.25,0.49309789,0
1507074992,22731179,4318.00,0.14504632,1
1507074992,22731178,4318.00,0.90000000,1
1507074991,22731177,4318.00,0.90000000,1
1507074990,22731176,4318.00,2.32130000,0
1507074990,22731175,4318.00,0.04600000,0
1507074990,22731174,4317.99,0.19860170,0
1507074990,22731173,4316.46,0.00188096,0
1507074990,22731172,4316.03,0.00188020,0
1507074990,22731171,4316.00,0.04600000,0
1507074990,22731170,4315.18,3.44935545,0
1507074990,22731169,4315.01,0.01000000,0
1507074989,22731168,4315.00,4.00000000,0
1507074989,22731167,4314.54,0.04431263,0
1507074989,22731166,4314.00,0.04600000,0
1507074989,22731165,4312.82,10.83522269,0
1507074979,22731149,4312.82,0.00600000,0
1507074977,22731148,4312.82,0.79969022,0
1507074971,22731146,4312.82,0.03472565,0
1507074970,22731145,4312.82,1.00000000,0
1507074967,22731142,4312.82,1.00000000,0
1507074965,22731140,4311.73,0.08500000,1
1507074965,22731139,4312.82,1.00000000,0
1507074962,22731136,4312.82,1.00000000,0
1507074960,22731135,4312.82,1.00000000,0
1507074958,22731134,4312.82,1.00000000,0
1507074957,22731133,4312.25,0.17500000,1
1507074956,22731132,4312.82,0.04993484,0
1507074954,22731130,4312.82,1.00000000,0
1507074953,22731129,4312.82,0.11128218,0
1507074951,22731128,4312.82,1.00000000,0
1507074950,22731127,4312.82,1.51000000,0
1507074949,22731126,4312.82,1.00000000,0
1507074948,22731125,4311.72,0.17000000,1
1507074946,22731124,4312.82,1.00000000,0
1507074943,22731123,4312.82,1.00000000,0
1507074943,22731122,4312.82,1.43811842,0
1507074940,22731121,4312.82,1.00000000,0
1507074939,22731120,4312.25,0.81962529,1
1507074938,22731119,4312.82,1.00000000,0
1507074937,22731117,4312.82,8.21502600,0
1507074936,22731116,4312.82,1.00000000,0
1507074935,22731115,4312.70,0.69500000,1
1507074930,22731114,4312.82,13.00000000,0
1507074927,22731112,4312.24,0.50359090,0
1507074924,22731110,4312.24,1.00000000,0
1507074921,22731109,4312.24,1.00000000,0
1507074918,22731108,4312.24,4.62240910,0
1507074916,22731107,4311.71,0.05000000,1
1507074914,22731106,4312.24,12.87400000,0
1507074914,22731105,4312.11,0.50000000,0
1507074914,22731104,4312.00,0.04600000,0
1507074910,22731103,4311.70,0.04623772,0
1507074907,22731102,4311.13,0.03000000,1
1507074905,22731101,4311.70,0.03526228,0
1507074903,22731100,4311.12,0.01794652,0
1507074899,22731098,4310.28,0.00188019,0
1507074893,22731097,4310.23,0.04426840,0
1507074890,22731096,4310.05,1.79526984,0
1507074889,22731095,4310.00,0.50000000,0
1507074889,22731094,4310.00,0.04600000,0
1507074889,22731093,4308.88,0.10000000,0
1507074889,22731092,4308.83,9.53930438,0
1507074889,22731091,4308.82,0.01942578,0
1507074861,22731087,4307.00,0.07960000,1
1507074857,22731086,4308.82,0.00700000,0
1507074831,22731082,4308.74,0.72925902,0
1507074831,22731081,4308.64,0.27074098,0
1507074804,22731080,4308.70,0.05859578,0
1507074783,22731074,4308.63,0.02129911,0
1507074731,22731068,4308.42,0.04171334,1
1507074666,22731048,4308.68,0.01176100,0
1507074650,22731045,4308.60,0.00839000,0
1507074645,22731044,4308.59,0.01678000,0
1507074641,22731043,4308.61,0.00839000,0
1507074639,22731042,4308.67,0.02750400,0
1507074636,22731041,4305.45,1.58960000,1
1507074635,22731040,4305.15,2.41040000,0
1507074633,22731039,4305.44,0.01000000,1
1507074630,22731038,4308.78,0.01678000,0
1507074625,22731036,4308.44,0.00839000,0
1507074610,22731035,4308.05,0.00839000,0
1507074606,22731034,4308.50,0.00839000,0
1507074513,22731027,4301.01,0.40156121,1
1507074476,22731026,4308.79,0.00339487,0
1507074457,22731025,4308.70,0.31914979,1
1507074456,22731024,4308.70,0.87150000,1
1507074445,22731023,4308.70,0.00531684,1
1507074441,22731022,4308.77,0.00400000,0
1507074439,22731021,4308.72,0.00200000,0
1507074435,22731020,4308.70,0.85000000,1
1507074432,22731019,4308.70,0.15770636,1
1507074429,22731018,4305.48,0.15770599,0
1507074429,22731017,4305.47,3.60950861,0
1507074412,22731016,4305.48,0.00664466,0
1507074401,22731014,4302.88,0.47719997,1
1507074401,22731013,4302.80,1.48043220,0
1507074399,22731012,4302.85,0.99683600,1
1507074399,22731011,4302.87,0.02273180,1
1507074368,22731010,4305.44,0.00400000,0
1507074363,22731009,4300.35,4.00000000,0
1507074363,22731008,4300.09,0.02911241,0
1507074362,22731007,4300.09,0.01713270,0
1507074347,22731006,4300.00,0.02320000,1
1507074339,22731005,4300.00,0.02320000,1
1507074334,22731004,4300.00,0.02320000,1
1507074329,22731003,4300.05,0.01735570,1
1507074329,22731002,4304.61,0.00584330,1
1507074327,22731001,4302.08,0.01118800,0
1507074325,22731000,4300.05,0.02319900,0
1507074317,22730999,4300.04,0.02319900,1
1507074312,22730997,4300.34,0.00227328,0
1507074311,22730996,4300.91,0.02092172,1
1507074306,22730994,4300.91,0.00063596,1
1507074305,22730993,4301.00,0.02255804,1
1507074299,22730986,4301.00,0.02319400,1
1507074294,22730985,4301.48,0.02319200,0
1507074287,22730963,4301.45,0.02319400,1
1507074281,22730961,4301.42,0.01970103,1
1507074281,22730960,4301.67,0.00348897,1
1507074279,22730959,4302.08,0.01200000,0
1507074276,22730958,4302.06,0.02318900,1
1507074269,22730955,4302.06,0.02318800,1
1507074249,22730953,4305.50,0.03734329,0
1507074244,22730952,4305.50,0.03892789,0
1507074226,22730940,4308.15,0.02700000,0
1507074182,22730934,4301.24,0.01164259,1
1507074138,22730933,4301.02,0.02207629,1
1507074136,22730931,4308.52,0.01000000,0
1507074133,22730929,4308.39,0.01459074,1
1507074122,22730928,4302.31,0.00603000,1
1507074075,22730925,4308.74,0.01600000,0
1507074073,22730924,4308.81,0.01785374,0
1507074069,22730923,4306.50,0.27431824,1
1507074069,22730922,4308.37,2.02432706,1
1507074069,22730921,4308.37,0.14519663,1
1507074068,22730920,4308.39,0.04734507,1
1507074068,22730919,4308.80,0.00881300,1
1507074054,22730918,4308.65,1.14951676,0
1507074018,22730913,4308.39,0.12747935,1
1507073973,22730902,4308.37,0.02379303,1
1507073938,22730900,4301.61,0.03752038,0
1507073935,22730899,4308.14,0.12514374,1
1507073925,22730898,4308.82,0.07359917,0
1507073881,22730895,4308.53,0.01000000,0
1507073835,22730892,4304.05,1.00000000,1
1507073832,22730891,4301.04,0.85769501,1
1507073831,22730890,4307.94,0.14230499,1
1507073831,22730889,4305.78,0.15769501,0
1507073828,22730888,4301.02,1.00000000,1
1507073827,22730887,4301.04,1.00000000,0
1507073821,22730886,4301.02,0.24110739,1
1507073820,22730885,4303.13,1.00000000,0
1507073817,22730884,4305.77,0.33824354,1
1507073808,22730881,4305.38,2.23470000,1
1507073808,22730880,4307.47,0.02419261,1
1507073762,22730861,4301.66,0.09643000,1
1507073755,22730860,4301.01,0.02400000,1
1507073747,22730858,4307.29,0.15763972,0
1507073743,22730857,4308.83,0.46069562,0
1507073743,22730856,4308.83,0.15983710,1
1507073743,22730855,4308.81,0.87150000,0
1507073742,22730854,4308.00,0.09102268,0
1507073742,22730853,4307.94,0.01291881,0
1507073740,22730852,4307.30,0.15763936,0
1507073657,22730845,4301.01,0.03800000,0
1507073648,22730844,4301.02,0.01414561,1
1507073615,22730842,4307.59,0.00900000,0
1507073584,22730821,4301.01,1.00000000,1
1507073583,22730820,4301.36,0.01170549,0
1507073581,22730818,4304.97,0.00800000,0
1507073576,22730817,4301.36,0.07557526,1
1507073499,22730813,4301.05,2.12920833,1
1507073492,22730782,4307.89,0.05000000,0
1507073482,22730780,4301.00,2.00000000,1
1507073481,22730779,4305.99,0.10000000,0
1507073468,22730774,4301.00,0.10000000,1
1507073463,22730773,4301.00,0.12556814,1
1507073463,22730772,4301.19,0.14143186,1
1507073451,22730771,4306.00,0.00875000,0
1507073451,22730770,4306.00,0.01000000,1
1507073448,22730768,4307.94,0.00133119,0
1507073447,22730767,4307.94,0.00875000,0
1507073441,22730765,4307.88,0.00875000,0
1507073386,22730758,4307.00,0.01100000,0
1507073328,22730754,4305.00,0.04120467,0
1507073327,22730752,4305.00,0.79983700,0
1507073327,22730751,4305.00,1.58928795,0
1507073326,22730750,4305.00,0.00299618,0
1507073318,22730749,4305.00,0.05086601,0
1507073317,22730748,4305.00,0.20000000,0
1507073316,22730747,4305.00,0.20000000,0
1507073309,22730744,4305.00,0.04084517,0
1507073309,22730743,4304.94,0.03528934,0
1507073306,22730742,4304.93,0.02486549,0
1507073283,22730732,4304.94,0.12243644,0
1507073279,22730729,4305.00,0.05097561,0
1507073163,22730719,4300.91,0.02133734,0
1507073048,22730700,4307.97,0.03000000,0
1507073043,22730698,4307.97,0.02130233,0
1507073021,22730693,4302.64,0.09856032,1
1507073014,22730692,4308.00,0.00344477,0
1507073010,22730689,4308.58,0.50000000,0
1507073009,22730687,4303.39,0.01822051,1
1507073007,22730686,4308.00,0.74185732,1
1507073007,22730685,4308.00,3.88055178,1
1507073005,22730683,4308.00,0.07631435,1
1507072983,22730678,4308.57,0.00766700,0
1507072923,22730675,4308.00,0.13304600,0
1507072878,22730667,4308.82,0.01000000,0
1507072838,22730634,4305.01,0.04102679,1
1507072833,22730632,4302.85,0.04316956,1
1507072833,22730631,4305.00,0.08652568,1
1507072832,22730630,4305.00,0.04102679,1
1507072826,22730625,4304.99,0.05280803,1
1507072802,22730620,4308.58,0.51948575,0
1507072793,22730619,4308.82,1.71249733,1
1507072781,22730614,4308.82,0.76655735,1
1507072775,22730613,4308.83,1.93001348,1
1507072775,22730612,4308.81,0.87150000,0
1507072774,22730611,4308.63,0.01771066,0
1507072774,22730610,4308.43,0.00185452,0
1507072774,22730609,4307.00,0.05178754,0
1507072773,22730608,4307.00,0.17380063,0
1507072773,22730607,4305.03,0.05511713,0
1507072772,22730606,4305.00,1.17585414,0
1507072771,22730605,4304.58,0.27108224,0
1507072767,22730604,4304.58,0.02998434,0
1507072739,22730602,4304.57,0.02094994,1
1507072737,22730601,4304.58,0.70000000,0
1507072733,22730600,4304.58,0.41010452,0
1507072719,22730597,4304.58,0.58882890,0
1507072719,22730596,4304.53,0.00188018,0
1507072717,22730593,4302.42,0.01173990,0
1507072717,22730592,4302.00,0.42559202,0
1507072690,22730591,4302.00,1.00000000,0
1507072659,22730589,4302.00,0.50013555,0
1507072657,22730585,4302.00,0.40427243,0
1507072653,22730584,4300.08,0.10120600,0
1507072653,22730583,4300.00,0.61983468,0
1507072652,22730582,4300.00,0.33600000,0
1507072652,22730581,4300.00,0.07000000,0
1507072652,22730580,4300.00,10.00000000,0
1507072652,22730579,4299.99,0.40867198,0
1507072648,22730577,4299.99,0.46989402,0
1507072648,22730576,4299.99,11.53010598,0
1507072641,22730574,4299.99,0.20000000,0
1507072631,22730572,4299.99,0.20000000,0
1507072629,22730571,4299.99,2.49990000,0
1507072628,22730570,4299.99,2.50000000,0
1507072622,22730566,4299.99,0.10000000,0
1507072617,22730565,4299.99,0.04378000,0
1507072615,22730564,4299.99,0.20000000,0
1507072608,22730563,4299.99,0.67170000,0
1507072598,22730562,4299.99,0.10000000,0
1507072596,22730561,4299.99,0.71540000,0
1507072593,22730560,4299.99,0.10000000,0
1507072576,22730558,4299.99,0.20000000,0
1507072572,22730556,4299.99,0.91846008,0
1507072566,22730553,4299.99,0.01346897,0
1507072551,22730550,4299.99,0.00800000,0
1507072534,22730548,4299.99,0.11800000,0
1507072527,22730547,4299.99,0.20000000,0
1507072522,22730546,4299.98,0.10000000,0
1507072512,22730545,4299.46,0.25296871,1
1507072507,22730544,4298.90,0.00413801,0
1507072506,22730543,4298.91,0.20000000,0
1507072506,22730542,4298.91,0.18399324,1
1507072495,22730538,4299.98,1.30000000,0
1507072494,22730537,4299.98,0.40000000,0
1507072480,22730533,4299.99,0.43072019,0
1507072473,22730532,4298.82,0.02000000,1
1507072470,22730527,4299.78,0.10000000,0
1507072470,22730525,4298.90,0.22839981,0
1507072468,22730524,4298.89,0.08508579,0
1507072466,22730523,4298.89,0.31491421,0
1507072465,22730522,4298.90,0.31491421,0
1507072458,22730521,4298.90,0.30000000,0
1507072445,22730520,4298.90,0.03619082,0
1507072445,22730519,4298.00,0.02866137,0
1507072444,22730518,4298.00,0.29920000,0
1507072443,22730517,4298.00,0.54540019,0
1507072441,22730515,4298.00,0.03367251,0
1507072427,22730513,4296.73,0.00336725,0
1507072420,22730512,4298.00,0.03911334,0
1507072417,22730511,4298.88,0.00080000,1
1507072415,22730510,4298.89,0.03000000,0
1507072405,22730507,4298.90,0.04212000,0
1507072403,22730506,4298.88,0.08460000,1
1507072403,22730505,4298.88,0.08540000,1
1507072390,22730504,4298.90,0.03812287,0
1507072389,22730503,4298.90,0.08540000,0
1507072388,22730502,4298.90,0.02400000,0
1507072381,22730501,4298.90,0.27770075,0
1507072381,22730500,4298.88,0.15794812,0
1507072329,22730489,4295.02,0.30390000,1
1507072323,22730487,4298.89,0.06918600,0
1507072316,22730470,4299.00,0.02415259,0
1507072299,22730456,4299.00,0.02900000,0
1507072296,22730455,4295.00,0.09235026,1
1507072296,22730454,4295.02,0.08764974,1
1507072295,22730453,4298.96,0.05994994,0
1507072285,22730451,4295.01,0.17980000,1
1507072209,22730439,4294.56,0.02301823,0
1507072180,22730431,4299.90,0.00877000,0
1507072173,22730429,4299.90,0.03516921,0
1507072172,22730428,4299.90,0.11921233,0
1507072170,22730427,4299.87,0.01754000,0
1507072160,22730425,4299.99,0.00877000,0
1507072158,22730423,4299.99,0.01200000,0
1507072156,22730422,4296.97,0.03000000,0
1507072155,22730421,4295.85,0.00500000,0
1507072151,22730420,4299.98,0.01750000,0
1507072146,22730419,4299.99,0.01750000,0
1507072142,22730417,4298.00,0.00335541,1
1507072142,22730416,4298.00,0.01258040,1
1507072141,22730415,4299.99,0.01750000,0
1507072140,22730414,4298.00,0.28905641,0
1507072135,22730413,4298.00,0.01750000,0
1507072130,22730411,4298.00,0.01750000,0
1507072128,22730409,4298.00,0.00266257,0
1507072125,22730408,4297.99,0.01750000,0
1507072122,22730407,4297.99,0.00960617,0
1507072092,22730341,4295.37,0.12777925,0
1507072092,22730340,4295.01,0.01451697,0
1507072092,22730339,4295.00,0.03000000,0
1507072050,22730326,4294.51,0.19427172,1
1507072024,22730322,4295.01,1.98486963,0
1507072023,22730321,4295.02,0.00363037,1
1507072023,22730320,4298.00,0.00798400,0
1507072022,22730319,4298.00,0.07184500,0
1507071989,22730318,4297.97,0.00200000,0
1507071985,22730317,4297.96,0.10743267,0
1507071946,22730313,4295.01,0.89255035,1
1507071945,22730312,4295.02,0.10744965,1
1507071909,22730311,4298.00,0.00600000,0
1507071885,22730300,4297.88,0.10573181,0
1507071867,22730298,4297.00,2.00000000,0
1507071851,22730292,4293.21,0.01040744,1
1507071850,22730291,4293.24,0.16755935,1
1507071823,22730283,4295.71,0.03000000,0
1507071812,22730282,4292.40,0.11681800,0
1507071804,22730281,4289.36,0.00500000,1
1507071786,22730279,4298.47,0.37747213,1
1507071785,22730278,4298.47,0.82093800,0
1507071783,22730277,4298.47,0.05056200,0
1507071779,22730274,4298.53,0.08402639,1
1507071777,22730273,4292.42,0.10468340,0
1507071777,22730272,4292.41,4.00000000,0
1507071765,22730268,4290.67,0.16155887,0
1507071765,22730267,4289.86,0.00200800,0
1507071763,22730265,4288.40,0.00500000,1
1507071724,22730258,4287.25,0.12850000,1
1507071724,22730257,4288.12,0.87150000,1
1507071721,22730256,4288.10,0.57570000,1
1507071721,22730255,4289.03,0.10000000,1
1507071721,22730254,4289.88,0.32430000,1
1507071719,22730253,4289.88,1.00000000,1
1507071716,22730252,4289.88,1.00000000,1
1507071715,22730251,4285.70,0.18929400,1
1507071714,22730250,4289.87,1.00000000,1
1507071710,22730249,4290.00,3.69940593,0
1507071709,22730248,4290.12,0.58602961,1
1507071708,22730247,4290.16,0.71456446,1
1507071707,22730246,4292.42,0.15693839,1
1507071692,22730244,4299.98,0.91846008,1
1507071691,22730243,4299.97,3.72762140,1
1507071662,22730240,4290.28,1.00000000,1
1507071652,22730238,4295.54,0.06082811,1
1507071652,22730237,4299.95,0.14700883,0
1507071629,22730232,4297.04,0.59763900,1
1507071629,22730231,4297.95,0.15236100,1
1507071625,22730229,4297.95,0.04000000,1
1507071605,22730226,4299.99,0.05857600,0
1507071604,22730225,4299.99,0.05335361,0
1507071603,22730222,4299.99,0.04007378,0
1507071589,22730214,4299.99,0.78092492,0
1507071589,22730213,4298.30,1.71907508,0
1507071543,22730205,4299.98,0.02134191,1
1507071526,22730202,4299.99,0.02222830,0
1507071523,22730200,4299.98,0.16306077,1
1507071511,22730198,4297.57,0.06742741,0
1507071511,22730197,4296.00,0.43500000,0
1507071511,22730196,4295.54,0.00100579,0
1507071429,22730188,4295.54,0.01179421,0
1507071411,22730183,4296.45,0.00800269,0
1507071391,22730178,4296.45,0.02400000,0
1507071373,22730169,4294.58,1.00000000,1
1507071373,22730167,4296.48,0.03300000,0
1507071366,22730161,4294.59,0.00210000,1
1507071354,22730159,4299.99,0.00600000,0
1507071346,22730158,4299.99,1.00000000,0
1507071344,22730157,4299.99,1.00000000,0
1507071344,22730156,4299.99,1.23353817,0
1507071338,22730153,4299.91,0.50000000,0
1507071336,22730152,4299.01,0.01218820,1
1507071331,22730146,4299.00,0.10000000,0
1507071331,22730145,4299.00,0.33150000,0
1507071328,22730143,4299.00,1.00000000,0
1507071326,22730141,4299.00,1.00000000,0
1507071320,22730139,4298.77,0.00188017,0
1507071315,22730137,4298.34,0.00185888,0
1507071309,22730135,4294.99,0.37867886,0
1507071302,22730133,4294.99,0.26132114,0
1507071296,22730130,4294.99,1.51000000,0
1507071288,22730127,4294.53,0.25000000,1
1507071283,22730125,4294.99,7.00000000,0
1507071269,22730123,4294.49,0.03656460,1
1507071269,22730122,4294.99,7.00000000,0
1507071267,22730121,4294.99,1.00000000,0
1507071267,22730120,4294.99,1.00000000,0
1507071265,22730119,4294.49,0.36830000,1
1507071264,22730118,4294.99,4.85000000,0
1507071263,22730117,4294.99,1.00000000,0
1507071260,22730116,4294.98,1.00000000,0
1507071257,22730115,4294.98,1.00000000,0
1507071255,22730111,4294.99,1.00000000,0
1507071250,22730109,4294.46,0.09209050,1
1507071249,22730108,4294.46,0.05841000,0
1507071248,22730107,4293.82,1.53170000,1
1507071248,22730106,4294.00,0.60000000,1
1507071247,22730105,4294.00,0.40000000,1
1507071244,22730104,4294.00,0.01000000,0
1507071241,22730103,4293.03,0.70880000,1
1507071236,22730099,4292.04,0.15950000,0
1507071232,22730098,4292.04,0.63170000,0
1507071232,22730097,4291.38,0.36830000,0
1507071229,22730095,4292.04,1.00000000,0
1507071228,22730094,4290.30,1.15487900,1
1507071228,22730093,4293.13,0.97662100,1
1507071227,22730092,4293.13,0.02337900,0
1507071219,22730087,4293.02,0.15820315,1
1507071218,22730086,4293.02,0.00189016,0
1507071217,22730084,4287.84,0.82805682,1
1507071216,22730083,4289.02,0.00929520,1
1507071216,22730082,4291.96,1.00000000,0
1507071215,22730081,4291.96,0.41254798,0
1507071214,22730080,4291.96,1.00000000,1
1507071213,22730079,4293.00,0.10000000,0
1507071212,22730078,4293.00,2.04275376,0
1507071212,22730077,4291.96,0.13033000,0
1507071206,22730076,4291.36,0.12955149,0
1507071204,22730071,4291.36,1.00000000,0
1507071201,22730066,4291.36,1.00000000,0
1507071200,22730064,4291.36,0.15000000,0
1507071200,22730063,4291.36,7.00000000,0
1507071199,22730062,4291.36,2.91382184,0
1507071198,22730061,4291.36,7.00000000,0
1507071198,22730060,4291.36,7.00000000,0
1507071197,22730059,4291.36,4.85000000,0
1507071197,22730058,4291.35,0.05000000,0
1507071197,22730057,4291.00,0.10000000,0
1507071195,22730056,4289.01,1.43502710,0
1507071195,22730055,4289.01,1.00000000,0
1507071193,22730054,4289.01,0.06492575,1
1507071193,22730053,4289.78,4.42101304,0
1507071190,22730052,4289.78,1.00000000,0
1507071187,22730051,4289.78,1.00000000,0
1507071185,22730050,4289.78,1.00000000,0
1507071180,22730049,4289.78,0.01181469,0
1507071179,22730047,4289.00,0.09600000,0
1507071173,22730046,4288.98,0.25611455,0
1507071171,22730045,4288.98,1.00000000,0
1507071160,22730043,4289.00,0.00400000,0
1507071143,22730040,4285.00,0.20566400,0
1507071140,22730039,4285.00,1.00000000,0
1507071137,22730035,4285.00,1.00000000,0
1507071123,22730031,4285.00,0.13353600,0
1507071076,22730026,4285.00,0.31676554,0
1507071076,22730025,4285.00,0.34457755,0
1507071075,22730024,4285.00,0.02327887,0
1507071069,22730023,4285.00,0.99726447,0
1507071069,22730022,4284.90,0.13980000,0
1507071068,22730021,4283.05,0.02143467,0
1507071068,22730020,4282.68,1.31821477,0
1507071051,22730017,4282.58,0.00300000,0
1507071017,22729973,4282.68,0.06710923,0
1507071009,22729970,4282.68,0.01417485,0
1507070994,22729961,4282.00,0.00400000,0
1507070992,22729960,4282.00,0.02327614,0
1507070982,22729955,4282.00,0.02300000,0
1507070964,22729954,4281.99,0.04654298,0
1507070959,22729953,4282.00,0.43806201,0
1507070953,22729951,4281.99,0.00139654,0
1507070931,22729950,4281.99,0.01901393,0
1507070926,22729948,4281.99,0.00500000,0
1507070914,22729944,4281.99,0.00920000,1
1507070909,22729943,4281.99,0.80220000,0
1507070903,22729942,4276.37,0.14735000,1
1507070900,22729939,4281.99,0.01230000,1
1507070892,22729937,4281.99,0.00130835,0
1507070889,22729936,4276.28,0.26700000,1
1507070865,22729933,4282.00,0.03589426,0
1507070859,22729928,4282.00,0.21665304,0
1507070859,22729927,4282.00,0.13818844,0
1507070852,22729926,4282.00,0.06405362,0
1507070843,22729921,4281.98,0.01335528,0
1507070832,22729920,4280.00,3.02241814,1
1507070832,22729919,4280.00,0.15512932,1
1507070832,22729918,4280.03,0.04279176,1
1507070830,22729917,4281.99,2.00000000,1
1507070773,22729914,4280.02,0.04531128,1
1507070769,22729912,4282.00,0.24571745,0
1507070755,22729901,4281.99,0.05342422,0
1507070734,22729893,4282.00,0.00561472,0
1507070732,22729892,4280.00,0.01341600,1
1507070731,22729891,4280.09,0.01105400,1
1507070706,22729890,4282.00,0.03606465,0
1507070705,22729889,4282.00,0.10715787,0
1507070704,22729887,4282.00,0.10715787,0
1507070683,22729885,4281.99,0.19639987,0
1507070678,22729883,4282.00,0.02600000,0
1507070660,22729882,4282.00,0.00900000,0
1507070641,22729881,4281.99,0.00410000,1
1507070640,22729880,4282.00,0.03658084,0
1507070588,22729841,4281.99,0.00500000,0
1507070549,22729837,4281.99,0.00400695,0
1507070545,22729836,4280.00,0.04500000,1
1507070536,22729834,4280.00,0.12425468,1
1507070536,22729833,4280.00,0.07297579,1
1507070536,22729832,4280.47,0.05276953,1
1507070534,22729831,4281.99,0.01288416,1
1507070528,22729830,4280.00,0.00500000,1
1507070527,22729829,4280.00,0.01500000,1
1507070524,22729828,4282.00,0.21664409,0
1507070519,22729826,4280.46,0.00039431,1
1507070519,22729825,4281.99,0.01460569,1
1507070505,22729824,4282.00,0.17210000,0
1507070499,22729821,4282.00,0.09422704,0
1507070498,22729820,4282.00,0.33390000,0
1507070467,22729819,4282.00,0.03550669,0
1507070465,22729815,4282.00,0.93600000,0
1507070461,22729813,4281.99,0.00860000,1
1507070433,22729796,4282.00,0.43540000,0
1507070425,22729789,4282.00,0.53321979,0
1507070403,22729787,4282.00,0.01278988,0
1507070386,22729786,4282.00,0.01068320,0
1507070381,22729785,4282.00,0.05342488,0
1507070372,22729784,4280.36,0.05182680,1
1507070369,22729782,4281.99,0.12803284,0
1507070339,22729781,4282.00,0.17160000,0
1507070329,22729780,4281.98,0.03012361,0
1507070322,22729779,4280.32,0.00832000,1
1507070312,22729778,4282.00,0.00301320,0
1507070307,22729776,4281.99,0.23192483,0
1507070294,22729775,4281.99,0.06102188,1
1507070291,22729774,4280.00,0.06702421,1
1507070290,22729772,4280.29,0.06907027,1
1507070276,22729771,4282.00,0.00300000,0
1507070268,22729770,4282.00,0.22835577,0
1507070268,22729769,4282.00,0.98460000,0
1507070248,22729765,4282.00,0.02735424,0
1507070238,22729763,4282.00,0.35930000,0
1507070204,22729760,4282.00,0.84230522,0
1507070203,22729759,4281.99,0.01893720,0
1507070176,22729739,4280.21,0.02377309,1
1507070171,22729735,4282.00,0.44720000,0
1507070162,22729732,4282.00,0.02000000,0
1507070162,22729731,4282.00,0.02000000,0
1507070161,22729730,4282.00,0.02338920,0
1507070140,22729728,4282.00,0.67579643,0
1507070140,22729727,4281.90,1.82420357,0
1507070128,22729726,4281.89,0.04023980,0
1507070103,22729723,4281.99,0.03790732,1
1507070103,22729722,4281.99,0.01567057,0
1507070099,22729720,4281.99,0.08432943,1
1507070079,22729718,4281.89,0.03270254,1
1507070078,22729717,4281.99,0.01808233,0
1507070073,22729714,4280.12,2.69593847,1
1507070066,22729713,4281.90,0.00753539,0
1507070045,22729711,4281.89,0.01959075,0
1507070043,22729710,4281.89,0.02143212,0
1507070038,22729708,4281.90,0.00200000,0
1507070015,22729707,4282.00,0.04000000,0
1507070011,22729706,4282.00,0.07075224,0
1507069983,22729703,4282.68,0.00750000,0
1507069953,22729695,4282.67,2.50000000,0
1507069922,22729690,4282.70,0.00600000,0
1507069910,22729689,4282.71,0.65926104,1
1507069894,22729688,4282.75,0.87221984,0
1507069894,22729687,4282.73,0.01668248,0
1507069864,22729683,4282.74,0.05356850,1
1507069861,22729679,4282.75,0.01183195,0
1507069826,22729673,4282.74,0.00200000,0
1507069816,22729671,4282.71,0.06600000,1
1507069808,22729670,4282.71,0.03300000,1
1507069798,22729668,4282.75,0.52768692,0
1507069798,22729667,4282.74,0.18341308,0
1507069784,22729665,4282.74,0.04543203,0
1507069778,22729664,4282.74,0.01675215,0
1507069777,22729663,4282.71,0.00231160,1
1507069765,22729659,4282.71,0.13072231,1
1507069762,22729658,4282.74,0.03655204,1
1507069756,22729657,4282.71,0.02058631,1
1507069747,22729650,4282.74,0.04031786,1
1507069746,22729649,4282.73,0.87150000,0
1507069746,22729647,4282.72,0.00006340,0
1507069740,22729641,4282.72,0.15848070,0
1507069697,22729613,4277.24,0.77378301,1
1507069696,22729611,4277.24,0.13329156,1
1507069696,22729610,4277.24,4.00000000,1
1507069694,22729609,4282.75,1.03763913,0
1507069688,22729608,4282.74,0.43371586,0
1507069672,22729604,4282.75,0.11430000,0
1507069668,22729602,4282.75,0.11632725,0
1507069648,22729595,4282.75,0.50000000,0
1507069642,22729593,4282.75,0.01000000,0
1507069640,22729591,4282.75,0.27993662,0
1507069640,22729590,4282.74,0.05806338,0
1507069638,22729589,4277.19,0.00585317,1
1507069628,22729586,4282.74,0.01891131,0
1507069625,22729585,4282.74,0.01209431,0
1507069607,22729579,4282.75,0.00200000,0
1507069578,22729565,4282.75,1.39520480,0
1507069516,22729550,4277.11,0.00913601,1
1507069514,22729548,4282.01,1.30580000,0
1507069513,22729547,4282.00,0.02150106,0
1507069510,22729546,4277.10,0.03658620,1
1507069509,22729545,4282.00,0.01986239,0
1507069509,22729544,4282.00,0.01013761,0
1507069506,22729543,4282.01,0.14150416,0
1507069499,22729539,4282.00,0.01000000,0
1507069481,22729522,4282.00,0.04183887,0
1507069477,22729520,4282.01,2.02850000,0
1507069477,22729519,4281.99,0.10000000,0
1507069477,22729518,4281.98,0.87150000,0
1507069461,22729515,4282.82,0.25037500,0
1507069444,22729513,4282.90,0.02596100,0
1507069390,22729503,4282.75,2.05414302,1
1507069383,22729502,4282.76,0.05575804,0
1507069383,22729500,4277.00,0.13170864,0
1507069379,22729499,4277.00,0.00400000,0
1507069369,22729498,4277.00,0.02435136,0
1507069365,22729497,4277.00,0.03994000,0
1507069328,22729492,4275.00,0.41175698,0
1507069325,22729490,4275.00,1.00000000,0
1507069311,22729486,4275.00,0.00420000,0
1507069246,22729452,4271.07,0.02146230,1
1507069224,22729449,4275.00,0.00321013,0
1507069222,22729448,4275.00,0.01009061,0
1507069216,22729445,4275.17,0.00300000,0
1507069213,22729444,4271.05,0.04705800,1
1507069203,22729438,4275.18,0.01800898,0
1507069182,22729436,4275.18,0.00501641,0
1507069182,22729435,4274.93,0.02138607,0
1507069180,22729433,4274.93,0.08513393,0
1507069180,22729432,4274.63,0.15884416,0
1507069180,22729431,4273.98,0.01463032,0
1507069168,22729427,4273.97,0.10800000,0
1507069167,22729426,4273.97,0.11649027,0
1507069156,22729424,4271.00,0.00726143,1
1507069126,22729423,4271.01,0.00890200,1
1507069122,22729420,4273.97,0.00450000,0
1507069118,22729418,4272.64,0.79190000,0
1507069118,22729417,4272.64,0.21705783,1
1507069116,22729416,4272.00,0.10000000,0
1507069108,22729415,4275.18,0.01020000,0
1507069107,22729414,4271.93,0.01054600,1
1507069106,22729413,4275.18,1.00000000,0
1507069106,22729411,4271.00,0.04340355,1
1507069106,22729410,4271.01,0.10822030,1
1507069105,22729409,4273.98,0.00465327,1
1507069104,22729408,4273.98,0.00583782,1
1507069102,22729402,4273.98,0.02627077,1
1507069089,22729382,4275.17,0.00720000,0
1507069056,22729373,4276.00,0.00549111,0
1507069054,22729371,4275.99,0.00128595,0
1507069049,22729366,4276.00,1.14890000,0
1507069048,22729365,4276.00,0.02871730,0
1507069048,22729364,4275.99,0.00128270,0
1507069043,22729361,4276.00,0.00139981,0
1507069043,22729359,4275.99,0.00198699,0
1507069043,22729358,4275.98,0.00362381,0
1507069043,22729357,4275.93,0.00128387,0
1507069043,22729356,4275.91,0.00042115,0
1507069043,22729355,4275.68,0.00128437,0
1507069038,22729351,4275.91,0.00086462,0
1507069038,22729350,4275.90,0.00128332,0
1507069038,22729349,4275.89,0.00128266,0
1507069038,22729348,4275.88,0.00128500,0
1507069038,22729347,4275.87,0.00128292,0
1507069038,22729346,4275.19,0.00128563,0
1507069038,22729345,4273.98,0.00271585,0
1507069019,22729342,4273.98,0.00267478,0
1507069019,22729341,4273.98,0.00465961,0
1507068996,22729316,4273.98,0.04013458,0
1507068995,22729315,4273.98,0.03000000,0
1507068993,22729312,4271.00,0.02340000,1
1507068992,22729311,4271.00,0.00711422,1
1507068990,22729310,4273.95,0.11649027,0
1507068964,22729304,4271.01,0.00889773,1
1507068935,22729302,4274.72,0.15781518,1
1507068934,22729301,4275.91,0.00200000,1
1507068930,22729298,4275.94,0.00281554,0
1507068930,22729297,4275.93,0.00128446,0
1507068911,22729293,4276.00,0.00535130,0
1507068904,22729290,4275.87,0.02146230,1
1507068903,22729289,4276.00,0.00952963,0
1507068903,22729288,4275.99,0.00128310,0
1507068903,22729287,4275.88,0.00128454,0
1507068903,22729286,4275.87,0.00128273,0
1507068885,22729280,4275.98,0.30627364,1
1507068884,22729279,4275.97,0.00128272,0
1507068884,22729278,4275.96,0.00128549,0
1507068884,22729277,4275.95,0.00128533,0
1507068883,22729276,4275.94,0.00128308,1
1507068883,22729275,4275.94,0.00128295,1
1507068883,22729274,4275.93,0.00315523,0
1507068882,22729273,4275.92,0.00128522,0
1507068882,22729272,4275.91,0.00128308,1
1507068882,22729271,4275.91,0.00128431,0
1507068880,22729270,4275.90,0.00339056,0
1507068860,22729261,4275.93,0.67210000,0
1507068849,22729259,4275.95,0.00463233,0
1507068849,22729258,4275.95,0.00128416,0
1507068849,22729257,4275.94,0.00128351,0
1507068838,22729255,4273.95,0.00890905,1
1507068829,22729253,4276.00,0.08208134,0
1507068829,22729252,4275.99,0.00128488,0
1507068826,22729251,4276.00,0.00872843,0
1507068826,22729250,4275.99,0.00128473,0
1507068825,22729249,4275.98,0.00128291,0
1507068825,22729248,4275.97,0.00292194,0
1507068825,22729247,4275.96,0.00128444,0
1507068825,22729246,4275.95,0.00128494,0
1507068818,22729244,4275.96,0.20000000,0
1507068804,22729233,4276.00,0.06688937,0
1507068802,22729232,4275.49,1.15100000,1
1507068799,22729230,4276.00,2.48181320,0
1507068799,22729229,4275.99,0.00245503,0
1507068799,22729228,4274.79,0.01573177,0
1507068770,22729227,4273.89,0.00891210,1
1507068636,22729206,4271.35,0.00030984,1
1507068636,22729205,4274.62,0.00860000,1
1507068624,22729203,4275.80,0.01594867,1
1507068623,22729202,4275.80,0.00128454,0
1507068617,22729201,4275.97,0.00279598,1
1507068617,22729200,4275.83,0.00128512,0
1507068615,22729199,4275.82,0.00268822,0
1507068607,22729197,4275.84,0.09702608,1
1507068607,22729196,4275.47,0.00128400,0
1507068607,22729195,4275.47,0.00128421,1
1507068606,22729194,4275.46,0.00128582,0
1507068606,22729193,4275.45,0.00128468,0
1507068606,22729192,4275.44,0.00128418,0
1507068605,22729191,4275.43,0.00128288,1
1507068605,22729190,4274.63,0.00128541,0
1507068603,22729187,4274.62,0.00128543,0
1507068588,22729184,4274.61,0.23313682,0
1507068583,22729183,4270.16,0.00700000,1
1507068571,22729182,4274.64,0.01330000,1
1507068570,22729181,4275.49,0.06884680,0
1507068570,22729180,4275.49,0.00128372,0
1507068570,22729179,4275.48,0.00128489,0
1507068568,22729178,4275.50,0.23313482,0
1507068563,22729151,4273.53,0.88498105,0
1507068558,22729150,4273.53,0.33280000,0
1507068545,22729148,4275.90,0.07556384,1
1507068545,22729147,4275.90,0.00128416,0
1507068529,22729146,4275.93,0.00062619,0
1507068529,22729145,4275.93,0.00128343,0
1507068529,22729144,4275.92,0.00128295,0
1507068529,22729143,4275.91,0.00315676,0
1507068529,22729142,4275.90,0.00128455,0
1507068529,22729141,4275.89,0.00128325,0
1507068528,22729140,4275.88,0.00128287,0
1507068521,22729139,4276.00,0.00292510,0
1507068521,22729138,4276.00,0.00452608,0
1507068519,22729136,4275.99,0.08588461,0
1507068483,22729132,4275.99,0.76851691,0
1507068483,22729131,4275.97,0.87150000,0
1507068483,22729130,4275.92,0.00128309,0
1507068480,22729129,4275.95,0.03337128,0
1507068479,22729127,4275.95,0.00925820,0
1507068479,22729125,4275.94,0.00128438,0
1507068479,22729124,4275.94,0.00175341,0
1507068479,22729123,4275.93,0.00128374,0
1507068479,22729122,4275.86,0.00128530,0
1507068479,22729121,4275.82,0.00128285,0
1507068479,22729120,4275.78,0.00128429,0
1507068478,22729119,4275.74,0.00128481,0
1507068478,22729118,4275.70,0.00128302,0
1507068470,22729113,4275.71,0.11394379,0
1507068459,22729110,4275.99,0.02023826,0
1507068459,22729109,4275.93,0.00128342,0
1507068458,22729108,4275.87,0.00128478,0
1507068452,22729105,4275.94,0.14811881,0
1507068452,22729104,4275.82,0.00128580,0
1507068452,22729103,4275.81,0.00292005,0
1507068452,22729102,4275.80,0.00338990,0
1507068452,22729101,4275.77,0.00128544,0
1507068440,22729098,4275.86,0.02014487,0
1507068440,22729097,4275.82,0.00128370,0
1507068438,22729096,4273.00,3.22171440,0
1507068432,22729094,4275.99,0.00225975,0
1507068432,22729093,4275.96,0.00128333,0
1507068432,22729092,4275.92,0.00128585,0
1507068432,22729091,4275.91,0.00128520,0
1507068432,22729090,4275.87,0.00128587,0
1507068422,22729089,4275.97,0.02981132,0
1507068422,22729088,4275.96,0.00128431,0
1507068422,22729087,4275.95,0.00128281,0
1507068421,22729086,4275.87,0.00128399,0
1507068421,22729085,4275.83,0.00128465,0
1507068395,22729081,4275.94,0.00567737,0
1507068395,22729080,4275.23,0.00175216,0
1507068395,22729079,4275.21,0.00128536,0
1507068395,22729078,4275.19,0.00128511,0
1507068375,22729074,4275.24,0.01583370,0
1507068370,22729073,4276.00,0.06799153,0
1507068370,22729072,4275.32,0.01223822,0
1507068369,22729071,4276.00,0.16996715,0
1507068369,22729070,4275.65,0.00432601,0
1507068369,22729069,4275.64,0.00128302,0
1507068369,22729068,4275.59,0.00128426,0
1507068368,22729067,4275.56,0.00128426,0
1507068368,22729066,4275.52,0.00128440,0
1507068368,22729065,4275.47,0.00455859,0
1507068368,22729064,4275.44,0.00128579,0
1507068368,22729063,4275.40,0.00128465,0
1507068368,22729062,4275.33,0.00128429,0
1507068368,22729061,4275.32,0.00128546,0
1507068360,22729058,4267.51,0.01194000,1
1507068349,22729056,4267.56,0.02000000,1
1507068295,22729045,4275.77,0.03490000,1
1507068272,22729038,4274.92,0.83914766,1
1507068271,22729037,4274.80,0.00128393,0
1507068271,22729036,4274.79,0.00128291,0
1507068271,22729035,4274.78,0.00115702,0
1507068271,22729034,4274.75,0.13122848,0
1507068264,22729032,4274.78,0.00270082,0
1507068264,22729031,4274.77,0.00128511,0
1507068262,22729030,4273.69,0.00267401,0
1507068260,22729029,4274.61,1.38252978,0
1507068260,22729028,4272.06,0.22506982,0
1507068256,22729027,4272.06,0.00547043,0
1507068240,22729023,4272.06,0.18450000,0
1507068231,22729021,4272.06,0.34375954,0
1507068231,22729020,4272.04,0.15894046,0
1507068221,22729019,4272.05,0.11649272,0
1507068206,22729018,4272.06,0.03014987,0
1507068204,22729017,4272.06,1.04560000,0
1507068204,22729016,4272.10,0.16545034,1
1507068185,22729010,4274.36,0.49181651,1
1507068183,22729009,4274.36,2.00000000,1
1507068180,22729008,4274.28,0.00128349,0
1507068175,22729006,4274.21,1.18371538,0
1507068170,22729004,4274.21,1.35846993,0
1507068170,22729003,4274.21,0.00128532,0
1507068170,22729002,4274.19,0.87150000,0
1507068159,22729000,4270.65,0.50000000,0
1507068158,22728998,4270.00,2.00000000,0
1507068138,22728992,4274.31,0.66871306,0
1507068135,22728991,4274.33,0.03111459,0
1507068122,22728980,4274.19,1.67540559,1
1507068122,22728978,4274.19,0.03499047,1
1507068122,22728976,4274.19,0.05942459,1
1507068118,22728968,4270.27,0.15900634,0
1507068100,22728965,4264.68,0.09164000,1
1507068093,22728964,4274.60,0.00271357,0
1507068093,22728963,4274.59,0.00128643,0
1507068090,22728961,4270.28,0.30896792,0
1507068064,22728957,4270.30,0.01276400,0
1507068063,22728956,4270.30,0.21723899,0
1507068037,22728930,4270.49,0.00220726,0
1507068004,22728920,4270.65,0.00401200,0
1507068004,22728917,4270.65,0.04550000,0
1507067976,22728897,4270.80,0.01582149,0
1507067976,22728896,4270.80,0.00128737,0
1507067976,22728895,4270.79,0.00128439,0
1507067960,22728893,4270.88,0.10642577,0
1507067957,22728891,4270.89,0.00345416,0
1507067956,22728890,4264.66,2.32160000,1
1507067947,22728877,4263.61,0.31273278,0
1507067947,22728876,4263.63,0.87150000,1
1507067946,22728875,4264.38,0.87150000,1
1507067946,22728874,4264.61,0.00788600,1
1507067946,22728873,4264.61,0.00788700,0
1507067945,22728872,4264.65,0.00788700,1
1507067945,22728871,4264.65,0.04910722,1
1507067945,22728870,4264.67,0.87150000,1
1507067944,22728869,4269.98,0.02149190,0
1507067935,22728867,4264.60,0.98170785,0
1507067935,22728866,4264.60,0.87150000,0
1507067935,22728865,4268.96,1.14099215,1
1507067933,22728863,4269.23,0.00580000,1
1507067919,22728857,4270.00,1.69242068,1
1507067905,22728854,4272.89,0.08994747,0
1507067886,22728852,4272.99,0.00551129,0
1507067885,22728851,4275.02,0.31554860,0
1507067884,22728850,4275.02,0.07782635,0
1507067884,22728849,4275.00,0.30369907,0
1507067879,22728847,4275.06,0.43344045,0
1507067878,22728846,4275.05,0.00128540,0
1507067878,22728845,4275.04,0.00128606,0
1507067878,22728844,4273.27,0.00720500,0
1507067872,22728838,4271.00,0.14000000,1
1507067866,22728797,4271.68,2.00000000,1
1507067866,22728796,4274.00,0.04700000,1
1507067865,22728794,4275.00,0.20000000,1
1507067864,22728793,4275.17,5.00000000,1
1507067861,22728792,4275.33,2.33160000,1
1507067861,22728791,4276.99,1.00000000,1
1507067861,22728790,4277.50,0.50000000,1
1507067861,22728789,4277.55,0.07037673,1
1507067860,22728788,4277.56,0.02019883,1
1507067860,22728786,4277.89,0.02344146,0
1507067859,22728785,4277.89,0.71120000,0
1507067858,22728783,4277.89,0.03000000,0
1507067857,22728782,4277.97,0.00200000,1
1507067848,22728779,4277.99,0.00780000,0
1507067848,22728778,4277.99,0.01337087,0
1507067799,22728766,4277.51,4.00000000,1
1507067796,22728761,4277.97,0.07291144,0
1507067790,22728759,4278.00,0.01184514,0
1507067755,22728749,4277.99,2.33300000,0
1507067726,22728740,4278.99,0.01282691,0
1507067710,22728735,4278.99,0.00119406,0
1507067708,22728734,4278.99,2.50000000,0
1507067703,22728732,4279.00,0.05343300,0
1507067694,22728730,4277.06,4.00000000,1
1507067661,22728723,4281.40,0.01420382,0
1507067649,22728721,4281.38,0.01305000,1
1507067643,22728717,4281.38,0.02143467,0
1507067619,22728714,4281.41,0.06116570,0
1507067619,22728713,4281.41,0.02367381,0
1507067612,22728708,4281.35,0.32020797,0
1507067611,22728707,4281.35,0.50075000,0
1507067611,22728706,4281.40,0.66808403,1
1507067610,22728705,4281.40,0.00128214,0
1507067610,22728704,4281.39,0.00128383,0
1507067610,22728703,4281.36,1.68135000,0
1507067609,22728702,4281.36,0.50075000,0
1507067608,22728701,4281.36,0.14800000,0
1507067607,22728700,4281.37,0.01336146,0
1507067590,22728697,4276.00,0.02161000,1
1507067575,22728694,4282.76,0.01015375,0
1507067554,22728680,4278.16,0.90587743,0
1507067553,22728679,4278.16,4.00000000,0
1507067552,22728678,4278.16,0.12412257,1
1507067530,22728674,4278.29,0.01225168,1
1507067519,22728670,4283.00,0.02671954,0
1507067513,22728669,4283.00,2.09133135,0
1507067505,22728667,4282.99,0.02000000,0
1507067504,22728666,4283.00,0.06000000,0
1507067469,22728661,4282.99,1.15050330,0
1507067468,22728660,4281.38,0.01293871,0
1507067451,22728659,4283.00,0.00602475,0
1507067448,22728658,4283.00,0.10336154,0
1507067418,22728655,4283.00,0.08014115,0
1507067405,22728654,4283.03,0.02673149,0
1507067403,22728653,4283.03,0.02142642,0
1507067383,22728650,4283.03,0.01520470,1
1507067377,22728649,4283.40,0.01595089,0
1507067377,22728648,4283.39,0.00128193,0
1507067373,22728647,4283.40,0.22479458,0
1507067373,22728646,4283.39,0.49771769,0
1507067373,22728645,4283.38,0.00174972,0
1507067373,22728644,4283.37,0.00128259,0
1507067371,22728643,4283.35,0.50075000,0
1507067368,22728642,4283.37,0.15066380,0
1507067367,22728641,4283.36,0.00128131,0
1507067354,22728639,4283.40,0.29631100,0
1507067354,22728638,4283.34,0.15852115,0
1507067349,22728636,4283.37,0.04259386,0
1507067324,22728632,4283.40,0.01616188,0
1507067324,22728631,4283.39,0.02574478,0
1507067319,22728628,4283.39,0.17730704,0
1507067312,22728623,4283.47,0.00244795,0
1507067306,22728621,4283.48,0.06656508,0
1507067306,22728620,4283.47,0.00128313,0
1507067285,22728603,4285.20,0.02371820,1
1507067283,22728602,4283.56,0.00128180,0
1507067279,22728601,4283.55,0.01423751,0
1507067279,22728600,4283.55,0.00128050,0
1507067279,22728598,4283.54,0.00128373,0
1507067268,22728589,4283.03,0.10712556,1
1507067268,22728588,4283.61,0.00291592,0
1507067267,22728587,4283.58,0.00128249,0
1507067255,22728577,4275.51,2.26760292,0
1507067254,22728575,4276.22,0.00119260,1
1507067254,22728574,4279.13,0.01221958,1
1507067253,22728572,4279.52,0.10722116,1
1507067242,22728566,4285.27,0.04451585,0
1507067242,22728565,4282.89,0.00128292,0
1507067241,22728564,4282.87,0.00128279,0
1507067241,22728563,4282.86,0.00128230,0
1507067241,22728562,4282.85,0.00128100,0
1507067241,22728561,4282.84,0.00128101,0
1507067241,22728560,4282.83,0.00128047,0
1507067241,22728559,4282.82,0.00128203,0
1507067241,22728558,4282.81,0.00128308,0
1507067218,22728552,4285.18,0.12372831,0
1507067218,22728551,4282.91,0.00060063,0
1507067216,22728550,4282.91,0.00301528,0
1507067195,22728545,4279.49,0.07058823,1
1507067186,22728538,4283.45,0.01015375,0
1507067182,22728535,4283.04,0.00661481,0
1507067181,22728534,4283.04,0.00337485,1
1507067180,22728533,4282.93,0.00128306,0
1507067163,22728483,4283.10,0.01020971,1
1507067163,22728481,4282.98,0.00128239,0
1507067163,22728480,4282.97,0.00455090,0
1507067153,22728476,4283.52,0.19977167,0
1507067153,22728475,4283.00,0.04263411,0
1507067153,22728474,4283.00,0.06878793,0
1507067152,22728473,4282.99,0.00128188,0
1507067148,22728471,4283.52,0.11236322,0
1507067148,22728470,4283.51,0.00128133,0
1507067148,22728469,4283.02,0.00128147,0
1507067148,22728468,4282.97,0.00128306,0
1507067146,22728467,4279.47,0.04334910,1
1507067140,22728464,4283.52,0.00420466,1
1507067140,22728463,4283.52,0.40982020,0
1507067140,22728462,4283.32,0.00128165,0
1507067140,22728461,4283.27,0.00128104,0
1507067139,22728460,4283.25,0.00128340,0
1507067139,22728459,4283.04,0.00128187,0
1507067139,22728458,4283.03,0.00128303,0
1507067139,22728457,4283.02,0.00128238,0
1507067139,22728456,4283.01,0.00245033,0
1507067139,22728455,4283.00,0.00128146,1
1507067137,22728453,4283.00,0.00128309,0
1507067124,22728450,4283.04,0.50075000,0
1507067122,22728449,4283.08,0.06550311,0
1507067122,22728448,4283.08,0.46000000,0
1507067121,22728447,4280.97,0.00139115,0
1507067121,22728446,4280.97,0.00128367,0
1507067118,22728444,4283.11,0.35247509,0
1507067118,22728443,4281.00,0.00128236,0
1507067117,22728442,4280.99,0.00128276,0
1507067117,22728441,4280.98,0.00128290,0
1507067108,22728438,4281.01,0.02844625,0
1507067106,22728436,4283.23,0.10584143,1
1507067104,22728435,4280.68,0.00128413,0
1507067096,22728433,4283.33,0.03049401,0
1507067096,22728432,4280.79,0.00128178,0
1507067096,22728431,4280.78,0.00315113,0
1507067096,22728430,4280.75,0.00128426,0
1507067096,22728429,4280.72,0.00128355,0
1507067096,22728428,4280.71,0.00128356,0
1507067096,22728427,4280.70,0.00128290,0
1507067062,22728416,4279.15,0.00395393,0
1507067061,22728415,4276.26,0.00405000,1
1507067048,22728412,4279.14,0.11658299,0
1507067018,22728409,4279.13,0.02538464,0
1507067014,22728407,4279.15,0.01372248,0
1507067013,22728406,4279.15,0.11658299,0
1507066980,22728400,4279.14,0.02450000,0
1507066971,22728398,4279.13,0.00301001,0
1507066969,22728394,4279.13,0.10731348,0
1507066965,22728392,4279.15,0.01184194,0
1507066938,22728389,4280.77,0.01383487,0
1507066938,22728388,4280.77,0.00128289,0
1507066938,22728387,4280.76,0.00128224,0
1507066933,22728386,4278.65,0.01310958,1
1507066929,22728383,4278.65,2.22280000,0
1507066917,22728382,4285.15,0.01054416,0
1507066917,22728381,4285.11,0.00128113,0
1507066908,22728377,4276.72,0.01281496,1
1507066895,22728372,4283.49,2.16984853,1
1507066894,22728371,4283.17,0.15852745,0
1507066894,22728370,4283.16,0.00128140,0
1507066894,22728369,4283.14,0.00128109,0
1507066893,22728368,4283.13,0.00128063,0
1507066893,22728367,4283.12,0.00128090,0
1507066889,22728365,4276.37,0.51520500,1
1507066884,22728364,4283.18,0.00918587,0
1507066883,22728363,4283.16,0.00128072,0
1507066883,22728362,4283.15,0.00315105,0
1507066857,22728358,4275.68,0.07530855,1
1507066856,22728356,4275.68,0.06861357,1
1507066856,22728355,4281.09,0.00668754,1
1507066852,22728354,4283.25,0.01209781,1
1507066812,22728340,4284.95,0.04734418,0
1507066812,22728339,4284.94,0.00408175,0
1507066812,22728338,4284.93,0.00128176,0
1507066766,22728328,4285.10,0.00405983,0
1507066766,22728327,4285.10,0.00128085,0
1507066752,22728325,4285.15,0.02040000,0
1507066727,22728323,4285.25,0.10798674,0
1507066727,22728322,4285.25,0.00408026,0
1507066727,22728321,4285.24,0.00128164,0
1507066727,22728320,4283.40,0.00128307,0
1507066727,22728319,4283.39,0.00174830,0
1507066721,22728318,4283.41,0.14171777,0
1507066710,22728316,4283.23,0.00128223,1
1507066708,22728315,4283.23,0.03011934,0
1507066706,22728314,4283.23,2.99871879,0
1507066706,22728313,4283.22,0.00128121,0
1507066684,22728308,4283.46,0.00566020,0
1507066684,22728307,4283.43,0.00128367,0
1507066684,22728306,4283.32,0.00128358,0
1507066684,22728305,4283.31,0.00128372,0
1507066684,22728304,4283.30,0.00128269,0
1507066684,22728303,4283.29,0.00128088,0
1507066684,22728302,4283.28,0.00128126,0
1507066664,22728300,4283.31,0.04764946,1
1507066662,22728298,4283.34,0.00153475,0
1507066662,22728297,4283.32,0.00128188,0
1507066662,22728296,4283.30,0.00128337,0
1507066659,22728295,4283.31,0.04085905,0
1507066659,22728294,4283.31,0.00128099,0
1507066629,22728293,4283.41,0.02121568,0
1507066629,22728292,4283.40,0.00128205,0
1507066629,22728291,4283.39,0.00128039,0
1507066609,22728290,4283.44,2.39281715,0
1507066609,22728289,4283.43,0.00128285,0
1507066597,22728281,4283.44,3.98600000,0
1507066597,22728280,4283.30,4.00000000,0
1507066597,22728279,4280.24,0.01400000,0
1507066593,22728278,4283.30,0.10590000,0
1507066575,22728275,4283.45,0.00301249,0
1507066569,22728273,4283.44,2.32900000,0
1507066568,22728272,4283.45,0.00450000,0
1507066566,22728271,4283.40,0.07884131,0
1507066566,22728270,4283.40,0.00128147,0
1507066549,22728267,4283.46,1.36355877,0
1507066549,22728266,4283.45,0.00128349,0
1507066549,22728265,4283.43,0.00128272,0
1507066548,22728264,4280.00,0.33387502,0
1507066548,22728263,4280.00,4.00000000,1
1507066548,22728262,4280.01,0.35588435,1
1507066548,22728261,4280.01,0.01024063,1
1507066546,22728260,4283.42,1.13000000,0
1507066538,22728259,4283.45,0.17191663,0
1507066538,22728258,4283.45,2.32680000,0
1507066538,22728257,4283.44,0.00128337,0
1507066530,22728256,4283.46,0.93158802,0
1507066518,22728255,4285.27,2.49871919,0
1507066518,22728254,4285.26,0.00128081,0
1507066512,22728253,4286.65,0.00006201,0
1507066512,22728252,4286.64,0.00128251,0
1507066512,22728251,4286.63,0.00127954,0
1507066512,22728250,4286.62,0.00128203,0
1507066512,22728249,4286.61,0.00128256,0
1507066512,22728248,4286.60,0.00128242,0
1507066512,22728247,4286.60,0.00128073,0
1507066512,22728246,4286.59,0.00128061,0
1507066500,22728245,4286.65,0.01435511,0
1507066488,22728244,4286.71,1.58150000,0
1507066488,22728243,4286.71,0.87150000,0
1507066474,22728206,4289.78,1.14099215,0
1507066474,22728205,4288.08,0.85260000,0
1507066474,22728204,4287.17,6.00000000,0
1507066474,22728203,4287.05,0.00128160,0
1507066474,22728202,4284.46,0.00128339,0
1507066474,22728201,4284.44,0.00128171,0
1507066474,22728200,4284.42,0.00128004,0
1507066473,22728199,4284.41,0.00128111,0
1507066463,22728195,4284.45,0.07094790,0
1507066425,22728187,4284.66,0.01283854,0
1507066395,22728184,4284.77,0.03009079,0
1507066391,22728182,4284.75,0.02671114,0
1507066384,22728177,4284.78,0.10708785,0
1507066371,22728157,4284.93,0.00343853,0
1507066371,22728156,4284.91,0.00128143,0
1507066371,22728155,4284.90,0.00128004,0
1507066361,22728151,4284.97,0.04264973,0
1507066355,22728150,4285.00,0.02542189,0
1507066355,22728149,4285.00,0.00128256,0
1507066348,22728148,4285.04,0.04700000,0
1507066308,22728138,4286.15,0.00500892,1
1507066307,22728137,4286.16,0.45362404,0
1507066307,22728136,4286.16,0.00128133,0
1507066307,22728135,4286.15,0.00128276,0
1507066303,22728130,4286.17,0.25374635,0
1507066268,22728122,4286.66,0.01524356,0
1507066250,22728118,4286.86,0.01453140,0
1507066184,22728107,4288.69,0.35542791,0
1507066180,22728105,4276.07,3.23206000,1
1507066180,22728104,4276.09,0.87150000,1
1507066180,22728103,4277.35,1.02494000,1
1507066179,22728102,4277.73,0.87150000,1
1507066179,22728101,4279.39,4.00000000,1
1507066166,22728099,4284.07,0.02079000,1
1507066163,22728098,4288.95,0.01313608,1
1507066162,22728097,4288.99,0.05893209,0
1507066162,22728096,4288.99,0.00128154,0
1507066161,22728095,4284.58,0.00128323,0
1507066144,22728092,4284.57,0.05354563,1
1507066139,22728090,4284.61,0.02109054,0
1507066139,22728089,4284.59,0.00128046,0
1507066139,22728088,4284.56,0.00128211,0
1507066131,22728085,4284.61,0.03000000,0
1507066121,22728083,4284.61,0.03429093,0
1507066113,22728082,4284.62,2.49640000,0
1507066108,22728081,4284.64,0.00160000,0
1507066101,22728079,4284.72,0.00071682,0
1507066101,22728078,4284.71,0.00128318,0
1507066095,22728076,4277.03,0.11452685,1
1507066083,22728075,4284.77,0.02141772,0
1507066080,22728073,4284.79,0.01740398,0
1507066080,22728072,4284.78,0.00128122,0
1507066079,22728071,4284.79,0.01010526,0
1507066078,22728070,4284.79,0.00128002,0
1507066078,22728069,4284.78,0.00151472,0
1507066059,22728067,4284.89,0.02412968,0
1507066059,22728066,4284.86,0.00128069,0
1507066059,22728065,4284.85,0.00128167,0
1507066045,22728063,4284.85,1.48710000,0
1507066045,22728062,4275.82,1.00000000,0
1507066043,22728061,4275.82,0.12850000,0
1507066042,22728060,4276.01,0.87150000,1
1507066040,22728059,4278.39,0.01209143,0
1507066032,22728057,4278.40,0.12654932,1
1507066030,22728056,4278.39,0.55592727,1
1507066028,22728055,4278.39,0.43738058,1
1507066028,22728054,4278.40,0.56261942,1
1507066027,22728052,4282.02,0.03547998,0
1507066026,22728050,4284.90,0.12654932,1
1507066025,22728049,4284.90,0.00128328,0
1507066025,22728048,4284.89,0.00128083,0
1507066025,22728047,4279.02,0.97666500,0
1507066024,22728045,4279.02,0.01333500,0
1507066023,22728044,4279.02,0.01000000,0
1507066017,22728042,4279.02,0.20160000,1
1507066014,22728041,4279.02,1.00000000,1
1507066012,22728040,4279.02,0.12850000,1
1507066012,22728039,4279.04,0.87150000,1
1507066010,22728038,4279.02,1.00000000,1
1507066009,22728037,4282.08,0.01290000,0
1507066009,22728036,4282.08,0.15022500,0
1507066006,22728035,4279.00,0.12850000,1
1507066006,22728034,4279.01,0.87150000,1
1507065997,22728030,4284.99,0.17330180,0
1507065997,22728029,4284.98,0.00128078,0
1507065988,22728028,4282.67,0.53033076,1
1507065988,22728027,4283.45,0.00654900,0
1507065985,22728025,4285.00,3.34227907,1
1507065982,22728023,4285.68,0.05991726,1
1507065913,22728011,4290.08,0.02402881,0
1507065913,22728010,4289.72,0.27335309,0
1507065913,22728009,4289.70,0.00128081,0
1507065913,22728008,4289.59,0.00314580,0
1507065913,22728007,4289.58,0.00314687,0
1507065913,22728006,4289.56,0.00127850,0
1507065912,22728005,4289.55,0.00128069,0
1507065869,22727988,4289.67,0.28359418,0
1507065869,22727987,4289.67,0.00127854,0
1507065868,22727986,4289.66,0.00127971,1
1507065867,22727985,4289.66,0.00454551,0
1507065843,22727978,4289.65,0.10696677,1
1507065843,22727977,4289.72,0.11364598,0
1507065842,22727976,4289.71,0.00127970,0
1507065842,22727975,4289.65,0.00128151,0
1507065819,22727972,4289.72,0.00351544,0
1507065819,22727971,4289.71,0.00128037,0
1507065807,22727970,4289.72,0.93782927,0
1507065807,22727969,4289.72,0.00127944,0
1507065807,22727968,4289.71,0.00127879,0
1507065807,22727967,4289.70,0.00128166,0
1507065801,22727965,4289.73,0.00893347,1
1507065800,22727964,4289.73,0.00127970,0
1507065780,22727934,4290.08,0.02110633,0
1507065780,22727933,4290.05,0.00174724,0
1507065780,22727932,4289.82,0.00127904,0
1507065780,22727931,4289.80,0.00128018,0
1507065780,22727930,4289.79,0.00127931,0
1507065754,22727925,4290.06,0.03360876,0
1507065754,22727924,4289.83,0.00128007,0
1507065754,22727923,4289.81,0.00128086,0
1507065754,22727922,4285.08,0.02400000,0
1507065751,22727921,4285.00,0.13506095,1
1507065750,22727920,4285.00,1.48112380,1
1507065749,22727919,4285.02,2.32740000,1
1507065743,22727917,4285.09,0.09179970,1
1507065743,22727916,4285.10,1.27277935,1
1507065731,22727914,4290.08,0.00012667,0
1507065731,22727913,4290.07,0.00128132,0
1507065731,22727912,4289.87,0.00128160,0
1507065724,22727911,4290.08,0.11348283,0
1507065724,22727910,4290.07,0.00128004,0
1507065724,22727909,4290.06,0.00127839,0
1507065724,22727908,4290.04,0.00127871,0
1507065724,22727907,4290.03,0.00128164,0
1507065724,22727906,4290.02,0.00127891,0
1507065723,22727905,4290.00,0.00127889,0
1507065723,22727904,4289.93,0.00127914,0
1507065723,22727903,4289.91,0.00128105,0
1507065723,22727902,4289.89,0.00128040,0
1507065720,22727900,4289.90,0.05788624,0
1507065720,22727898,4289.90,0.00198042,0
1507065703,22727893,4285.08,0.13285969,1
1507065694,22727892,4290.07,0.01977614,0
1507065694,22727891,4290.07,0.00128166,0
1507065691,22727890,4289.90,0.00601424,0
1507065691,22727889,4290.08,0.00500778,1
1507065690,22727888,4290.08,0.39962160,1
1507065690,22727887,4290.00,0.04725322,0
1507065690,22727886,4289.99,0.00128025,0
1507065690,22727883,4289.98,0.00151231,0
1507065689,22727882,4289.97,0.00267898,0
1507065689,22727881,4289.97,0.00128091,1
1507065689,22727880,4289.96,0.00127846,0
1507065687,22727878,4289.91,0.00128126,0
1507065683,22727876,4285.05,0.01000000,1
1507065678,22727875,4285.06,0.01071800,1
1507065661,22727865,4285.04,0.03527800,1
1507065630,22727855,4289.86,2.94811570,0
1507065630,22727854,4289.85,0.00127873,0
1507065630,22727853,4288.25,0.04466744,0
1507065630,22727852,4288.24,0.00337851,0
1507065630,22727851,4288.23,0.00127909,0
1507065630,22727850,4288.22,0.00128053,0
1507065620,22727849,4288.25,0.11367221,0
1507065620,22727848,4288.24,0.00128036,0
1507065620,22727847,4288.23,0.00127907,0
1507065615,22727846,4289.86,0.02028204,0
1507065615,22727845,4288.31,0.00128123,0
1507065615,22727844,4288.30,0.00127995,0
1507065615,22727843,4288.29,0.00127930,0
1507065615,22727842,4287.98,0.00128096,0
1507065615,22727841,4287.96,0.00128160,0
1507065611,22727840,4285.01,1.49964000,0
1507065605,22727839,4288.00,0.54667211,1
1507065605,22727838,4288.00,0.05012365,1
1507065604,22727837,4289.86,0.06394466,0
1507065604,22727836,4288.32,0.00128219,0
1507065604,22727835,4288.31,0.00127961,0
1507065604,22727834,4288.30,0.00128091,0
1507065603,22727832,4288.00,0.00337915,0
1507065582,22727828,4285.01,1.00000000,0
1507065579,22727825,4285.01,1.00000000,1
1507065579,22727824,4288.03,0.48753089,0
1507065579,22727823,4288.03,0.00128025,0
1507065579,22727822,4288.02,0.00431410,0
1507065579,22727821,4288.01,0.00128135,0
1507065579,22727820,4288.00,0.00127942,0
1507065578,22727819,4287.99,0.00431399,0
1507065557,22727816,4285.00,1.00000000,1
1507065550,22727814,4285.01,0.99000000,1
1507065550,22727813,4285.49,0.01000000,1
1507065539,22727811,4290.00,0.01229883,0
1507065539,22727810,4289.99,0.00454337,0
1507065539,22727809,4289.98,0.00128115,0
1507065539,22727808,4289.97,0.00128102,0
1507065539,22727807,4289.96,0.00127985,0
1507065539,22727806,4289.95,0.00128025,0
1507065539,22727805,4289.74,0.00127927,0
1507065539,22727804,4289.73,0.00127978,0
1507065539,22727803,4289.72,0.00431107,0
1507065537,22727800,4285.01,0.10207300,1
1507065535,22727798,4285.06,0.01084180,1
1507065510,22727794,4289.77,0.44693592,0
1507065510,22727793,4289.76,0.00314415,0
1507065506,22727791,4290.00,0.01489553,0
1507065506,22727790,4289.99,0.00127867,0
1507065506,22727789,4289.98,0.00128022,0
1507065506,22727788,4289.97,0.00128021,0
1507065506,22727787,4289.74,0.00127860,0
1507065499,22727785,4290.00,0.02555242,0
1507065499,22727784,4289.91,0.01903409,0
1507065499,22727783,4289.78,0.00174727,0
1507065498,22727782,4289.77,0.00127975,0
1507065498,22727781,4289.76,0.00314452,0
1507065498,22727780,4289.75,0.00174608,0
1507065498,22727779,4289.74,0.00128073,0
1507065476,22727769,4289.78,0.05863439,0
1507065476,22727768,4289.78,0.00151371,0
1507065475,22727767,4285.00,1.49964000,1
1507065461,22727766,4285.00,0.51575693,1
1507065461,22727765,4285.01,2.32590000,1
1507065461,22727763,4285.04,0.15834307,1
1507065433,22727758,4289.86,0.14341389,1
1507065433,22727757,4289.86,0.00128094,0
1507065431,22727756,4289.85,1.69837455,1
1507065430,22727754,4289.85,0.24640486,0
1507065430,22727752,4289.81,0.87150000,0
1507065403,22727751,4289.00,0.25000000,1
1507065402,22727749,4289.01,0.55280538,1
1507065401,22727748,4289.01,0.44719462,0
1507065398,22727747,4289.01,0.11771787,0
1507065386,22727741,4289.26,0.53396451,0
1507065377,22727740,4289.26,0.00601509,0
1507065305,22727724,4289.65,0.07167729,0
1507065305,22727723,4289.35,0.00128171,0
1507065301,22727722,4289.35,0.00259666,1
1507065301,22727721,4289.35,0.00127965,0
1507065299,22727720,4289.34,0.00314369,0
1507065278,22727717,4289.38,0.00083812,0
1507065278,22727716,4289.27,0.00198006,0
1507065278,22727714,4289.25,0.00128182,0
1507065266,22727709,4289.39,0.01654508,0
1507065250,22727706,4289.00,0.01340000,1
1507065247,22727704,4289.91,0.00560349,1
1507065246,22727703,4289.52,0.35236208,1
1507065245,22727701,4289.59,0.02139365,1
1507065245,22727700,4289.52,0.15829277,0
1507065243,22727699,4289.00,0.01402532,1
1507065242,22727697,4289.57,0.11544673,0
1507065241,22727696,4289.31,0.00127862,0
1507065227,22727695,4289.47,0.52211407,0
1507065218,22727690,4285.00,0.02613925,1
1507065211,22727688,4289.57,0.03441604,0
1507065209,22727687,4289.57,0.08007427,0
1507065209,22727686,4286.31,2.36826065,1
1507065209,22727685,4287.00,0.05000000,1
1507065208,22727684,4288.50,0.08173935,1
1507065184,22727675,4289.76,0.02139281,1
1507065176,22727672,4288.48,0.05000000,1
1507065176,22727671,4288.48,0.08164500,1
1507065144,22727658,4289.91,0.01013520,0
1507065144,22727657,4289.78,0.00384566,0
1507065144,22727656,4289.77,0.00127847,0
1507065144,22727655,4289.74,0.00127978,0
1507065129,22727652,4289.91,0.00310496,0
1507065128,22727651,4289.90,0.00128111,0
1507065128,22727648,4289.90,0.00127957,1
1507065128,22727645,4289.89,0.00337777,0
1507065127,22727644,4289.88,0.00174709,0
1507065127,22727643,4289.87,0.00128177,0
1507065126,22727641,4289.86,0.00128010,0
1507065126,22727640,4289.85,0.00128127,0
1507065125,22727639,4289.84,0.00407703,1
1507065124,22727637,4289.84,0.00267981,0
1507065071,22727602,4289.91,0.00352575,0
1507065071,22727601,4289.90,0.00314446,0
1507065032,22727597,4290.79,0.41425992,1
1507065032,22727596,4290.79,0.00128094,0
1507065026,22727595,4290.80,0.00128095,0
1507064992,22727594,4290.50,0.97416111,1
1507064992,22727593,4290.50,0.02455769,0
1507064992,22727592,4290.49,0.00128120,0
1507064990,22727591,4290.50,0.02544231,0
1507064990,22727590,4290.49,0.00127900,0
1507064986,22727588,4290.00,1.33400000,0
1507064983,22727587,4289.34,0.05000000,0
1507064983,22727586,4289.33,0.00128003,0
1507064983,22727585,4289.32,0.00127989,0
1507064983,22727584,4289.31,0.00127924,0
1507064977,22727583,4287.97,0.00291200,0
1507064976,22727582,4288.00,0.00128018,1
1507064975,22727581,4288.00,0.20511657,0
1507064975,22727580,4287.99,0.00361342,0
1507064972,22727579,4286.70,0.28379392,0
1507064972,22727578,4286.70,1.00000000,0
1507064972,22727577,4286.70,0.04220608,0
1507064969,22727575,4286.70,1.00000000,0
1507064967,22727574,4288.00,0.03189247,0
1507064967,22727573,4287.98,0.00128123,0
1507064967,22727572,4287.97,0.00408079,0
1507064967,22727571,4287.96,0.00128163,0
1507064966,22727570,4287.29,0.00128179,0
1507064963,22727566,4287.28,0.00454519,0
1507064957,22727563,4287.27,0.00128140,0
1507064942,22727559,4285.98,4.00687854,0
1507064942,22727558,4285.95,0.00128293,0
1507064925,22727553,4285.98,0.99312146,0
1507064925,22727552,4285.97,0.00128071,0
1507064925,22727551,4285.96,0.00128240,0
1507064924,22727550,4285.95,0.00431543,0
1507064901,22727549,4285.97,0.04618151,0
1507064901,22727548,4285.96,0.00127979,0
1507064901,22727547,4285.95,0.00127966,0
1507064892,22727545,4285.56,0.02390624,0
1507064891,22727544,4285.56,0.00314976,0
1507064875,22727539,4285.62,0.01336287,0
1507064858,22727534,4286.20,0.03016782,0
1507064858,22727533,4285.80,0.05000000,0
1507064835,22727530,4283.60,0.00128350,0
1507064834,22727529,4283.00,1.09386183,0
1507064834,22727528,4283.00,5.00000000,0
1507064833,22727527,4283.00,7.00000000,0
1507064773,22727512,4283.40,0.08353576,0
1507064773,22727511,4283.40,0.00128121,0
1507064773,22727510,4283.39,0.00128303,0
1507064765,22727509,4283.40,0.05322800,1
1507064691,22727493,4283.56,0.36296191,1
1507064691,22727492,4283.41,0.00128192,0
1507064691,22727491,4283.34,0.00128323,0
1507064690,22727490,4283.30,0.00128375,0
1507064621,22727477,4282.67,5.15274663,1
1507064616,22727476,4282.67,0.00200000,1
1507064614,22727475,4283.56,0.04526452,0
1507064614,22727474,4283.56,0.00128216,0
1507064573,22727461,4282.67,0.20000000,1
1507064571,22727460,4282.67,2.17555735,1
1507064547,22727457,4282.67,0.03407662,1
1507064544,22727455,4282.67,0.03500000,1
1507064532,22727449,4282.67,2.25190000,1
1507064526,22727441,4282.67,3.44759554,1
1507064524,22727439,4282.67,7.00000000,1
1507064522,22727438,4283.87,0.00880000,0
1507064521,22727437,4282.67,0.15756595,1
1507064520,22727436,4282.67,0.09525266,1
1507064520,22727435,4282.68,0.00254742,1
1507064512,22727428,4284.00,0.00460514,0
1507064512,22727427,4283.99,0.00128056,0
1507064512,22727426,4283.96,0.00291430,0
1507064508,22727425,4282.67,2.03073414,1
1507064507,22727424,4284.00,0.00191705,0
1507064507,22727423,4283.99,0.00431679,0
1507064507,22727421,4283.98,0.00128341,0
1507064507,22727419,4283.97,0.00128275,0
1507064502,22727414,4284.00,0.03789685,0
1507064502,22727413,4284.00,0.00751762,0
1507064502,22727412,4283.95,0.00128238,0
1507064497,22727398,4284.00,0.00250228,0
1507064497,22727396,4283.99,0.00128090,0
1507064497,22727395,4283.98,0.00128351,0
1507064497,22727394,4283.97,0.00128326,0
1507064497,22727393,4283.96,0.00245005,0
1507064493,22727390,4282.68,0.08139817,1
1507064493,22727389,4283.98,0.03404412,1
1507064491,22727385,4282.67,0.04667600,1
1507064487,22727383,4284.47,0.00623539,0
1507064487,22727381,4284.11,0.00128349,0
1507064487,22727380,4284.10,0.00128112,0
1507064483,22727371,4284.13,0.03131558,1
1507064482,22727369,4284.47,0.00600188,0
1507064482,22727367,4284.17,0.00151666,0
1507064482,22727365,4284.13,0.00128146,0
1507064480,22727350,4282.67,2.20554255,1
1507064477,22727344,4284.14,0.00880000,0
1507064475,22727343,4284.18,0.01164050,0
1507064474,22727340,4282.68,0.00128370,1
1507064473,22727337,4282.68,0.25557571,0
1507064471,22727325,4282.68,0.75911912,0
1507064471,22727323,4282.68,0.01024517,1
1507064469,22727318,4284.50,1.29720000,0
1507064469,22727313,4283.20,0.05000000,1
1507064468,22727308,4284.50,0.00137294,0
1507064468,22727306,4283.63,0.00712298,0
1507064467,22727299,4284.50,0.00880000,0
1507064467,22727297,4284.70,0.01074634,1
1507064466,22727290,4284.71,0.08355128,0
1507064465,22727284,4284.72,0.14578466,0
1507064465,22727279,4284.70,0.00128166,1
1507064464,22727273,4284.72,1.38820014,0
1507064464,22727272,4284.72,0.00128013,0
1507064464,22727270,4284.68,0.00128183,0
1507064464,22727269,4284.65,0.00128092,0
1507064463,22727268,4284.55,0.00128042,0
1507064463,22727267,4284.54,0.00128212,0
1507064463,22727265,4284.51,6.20242784,0
1507064463,22727264,4284.48,0.00880000,0
1507064462,22727261,4282.67,0.05113418,1
1507064462,22727260,4282.68,0.05813304,1
1507064461,22727259,4282.69,0.00399932,1
1507064461,22727257,4282.71,0.00599932,1
1507064460,22727253,4284.17,0.78851306,1
1507064459,22727250,4282.68,6.21148694,0
1507064457,22727249,4282.68,0.02791442,0
1507064457,22727245,4282.67,1.02494000,1
1507064457,22727244,4282.68,4.00000000,0
1507064456,22727243,4282.70,0.00399932,1
1507064456,22727242,4282.72,0.00599932,1
1507064454,22727236,4282.67,0.01000000,1
1507064452,22727229,4284.66,0.01631703,0
1507064451,22727228,4284.56,0.00128297,0
1507064448,22727215,4284.66,0.05076992,0
1507064448,22727214,4284.62,0.00128044,0
1507064448,22727213,4284.61,0.00128188,0
1507064447,22727212,4284.60,0.00128189,0
1507064447,22727211,4284.58,0.00431485,0
1507064445,22727206,4282.68,0.34000000,1
1507064444,22727204,4282.68,1.02494000,0
1507064442,22727201,4284.57,0.00880000,0
1507064440,22727194,4282.68,0.06000000,1
1507064436,22727189,4282.67,1.02494000,1
1507064433,22727180,4282.68,0.00128219,0
1507064433,22727179,4282.68,0.08000000,0
1507064431,22727169,4282.67,0.46789047,1
1507064430,22727160,4282.67,0.23798939,1
1507064430,22727159,4282.67,0.45769891,1
1507064430,22727156,4282.67,0.19177543,1
1507064429,22727150,4282.67,0.39163220,1
1507064429,22727149,4282.67,0.00636143,1
1507064428,22727146,4282.67,0.23652536,1
1507064425,22727132,4284.70,0.06109424,0
1507064425,22727129,4282.67,0.02000000,1
1507064424,22727115,4282.67,0.08223407,1
1507064423,22727105,4282.67,0.11144851,1
1507064423,22727101,4282.67,0.01924841,1
1507064420,22727062,4282.67,0.02481900,1
1507064420,22727058,4282.68,1.12611730,1
1507064419,22727044,4282.68,0.49660609,1
1507064418,22727037,4282.68,0.00652814,1
1507064418,22727032,4282.68,0.14145100,1
1507064417,22727014,4282.68,0.01452826,1
1507064417,22727012,4284.74,0.00881000,0
1507064414,22726988,4282.68,0.01453826,0
1507064414,22726987,4282.68,0.00478388,0
1507064414,22726984,4282.67,0.01132095,1
1507064412,22726970,4285.74,0.00624843,0
1507064412,22726969,4285.72,0.00128085,0
1507064411,22726968,4285.65,0.00128072,0
1507064408,22726946,4282.67,0.11129448,1
1507064406,22726944,4285.74,7.99871772,0
1507064405,22726943,4285.72,0.00128228,0
1507064402,22726940,4282.67,2.50000000,1
1507064383,22726905,4282.67,0.17020000,1
1507064383,22726904,4282.68,2.32980000,1
1507064380,22726903,4282.67,2.25445170,1
1507064380,22726902,4282.73,0.03945615,1
1507064377,22726901,4288.00,0.00368797,0
1507064377,22726900,4287.99,0.00128217,0
1507064377,22726899,4287.95,0.00127922,0
1507064377,22726898,4287.91,0.00128038,0
1507064376,22726897,4287.87,0.00128026,0
1507064369,22726893,4282.72,0.01884155,1
1507064357,22726891,4286.48,0.00170220,0
1507064346,22726889,4287.10,0.03000000,1
1507064346,22726888,4287.10,0.00945615,1
1507064344,22726887,4286.13,0.00127999,0
1507064344,22726886,4285.77,0.00128186,0
1507064315,22726885,4282.67,0.00200000,1
1507064315,22726884,4282.67,1.91718201,1
1507064314,22726883,4282.68,0.18081799,1
1507064310,22726880,4282.67,2.49800000,1
1507064307,22726876,4287.14,0.06783941,0
1507064306,22726875,4284.63,0.00128269,0
1507064306,22726874,4284.62,0.00314739,0
1507064306,22726873,4284.61,0.00128335,0
1507064306,22726872,4284.60,0.00128088,0
1507064302,22726869,4279.90,0.04000000,0
1507064302,22726868,4279.89,0.00128231,0
1507064302,22726867,4279.69,0.00128403,0
1507064302,22726866,4279.68,0.00128222,0
1507064302,22726865,4279.67,0.00128340,0
1507064302,22726864,4279.66,0.00128211,0
1507064302,22726863,4279.08,0.00128195,0
1507064301,22726862,4279.07,0.00128304,0
1507064301,22726861,4278.40,0.00128255,0
1507064301,22726860,4278.40,1.48517388,0
1507064291,22726859,4278.39,0.03399215,1
1507064256,22726854,4278.40,0.00534178,0
1507064227,22726845,4278.40,0.25135213,0
1507064222,22726843,4280.58,0.02009513,0
1507064222,22726842,4279.51,0.00128359,0
1507064218,22726840,4279.52,0.02092243,0
1507064216,22726837,4279.52,0.05000000,1
1507064216,22726835,4280.00,3.00000000,1
1507064216,22726834,4280.01,0.06304444,1
1507064213,22726831,4281.00,1.55860095,1
1507064212,22726829,4281.00,0.17210000,1
1507064211,22726828,4281.00,2.32790000,1
1507064211,22726827,4281.01,0.75813221,0
1507064210,22726826,4281.00,0.00128194,1
1507064209,22726825,4281.00,0.75235501,1
1507064209,22726824,4281.00,0.18776210,1
1507064209,22726823,4281.03,0.02223790,1
1507064208,22726822,4281.03,0.10000000,1
1507064199,22726820,4281.01,0.01000000,1
1507064198,22726819,4284.70,0.07760124,0
1507064197,22726818,4284.69,0.00128324,0
1507064197,22726817,4282.69,0.00128397,0
1507064193,22726816,4281.02,0.02476429,1
1507064192,22726815,4281.02,0.07850733,1
1507064190,22726814,4281.01,1.41018544,1
1507064177,22726813,4284.70,0.38603585,0
1507064177,22726812,4284.62,0.00128030,0
1507064177,22726811,4283.50,0.04000000,0
1507064177,22726810,4282.00,0.40819631,0
1507064177,22726809,4281.99,0.15857113,0
1507064176,22726808,4281.99,0.00151712,0
1507064176,22726807,4281.94,0.00128221,0
1507064176,22726806,4281.93,0.00361708,0
1507064149,22726803,4284.59,0.04679328,0
1507064104,22726783,4285.90,0.00423105,1
1507064103,22726782,4281.01,0.01871495,0
1507064020,22726765,4280.98,0.02500000,1
1507064007,22726764,4283.95,0.00128165,1
1507064006,22726762,4283.20,0.01779324,0
1507064005,22726761,4283.94,0.00125642,1
1507064004,22726760,4287.60,0.00960586,0
1507063998,22726753,4283.20,0.10434275,0
1507063976,22726749,4287.97,0.08012430,0
1507063969,22726747,4288.03,0.01655348,0
1507063948,22726744,4288.53,0.08012430,0
1507063935,22726740,4280.28,0.01775008,1
1507063928,22726739,4288.73,0.00374022,1
1507063927,22726738,4288.74,0.34552177,0
1507063927,22726737,4288.73,0.00128045,0
1507063922,22726734,4288.79,0.02913759,0
1507063922,22726733,4284.59,0.00128241,0
1507063886,22726729,4284.70,0.01399234,0
1507063886,22726728,4284.69,0.00408214,0
1507063877,22726725,4280.09,0.00839384,1
1507063873,22726724,4282.84,0.10000000,0
1507063864,22726723,4280.01,0.66680000,0
1507063864,22726722,4280.05,2.33320000,1
1507063833,22726717,4280.01,0.17832207,0
1507063831,22726716,4280.00,1.00000000,1
1507063824,22726713,4280.05,0.87150000,1
1507063824,22726712,4280.06,0.87150000,1
1507063819,22726710,4282.00,0.33945270,1
1507063810,22726708,4284.40,0.50000000,0
1507063809,22726707,4284.40,0.00957155,0
1507063808,22726706,4285.00,0.06910638,1
1507063807,22726705,4285.00,4.93089362,1
1507063802,22726702,4285.17,1.00000000,0
1507063710,22726681,4285.09,1.80700000,0
1507063696,22726649,4290.00,0.06910638,1
1507063695,22726648,4290.00,4.00000000,1
1507063694,22726646,4289.50,1.00000000,0
1507063694,22726645,4289.49,2.32820000,0
1507063693,22726644,4289.00,0.59244843,0
1507063693,22726643,4288.99,0.00128073,0
1507063693,22726642,4288.98,0.00128143,0
1507063693,22726641,4288.97,0.00128079,0
1507063693,22726640,4288.93,0.00128070,0
1507063693,22726639,4288.91,0.00127916,0
1507063693,22726638,4288.90,0.00128201,0
1507063693,22726637,4288.88,0.00128140,0
1507063693,22726636,4288.87,0.00127897,0
1507063626,22726629,4288.94,0.08071884,0
1507063588,22726620,4286.69,0.01500000,1
1507063577,22726617,4289.00,0.10755257,0
1507063577,22726616,4289.00,0.00384402,1
1507063576,22726615,4288.79,0.00127946,0
1507063576,22726614,4288.78,0.00128009,0
1507063574,22726612,4288.77,0.00127920,0
1507063571,22726610,4285.01,0.38083090,1
1507063571,22726609,4285.01,0.08916910,1
1507063539,22726603,4283.30,0.03634862,1
1507063504,22726597,4289.40,0.13500000,0
1507063385,22726574,4290.20,0.02010970,1
1507063383,22726571,4289.62,0.00127875,0
1507063379,22726565,4290.14,0.56346302,0
1507063379,22726564,4289.64,0.05000000,0
1507063379,22726563,4289.63,0.00127949,0
1507063379,22726562,4284.01,0.00128311,0
1507063379,22726561,4283.99,0.00128277,0
1507063379,22726560,4283.97,0.00128200,0
1507063379,22726559,4283.96,0.00128251,0
1507063379,22726558,4283.95,0.00128186,0
1507063348,22726551,4278.66,1.00000000,1
1507063346,22726550,4278.55,1.00000000,1
1507063341,22726548,4281.35,1.00000000,0
1507063334,22726547,4282.94,0.01626128,0
1507063327,22726542,4284.06,0.00119042,1
1507063327,22726540,4289.00,0.69915130,1
1507063326,22726539,4289.00,2.32970000,1
1507063326,22726538,4289.00,4.00000000,1
1507063325,22726537,4289.00,0.00127958,1
1507063325,22726536,4288.09,6.66960000,0
1507063325,22726534,4287.54,4.00000000,0
1507063324,22726533,4287.52,6.29530000,0
1507063324,22726531,4287.16,0.00454766,0
1507063324,22726530,4287.12,0.00384589,0
1507063324,22726529,4287.09,0.99657557,0
1507063303,22726525,4287.54,0.17169561,1
1507063303,22726524,4287.52,0.00198015,1
1507063298,22726522,4284.21,2.19995705,0
1507063295,22726521,4286.00,1.80004295,1
1507063290,22726520,4286.01,0.45627654,0
1507063286,22726519,4286.00,2.43840118,1
1507063284,22726514,4286.00,0.76155587,1
1507063284,22726513,4287.03,0.01350000,1
1507063277,22726509,4284.22,0.01147781,1
1507063266,22726504,4284.20,0.01422733,0
1507063253,22726499,4284.20,0.01532091,1
1507063223,22726491,4284.18,0.04500000,1
1507063223,22726490,4284.18,0.01105568,1
1507063211,22726487,4284.21,0.39106023,1
1507063207,22726485,4284.19,0.01653299,0
1507063207,22726484,4284.19,0.03610866,0
1507063204,22726483,4291.15,0.02138588,0
1507063204,22726482,4291.15,0.05213542,0
1507063204,22726481,4291.15,0.00128058,0
1507063203,22726479,4284.17,0.06794000,1
1507063199,22726477,4284.18,2.32860000,1
1507063199,22726476,4290.17,0.02907268,1
1507063195,22726472,4291.15,0.00342443,0
1507063194,22726469,4284.17,0.09494859,1
1507063190,22726468,4289.75,0.03780727,0
1507063177,22726454,4291.36,0.02365370,0
1507063175,22726452,4291.36,0.00458828,1
1507063174,22726451,4291.36,18.93297297,0
1507063174,22726450,4291.35,0.24000000,0
1507063174,22726449,4291.33,1.74300000,0
1507063174,22726448,4291.00,0.20926436,0
1507063174,22726447,4291.00,0.33877852,0
1507063174,22726446,4289.88,0.10000000,0
1507063174,22726445,4289.67,0.00146576,0
1507063174,22726444,4289.38,0.15000000,0
1507063173,22726443,4287.39,2.33090000,0
1507063173,22726442,4286.96,0.00146536,0
1507063173,22726441,4285.74,0.05000000,0
1507063173,22726440,4284.62,0.90215303,0
1507063173,22726439,4284.54,0.00291432,0
1507063172,22726438,4284.53,0.00128197,0
1507063172,22726437,4284.52,0.00128002,0
1507063170,22726436,4284.51,0.00198360,0
1507063169,22726435,4280.03,0.15500000,1
1507063155,22726432,4284.60,0.00060622,0
1507063155,22726431,4284.58,0.00128021,0
1507063155,22726430,4284.57,0.00128049,0
1507063155,22726429,4284.56,0.00128115,0
1507063155,22726428,4284.55,0.00408193,0
1507063150,22726427,4278.39,0.04073458,0
1507063150,22726426,4278.39,0.00853000,0
1507063148,22726425,4278.76,0.07067834,1
1507063145,22726423,4278.76,0.29932166,0
1507063145,22726422,4278.76,0.01706000,0
1507063144,22726419,4278.76,0.05361834,0
1507063143,22726418,4277.72,0.34457800,1
1507063140,22726416,4284.61,0.00724884,0
1507063140,22726415,4284.30,0.00128116,0
1507063136,22726413,4284.31,0.00596797,0
1507063136,22726412,4284.30,0.00128064,0
1507063136,22726411,4284.24,0.00128139,0
1507063136,22726410,4278.42,0.17465858,1
1507063133,22726409,4277.41,0.02364610,1
1507063132,22726406,4284.62,0.12278697,0
1507063132,22726405,4284.61,0.00128055,0
1507063131,22726404,4284.31,0.00314929,0
1507063131,22726403,4284.29,0.00128319,0
1507063131,22726402,4284.25,0.87150000,0
1507063130,22726401,4278.91,0.81760789,0
1507063130,22726400,4280.89,0.01706000,0
1507063129,22726399,4278.41,2.12330000,1
1507063129,22726398,4279.39,0.05000000,1
1507063128,22726397,4280.89,0.02073055,1
1507063125,22726396,4283.35,0.00724754,0
1507063125,22726395,4281.76,0.00128246,0
1507063122,22726394,4279.89,0.02942108,0
1507063122,22726393,4278.91,0.00128206,0
1507063122,22726392,4278.89,0.00128251,0
1507063122,22726391,4278.88,0.00128381,0
1507063122,22726390,4278.87,0.00128199,0
1507063120,22726389,4278.39,0.09345119,0
1507063113,22726388,4273.95,0.02942108,1
1507063113,22726387,4274.00,0.01170000,1
1507063112,22726386,4275.45,0.00181251,1
1507063105,22726385,4278.39,0.00853000,0
1507063101,22726384,4278.39,0.11801881,0
1507063059,22726379,4274.01,1.43152371,1
1507063058,22726378,4274.04,0.33847629,1
1507063053,22726376,4276.96,1.77000000,1
1507063052,22726375,4276.96,0.00408883,0
1507063052,22726374,4276.93,0.00128492,0
1507063051,22726373,4284.37,0.33300236,1
1507063050,22726372,4280.00,1.72900000,1
1507063050,22726371,4280.00,0.02942028,0
1507063050,22726369,4279.99,2.33780000,1
1507063049,22726368,4279.72,0.00985528,0
1507063049,22726367,4277.00,0.16763675,0
1507063049,22726366,4277.00,0.00959681,0
1507063048,22726365,4276.99,0.00128364,0
1507063048,22726364,4276.98,0.00128247,0
1507063048,22726363,4276.97,0.00128365,0
1507063048,22726361,4276.96,0.00128392,0
1507063047,22726359,4276.95,0.00128230,0
1507063047,22726358,4276.94,0.00128309,1
1507063046,22726357,4273.62,0.04119031,0
1507063027,22726355,4273.62,0.00268224,0
1507063024,22726346,4273.62,0.02147360,0
1507063022,22726343,4273.62,0.22849873,0
1507063022,22726342,4273.34,0.00128331,0
1507063022,22726341,4273.33,0.00128474,0
1507063022,22726340,4273.05,0.00128459,0
1507063022,22726339,4273.03,0.00114073,0
1507063010,22726336,4273.03,0.00014426,0
1507063010,22726335,4272.94,0.00292232,0
1507063010,22726334,4272.94,0.00128631,0
1507063010,22726333,4272.94,0.00128422,0
1507063010,22726332,4272.92,0.00128489,0
1507062995,22726256,4272.93,0.11666954,0
1507062993,22726255,4271.65,0.04969264,1
1507062992,22726254,4272.93,0.01943619,1
1507062975,22726250,4272.92,0.00128461,0
1507062972,22726248,4272.93,0.17379092,0
1507062972,22726247,4272.93,0.00128357,0
1507062970,22726245,4272.80,0.25284835,1
1507062967,22726244,4273.50,0.09028519,1
1507062967,22726243,4273.50,0.04229000,1
1507062964,22726238,4271.62,0.00128681,0
1507062958,22726236,4273.62,0.00077866,0
1507062958,22726235,4273.49,0.00128570,0
1507062958,22726234,4271.63,0.00128564,0
1507062956,22726232,4269.21,0.54837600,0
1507062954,22726231,4271.64,0.00162400,1
1507062953,22726229,4273.46,0.17522031,0
1507062936,22726227,4271.74,0.04588203,0
1507062934,22726226,4273.62,0.07487535,0
1507062934,22726225,4271.75,0.00268898,0
1507062934,22726224,4271.74,0.00128481,0
1507062929,22726221,4270.79,0.00906237,0
1507062925,22726220,4273.62,0.02234269,0
1507062925,22726219,4270.80,0.00128716,0
1507062925,22726218,4270.77,0.00128600,0
1507062922,22726216,4273.62,0.00815842,0
1507062922,22726215,4273.26,0.00128357,0
1507062922,22726214,4270.97,0.00128673,0
1507062918,22726210,4273.33,0.80442604,0
1507062918,22726209,4271.49,0.05000000,0
1507062918,22726208,4271.48,0.00128527,0
1507062917,22726207,4270.99,0.00128711,0
1507062917,22726206,4270.98,0.00128646,0
1507062917,22726205,4270.53,0.00128560,0
1507062917,22726204,4269.98,0.00128578,0
1507062917,22726203,4269.97,0.15901751,0
1507062917,22726202,4269.97,0.00456344,0
1507062917,22726201,4269.95,0.00128455,0
1507062915,22726199,4269.94,0.17530439,0
1507062915,22726198,4269.94,0.13279829,0
1507062906,22726194,4269.96,0.03506088,0
1507062897,22726187,4269.98,0.03856696,0
1507062890,22726184,4269.96,0.05000000,0
1507062888,22726183,4272.31,0.16325598,1
1507062888,22726182,4272.29,0.00409485,0
1507062888,22726181,4272.26,0.00128462,0
1507062888,22726180,4272.23,0.00128451,0
1507062888,22726179,4272.19,0.00409485,0
1507062888,22726178,4271.04,0.00128547,0
1507062886,22726171,4268.79,0.00128583,0
1507062878,22726168,4272.18,0.05961193,0
1507062878,22726167,4272.18,0.00128535,0
1507062878,22726166,4270.30,0.05000000,0
1507062878,22726165,4268.80,0.06440300,0
1507062872,22726160,4269.08,0.05000000,1
1507062862,22726154,4272.22,0.03413718,0
1507062862,22726153,4272.22,0.00128424,0
1507062853,22726147,4272.27,0.07398525,0
1507062853,22726146,4272.27,0.00128526,0
1507062845,22726137,4272.34,0.21358934,0
1507062844,22726136,4272.34,0.04016300,0
1507062844,22726135,4272.34,0.04684172,0
1507062844,22726134,4272.34,0.00315828,0
1507062835,22726126,4272.32,0.08764029,0
1507062824,22726123,4272.32,0.05126083,0
1507062824,22726122,4272.32,0.00128510,0
1507062805,22726116,4272.49,0.08318621,0
1507062796,22726113,4269.99,0.00175429,0
1507062790,22726112,4267.01,1.89497591,0
1507062790,22726111,4267.01,0.00927707,0
1507062788,22726109,4267.02,0.14316999,1
1507062786,22726108,4270.00,0.17409804,0
1507062786,22726107,4269.97,0.00128475,0
1507062783,22726106,4270.00,0.00242605,0
1507062783,22726105,4269.99,0.00128613,0
1507062783,22726104,4269.98,0.00128782,0
1507062776,22726102,4273.90,0.16292912,0
1507062776,22726101,4272.93,0.00128667,0
1507062776,22726100,4272.88,0.00128670,0
1507062776,22726099,4272.24,0.00128469,0
1507062776,22726098,4271.63,0.00128591,0
1507062776,22726097,4271.62,0.00128485,0
1507062776,22726096,4271.61,0.00456298,0
1507062766,22726093,4270.28,0.00128459,0
1507062758,22726090,4273.90,0.37475561,0
1507062758,22726089,4272.16,0.10000000,0
1507062757,22726088,4270.45,0.40000000,0
1507062757,22726087,4270.29,0.00128649,0
1507062740,22726085,4267.00,0.01169076,1
1507062739,22726084,4272.11,0.14301869,0
1507062739,22726083,4270.33,0.13431093,0
1507062738,22726082,4270.32,0.00128537,0
1507062736,22726081,4272.16,0.02469318,1
1507062736,22726080,4272.16,0.00128537,1
1507062735,22726079,4270.27,0.00128573,0
1507062733,22726077,4270.26,0.00128572,0
1507062730,22726075,4269.17,0.25249000,1
1507062720,22726072,4270.32,0.04872591,0
1507062720,22726071,4270.31,0.00128765,0
1507062720,22726070,4270.30,0.00128557,0
1507062719,22726069,4270.29,0.00128492,0
1507062710,22726066,4270.35,0.13846939,0
1507062710,22726065,4270.23,0.00433096,0
1507062710,22726064,4269.36,0.02546253,0
1507062710,22726063,4269.16,0.00316022,0
1507062710,22726062,4269.15,0.00128725,0
1507062709,22726061,4269.14,0.00128465,0
1507062709,22726060,4269.13,0.00128518,0
1507062702,22726057,4264.01,0.02546253,0
1507062700,22726056,4270.23,0.03996195,0
1507062700,22726055,4269.19,0.00128714,0
1507062700,22726054,4269.18,0.00128467,0
1507062700,22726053,4269.17,0.00128628,0
1507062690,22726050,4267.70,0.04381840,0
1507062689,22726049,4264.07,1.10941718,0
1507062689,22726048,4264.09,0.26872868,1
1507062683,22726046,4267.70,0.03682211,1
1507062681,22726044,4270.00,0.93458300,0
1507062680,22726043,4270.00,0.06005978,0
1507062680,22726042,4269.99,0.00128599,0
1507062677,22726040,4270.84,0.11704352,1
1507062677,22726039,4272.41,0.01016784,1
1507062671,22726034,4272.82,0.06876302,0
1507062670,22726033,4272.81,0.00128561,0
1507062669,22726032,4270.84,0.03755648,1
1507062668,22726031,4270.90,0.03543723,1
1507062665,22726030,4272.84,0.00334949,0
1507062655,22726021,4270.86,0.08176105,1
1507062648,22726015,4270.86,0.04215432,1
1507062647,22726014,4271.22,0.05000000,1
1507062645,22726010,4272.72,0.17014351,1
1507062645,22726009,4272.38,0.00128360,0
1507062644,22726008,4272.37,0.00128476,0
1507062644,22726007,4272.36,0.00128605,0
1507062644,22726006,4272.36,0.00128554,0
1507062634,22726003,4272.37,0.17528346,0
1507062628,22726001,4273.84,0.34600034,0
1507062628,22726000,4272.49,0.00152109,0
1507062628,22725999,4272.48,0.00128576,0
1507062628,22725998,4272.44,0.00269042,0
1507062627,22725997,4272.43,0.00128373,0
1507062627,22725996,4272.40,0.00128449,0
1507062617,22725989,4272.47,0.87484600,0
1507062617,22725988,4272.47,0.00128628,0
1507062609,22725987,4270.84,0.01200000,1
1507062608,22725985,4272.46,0.07351489,1
1507062608,22725984,4272.46,0.00128511,1
1507062598,22725980,4271.41,0.00627986,0
1507062598,22725979,4269.91,0.00128488,0
1507062594,22725976,4269.90,0.00128489,1
1507062589,22725975,4269.91,0.02719485,0
1507062589,22725974,4269.90,0.00128687,0
1507062588,22725972,4269.89,0.00128686,0
1507062579,22725970,4269.91,0.01384341,0
1507062579,22725969,4269.86,0.00128721,0
1507062579,22725968,4269.86,0.00128551,0
1507062579,22725967,4269.85,0.00128695,0
1507062567,22725965,4269.20,0.02975185,1
1507062545,22725958,4269.91,0.21470916,0
1507062544,22725957,4269.90,0.00128446,0
1507062544,22725956,4269.89,0.00128497,0
1507062539,22725953,4268.98,0.00128499,0
1507062538,22725951,4269.12,5.00491150,0
1507062537,22725950,4269.12,4.99485565,0
1507062537,22725949,4269.06,0.00128761,0
1507062537,22725947,4269.01,0.00128464,0
1507062537,22725946,4268.98,0.00128520,0
1507062537,22725945,4268.97,0.00128690,0
1507062510,22725942,4269.07,0.00077865,0
1507062508,22725941,4268.59,0.00128558,1
1507062508,22725940,4268.59,0.00128539,0
1507062485,22725934,4268.60,0.09077374,1
1507062484,22725933,4268.55,0.00292726,0
1507062481,22725932,4267.02,0.04939796,1
1507062454,22725929,4268.84,0.09441206,1
1507062454,22725928,4268.27,0.00128628,0
1507062454,22725927,4268.26,0.00128812,0
1507062454,22725926,4268.25,0.00128799,1
1507062453,22725925,4267.71,0.00240453,0
1507062453,22725924,4267.70,0.00128778,0
1507062452,22725923,4267.69,0.03840025,1
1507062452,22725922,4267.69,0.00255301,1
1507062452,22725921,4267.69,0.07154087,1
1507062451,22725920,4267.69,0.15910247,0
1507062440,22725917,4267.00,0.06716500,1
1507062430,22725913,4267.00,0.00800000,1
1507062424,22725911,4267.70,0.00670200,0
1507062418,22725910,4267.00,0.06063901,1
1507062418,22725909,4267.05,0.15936099,1
1507062402,22725903,4268.38,0.02000000,0
1507062378,22725901,4268.39,0.47326537,0
1507062371,22725899,4267.68,0.08871541,0
1507062348,22725893,4268.16,0.08880316,0
1507062343,22725890,4267.00,0.25104288,1
1507062343,22725889,4267.00,0.48288800,1
1507062333,22725887,4267.00,0.30934182,1
1507062333,22725886,4267.00,1.54152475,1
1507062331,22725885,4267.00,4.00000000,1
1507062331,22725884,4267.00,0.15914460,1
1507062323,22725880,4266.57,0.08754923,0
1507062316,22725878,4267.83,0.00150188,0
1507062315,22725877,4267.86,0.13323249,0
1507062305,22725875,4266.70,0.10754212,1
1507062304,22725873,4267.96,0.00175355,0
1507062303,22725871,4263.98,0.59598707,0
1507062303,22725869,4265.54,0.02601293,0
1507062294,22725864,4268.01,0.24309399,0
1507062284,22725820,4268.07,0.01753401,0
1507062270,22725811,4268.21,0.02915737,0
1507062270,22725810,4268.19,0.00128746,0
1507062270,22725809,4268.18,0.00152107,0
1507062270,22725808,4268.17,0.00128665,0
1507062267,22725806,4266.57,0.03510311,0
1507062265,22725805,4266.57,0.00268490,0
1507062257,22725803,4266.69,0.05264924,0
1507062256,22725802,4266.61,0.00169590,0
1507062226,22725796,4263.97,0.02570805,0
1507062222,22725793,4263.50,0.01457333,1
1507062220,22725792,4264.00,0.05211932,1
1507062193,22725771,4267.97,0.00999237,1
1507062191,22725767,4264.00,0.03336140,1
1507062119,22725755,4269.43,0.01415570,1
1507062067,22725733,4270.90,0.10521600,0
1507062066,22725732,4270.90,0.00110282,0
1507062066,22725731,4270.27,0.00128670,0
1507062066,22725730,4269.91,0.00128644,0
1507062066,22725729,4269.29,0.00252404,0
1507062060,22725727,4269.29,0.10000000,0
1507062040,22725724,4269.27,0.00500000,0
1507062038,22725723,4269.27,0.00954000,0
1507061999,22725710,4265.02,0.00137931,0
1507061889,22725698,4269.29,0.25420620,0
1507061887,22725697,4269.29,0.00268353,0
1507061886,22725696,4269.29,0.02058623,0
1507061886,22725695,4269.20,0.00128698,0
1507061886,22725694,4264.99,0.00496046,0
1507061851,22725686,4264.98,0.05294549,0
1507061835,22725681,4263.04,0.03400000,1
1507061829,22725680,4263.03,2.00000000,1
1507061828,22725679,4264.99,0.02282728,0
1507061803,22725669,4263.07,0.21041342,1
1507061801,22725668,4264.99,0.01474100,0
1507061785,22725664,4263.02,2.30588000,1
1507061774,22725662,4267.23,0.03512000,0
1507061769,22725661,4269.31,0.03000000,1
1507061769,22725660,4269.31,0.02492232,1
1507061769,22725659,4269.36,0.01591217,1
1507061764,22725658,4271.24,0.00952191,0
1507061764,22725657,4270.04,0.00128755,0
1507061764,22725656,4270.01,0.00128458,0
1507061763,22725655,4269.97,0.00128496,0
1507061745,22725653,4269.24,0.00128783,0
1507061718,22725649,4271.24,0.04398913,0
1507061718,22725648,4270.00,0.01980000,0
1507061717,22725647,4270.00,0.15976975,0
1507061717,22725646,4269.36,0.00433087,0
1507061717,22725645,4269.35,0.00128748,0
1507061717,22725644,4269.32,0.00175399,0
1507061717,22725643,4269.31,0.00128700,0
1507061717,22725642,4269.29,0.00128701,0
1507061706,22725641,4269.35,0.02020747,1
1507061706,22725640,4269.35,0.00128526,1
1507061703,22725638,4269.37,0.00800000,0
1507061699,22725637,4269.42,0.02453560,0
1507061686,22725634,4269.38,0.02452235,0
1507061686,22725633,4269.37,0.00362824,0
1507061683,22725632,4269.39,0.04784587,0
1507061683,22725630,4269.39,0.00128761,0
1507061650,22725608,4263.00,0.01451928,1
1507061649,22725607,4266.01,0.12448072,1
1507061639,22725601,4266.00,0.66058520,0
1507061638,22725600,4266.00,0.99828434,1
1507061586,22725589,4269.92,0.01816427,1
1507061585,22725588,4269.78,0.00044938,0
1507061585,22725587,4268.86,0.00128755,0
1507061585,22725586,4268.06,0.00128763,0
1507061585,22725585,4267.86,0.00128603,0
1507061583,22725583,4265.23,0.19802758,0
1507061571,22725534,4265.23,0.04934848,0
1507061569,22725533,4265.23,0.11262394,0
1507061566,22725532,4263.69,0.00171566,0
1507061537,22725526,4262.01,3.87199000,1
1507061537,22725525,4262.14,0.87150000,1
1507061537,22725524,4262.17,0.91651000,1
1507061524,22725512,4262.99,0.10763572,0
1507061505,22725510,4259.39,0.22026669,1
1507061505,22725509,4259.48,0.87150000,1
1507061464,22725501,4269.88,0.21468551,1
1507061463,22725500,4269.88,0.00128634,1
1507061463,22725499,4269.88,0.00128484,0
1507061440,22725489,4269.92,0.00200000,0
1507061424,22725486,4270.00,0.49689208,0
1507061424,22725485,4269.97,0.00128622,0
1507061424,22725484,4269.80,0.00128479,0
1507061424,22725483,4269.79,0.00128691,0
1507061406,22725477,4269.85,0.01982500,0
1507061401,22725476,4269.86,0.02848396,0
1507061391,22725472,4269.91,0.02259155,0
1507061391,22725471,4269.91,0.00128779,0
1507061391,22725470,4269.90,0.00128636,0
1507061391,22725469,4269.89,0.00128507,0
1507061391,22725468,4269.89,0.00128454,0
1507061390,22725467,4269.88,0.00128559,0
1507061389,22725465,4265.42,0.00023752,1
1507061389,22725464,4268.27,0.12258159,1
1507061358,22725455,4263.02,0.54521099,1
1507061358,22725454,4263.02,0.02454363,1
1507061358,22725453,4266.79,0.05000000,1
1507061358,22725451,4268.29,0.17714219,1
1507061356,22725450,4268.29,0.01357000,1
1507061347,22725447,4270.00,0.00139759,0
1507061347,22725446,4269.99,0.00128659,0
1507061345,22725440,4269.99,1.10706582,1
1507061345,22725439,4268.19,0.00128818,0
1507061343,22725437,4268.18,0.00128687,0
1507061302,22725433,4268.33,0.00905824,0
1507061302,22725432,4268.33,0.00128546,0
1507061302,22725431,4268.32,0.00128483,0
1507061279,22725426,4268.07,0.02849597,0
1507061269,22725421,4262.02,0.46668481,1
1507061269,22725420,4262.10,0.01078011,1
1507061233,22725410,4262.04,0.25000000,1
1507061233,22725409,4268.21,0.07005775,1
1507061232,22725408,4268.21,0.00128706,0
1507061225,22725407,4268.30,0.04961576,1
1507061223,22725406,4268.28,0.00128589,0
1507061223,22725405,4268.27,0.00128590,0
1507061223,22725404,4268.25,0.00128525,0
1507061223,22725403,4268.24,0.00128538,0
1507061223,22725402,4268.23,0.00128573,0
1507061222,22725401,4268.22,0.00128809,0
1507061168,22725391,4265.31,2.46725264,1
1507061162,22725389,4270.00,0.00044938,0
1507061162,22725388,4269.99,0.00268976,0
1507061162,22725387,4269.98,0.00128474,0
1507061162,22725386,4269.96,0.00362666,0
1507061147,22725384,4264.10,0.03274736,1
1507061141,22725382,4264.11,1.95130000,1
1507061140,22725381,4267.05,0.54870000,1
1507061138,22725380,4266.07,0.35590000,0
1507061137,22725379,4266.07,0.00410000,0
1507061110,22725374,4270.00,0.04169392,0
1507061110,22725373,4268.11,0.00128779,0
1507061110,22725372,4268.10,0.00128718,0
1507061110,22725371,4268.07,0.00128730,0
1507061110,22725370,4268.06,0.00128497,0
1507061106,22725366,4268.10,0.74788313,1
1507061105,22725365,4268.09,0.00128510,0
1507061105,22725364,4268.08,0.00128561,1
1507061103,22725363,4265.57,0.36000000,0
1507061103,22725362,4260.35,0.01099156,1
1507061091,22725354,4268.11,2.00000000,0
1507061081,22725350,4265.50,1.66000000,1
1507061080,22725349,4264.52,0.34000000,0
1507061054,22725340,4267.17,1.55857793,1
1507061053,22725339,4267.17,0.31787525,1
1507061053,22725338,4266.31,0.00363120,0
1507061052,22725337,4265.00,0.11041562,0
1507061043,22725335,4265.00,0.00871308,0
1507061043,22725334,4264.89,0.00128692,0
1507061028,22725329,4265.00,0.13146650,0
1507061028,22725328,4264.91,0.00128680,0
1507061028,22725327,4264.90,0.00339861,0
1507061015,22725324,4264.87,0.00605094,0
1507060993,22725319,4259.80,0.32392619,0
1507060992,22725317,4260.16,0.45535510,1
1507060992,22725316,4260.00,0.41614490,0
1507060992,22725315,4260.00,0.16439271,1
1507060992,22725314,4260.02,0.04879097,1
1507060991,22725313,4260.11,0.02827142,1
1507060991,22725312,4260.14,2.34240000,1
1507060985,22725311,4264.98,0.02022614,1
1507060983,22725310,4264.94,0.00128862,0
1507060980,22725306,4264.91,0.00804528,0
1507060964,22725303,4260.01,0.05000000,1
1507060959,22725292,4260.00,0.03560729,1
1507060959,22725290,4260.01,0.24966827,1
1507060958,22725288,4260.01,0.02023451,1
1507060920,22725268,4264.99,0.00470000,0
1507060902,22725264,4265.00,0.02575000,0
1507060895,22725263,4265.00,0.05919480,0
1507060890,22725261,4265.00,0.00446000,0
1507060890,22725260,4264.99,0.26520278,1
1507060889,22725258,4264.99,0.15920319,0
1507060889,22725257,4264.99,0.67254924,0
1507060886,22725256,4264.99,1.09902954,0
1507060868,22725250,4264.99,0.00343367,0
1507060856,22725246,4268.00,0.10107865,0
1507060844,22725204,4268.05,0.07000000,0
1507060819,22725194,4270.73,1.00000000,0
1507060818,22725193,4270.73,1.00000000,0
1507060815,22725192,4270.73,1.00000000,0
1507060815,22725191,4259.23,0.12501197,1
1507060815,22725189,4265.94,0.02498803,1
1507060814,22725186,4270.73,0.18410838,0
1507060814,22725185,4266.25,0.06589162,0
1507060812,22725184,4271.19,0.01645035,1
1507060811,22725183,4269.90,0.16370000,0
1507060810,22725181,4272.04,2.33630000,1
1507060806,22725179,4274.00,0.00311915,1
1507060806,22725178,4273.36,0.00385751,0
1507060805,22725177,4273.26,0.00128356,0
1507060805,22725176,4273.24,0.00128420,0
1507060805,22725175,4273.16,0.00128397,0
1507060805,22725174,4273.02,0.00128558,0
1507060805,22725173,4272.86,0.00128603,0
1507060804,22725172,4272.02,0.34611966,1
1507060799,22725165,4272.02,0.00128520,0
1507060792,22725162,4271.47,0.27537941,0
1507060787,22725161,4271.46,0.00128423,0
1507060781,22725159,4271.28,0.00128597,0
1507060775,22725154,4271.19,0.00128470,0
1507060769,22725146,4269.72,0.00128707,0
1507060764,22725144,4269.71,0.00128513,0
1507060758,22725143,4269.70,0.00128735,0
1507060752,22725141,4267.09,0.00571586,0
1507060746,22725140,4268.60,0.00670100,1
1507060742,22725137,4265.97,2.48634389,0
1507060738,22725135,4265.97,0.15349000,0
1507060738,22725134,4265.97,0.00370000,0
1507060735,22725133,4267.51,0.01365611,0
1507060719,22725128,4267.86,0.03482459,1
1507060711,22725127,4270.01,0.01308403,1
1507060709,22725126,4270.01,0.19014814,1
1507060699,22725123,4271.47,0.04462059,0
1507060699,22725122,4271.42,0.00152045,0
1507060699,22725121,4271.41,0.00128727,0
1507060698,22725120,4271.40,0.00128675,0
1507060698,22725119,4271.39,0.00128494,0
1507060697,22725117,4269.71,0.73388645,1
1507060697,22725116,4270.00,1.00000000,1
1507060687,22725115,4268.69,0.00700000,1
1507060668,22725105,4268.60,2.50000000,0
1507060663,22725102,4268.67,0.43274279,1
1507060663,22725100,4268.65,0.00128722,0
1507060661,22725098,4269.00,1.38687616,0
1507060658,22725097,4269.00,0.77024616,0
1507060657,22725096,4269.18,0.01994138,1
1507060657,22725095,4269.91,0.16323630,1
1507060656,22725094,4269.87,0.00362756,0
1507060656,22725093,4269.84,0.00128459,0
1507060656,22725092,4269.83,0.00128551,0
1507060656,22725091,4269.82,0.00128602,0
1507060656,22725090,4269.81,0.00339254,0
1507060656,22725089,4269.80,0.00128629,0
1507060645,22725086,4269.86,0.19675085,0
1507060645,22725085,4269.85,0.00269162,0
1507060601,22725079,4264.20,2.50000000,0
1507060598,22725078,4264.94,0.45876487,1
1507060588,22725074,4270.00,1.00000000,0
1507060582,22725072,4269.99,0.35816975,1
1507060581,22725069,4269.99,0.00128517,0
1507060578,22725068,4265.95,0.00491153,1
1507060578,22725067,4268.80,0.05000000,1
1507060577,22725066,4269.98,0.00128663,1
1507060576,22725065,4269.98,0.00128438,0
1507060576,22725064,4269.97,0.00128724,0
1507060575,22725063,4269.96,0.00128674,0
1507060575,22725062,4269.95,0.00128492,0
1507060575,22725061,4269.94,0.00128441,0
1507060570,22725060,4269.73,0.12494560,1
1507060567,22725056,4269.73,0.17836534,1
1507060566,22725055,4269.73,0.00128553,0
1507060566,22725054,4269.70,0.00128637,0
1507060563,22725052,4269.72,0.12463908,1
1507060562,22725049,4269.72,0.00386092,0
1507060561,22725048,4269.70,0.87150000,0
1507060558,22725047,4264.88,0.30300442,1
1507060558,22725046,4265.95,0.01699558,1
1507060552,22725045,4265.95,0.00128793,0
1507060550,22725044,4265.94,0.00128776,0
1507060545,22725043,4263.15,0.05000000,0
1507060538,22725042,4261.66,0.32000000,0
1507060483,22725030,4265.83,0.30047142,0
1507060482,22725028,4265.83,1.03130593,0
1507060482,22725027,4265.83,0.87150000,0
1507060482,22725026,4261.47,0.30000000,0
1507060469,22725023,4266.56,0.41033217,0
1507060469,22725022,4266.10,0.00128596,0
1507060469,22725021,4266.05,0.00128648,0
1507060469,22725020,4266.00,2.34240000,0
1507060469,22725019,4265.98,0.00128676,0
1507060469,22725018,4265.98,2.34270000,0
1507060469,22725017,4265.96,0.70070863,0
1507060466,22725016,4265.99,0.12963333,0
1507060458,22725005,4263.24,0.06703282,0
1507060458,22725004,4262.70,0.00128842,0
1507060458,22725003,4262.69,0.00128708,0
1507060458,22725002,4262.68,0.00128826,0
1507060457,22725001,4261.09,0.17208727,0
1507060444,22724998,4261.09,0.12791273,0
1507060436,22724997,4260.00,0.06537435,0
1507060429,22724996,4260.00,0.14195145,0
1507060427,22724993,4260.00,1.00000000,0
1507060424,22724992,4260.00,1.00000000,0
1507060422,22724991,4259.98,0.64800000,0
1507060419,22724990,4260.00,0.70782312,0
1507060419,22724989,4259.99,0.29217688,0
1507060415,22724988,4256.04,0.01357000,1
1507060399,22724986,4260.00,0.15737588,0
1507060398,22724985,4259.98,0.28000000,0
1507060349,22724977,4255.22,0.06500000,1
1507060343,22724976,4255.10,0.70000100,1
1507060342,22724975,4255.19,0.08109400,1
1507060334,22724973,4258.07,0.02438310,0
1507060314,22724968,4258.07,0.02000000,0
1507060313,22724967,4258.07,0.00276192,0
1507060313,22724966,4255.10,0.01723808,0
1507060309,22724965,4255.10,0.02708164,0
1507060306,22724961,4254.03,0.09985359,1
1507060289,22724958,4255.10,0.00268028,0
1507060261,22724947,4253.60,0.00575030,1
1507060240,22724938,4256.82,0.79670000,0
1507060237,22724937,4256.82,1.54374741,0
1507060237,22724936,4255.65,0.15955259,0
1507060229,22724931,4256.79,0.01513260,0
1507060228,22724929,4256.82,0.84044778,0
1507060228,22724928,4255.66,0.15955222,0
1507060228,22724927,4255.65,0.72680000,0
1507060228,22724926,4255.65,0.77320000,0
1507060227,22724925,4255.65,2.50000000,0
1507060217,22724921,4251.15,0.04821273,1
1507060216,22724920,4256.82,0.06053042,0
1507060214,22724918,4256.82,0.00541249,0
1507060213,22724915,4256.82,0.05444608,0
1507060205,22724911,4251.01,1.67795785,0
1507060204,22724910,4253.00,0.10000000,1
1507060204,22724909,4253.00,0.00402100,0
1507060203,22724908,4255.00,0.21802115,0
1507060200,22724904,4255.00,2.49676075,1
1507060200,22724903,4255.09,0.00189016,1
1507060200,22724902,4256.20,0.00134909,1
1507060182,22724899,4256.20,0.02067650,0
1507060182,22724898,4255.90,0.52001999,0
1507060181,22724897,4256.18,0.11706075,1
1507060180,22724896,4256.19,0.13918927,1
1507060157,22724892,4260.52,2.48115300,0
1507060157,22724891,4256.30,0.01884700,0
1507060150,22724883,4256.21,0.25702275,1
1507060148,22724881,4263.77,0.01591249,0
1507060148,22724880,4261.92,0.15931787,0
1507060148,22724879,4259.98,0.00000003,0
1507060142,22724877,4259.97,0.13400200,0
1507060136,22724875,4256.18,0.03293925,1
