date,tid,price,amount,type
1507075227,22731289,0.06776500,0.10000000,0
1507075225,22731288,0.06776500,0.10000000,0
1507075223,22731287,0.06776500,0.10000000,0
1507075220,22731284,0.06776500,0.10000000,0
1507075215,22731280,0.06773900,0.10000000,0
1507075213,22731277,0.06773900,0.10000000,0
1507075211,22731270,0.06773900,0.10000000,0
1507075208,22731258,0.06773900,0.10000000,0
1507075205,22731254,0.06772400,0.10000000,0
1507075203,22731246,0.06772400,0.10000000,0
1507075199,22731244,0.06772400,0.10000000,0
1507075122,22731237,0.06766800,0.50000000,0
1507074733,22731069,0.06757710,0.77780824,1
1507074724,22731067,0.06760600,0.50000000,1
1507074723,22731066,0.06761473,4.25400000,1
1507074723,22731065,0.06763000,0.32400000,1
1507074716,22731063,0.06763010,1.00475900,1
1507074526,22731030,0.06776014,3.30000000,1
1507074523,22731029,0.06775000,0.50000000,0
1507073941,22730901,0.06776014,5.00000000,1
1507073720,22730850,0.06776613,6.95000000,0
1507073585,22730822,0.06776813,1.47193998,0
1507073450,22730769,0.06777040,3.01325062,0
1507073378,22730757,0.06777159,0.10000000,0
1507073298,22730741,0.06777288,0.10000000,0
1507073296,22730740,0.06777289,0.10000000,0
1507073294,22730738,0.06777291,0.10000000,0
1507073292,22730737,0.06777291,0.10000000,0
1507073289,22730736,0.06777290,0.10000000,0
1507073288,22730735,0.06777294,0.10000000,0
1507073285,22730734,0.06777295,0.10000000,0
1507073284,22730733,0.06777296,0.10000000,0
1507073282,22730731,0.06777297,0.10000000,0
1507073280,22730730,0.06777298,0.10000000,0
1507073278,22730728,0.06777300,0.10000000,0
1507073276,22730727,0.06777301,0.10000000,0
1507073274,22730726,0.06777302,0.10000000,0
1507073031,22730695,0.06774596,2.66055369,0
1507072925,22730676,0.06775964,0.27663839,0
1507072741,22730603,0.06777768,1.00000000,0
1507071860,22730297,0.06782737,1.73718492,1
1507071860,22730296,0.06782737,0.50000000,1
1507071859,22730295,0.06771300,0.50000000,1
1507071857,22730294,0.06770500,0.50000000,0
1507071017,22729976,0.06755000,6.88561900,1
1507071017,22729975,0.06755100,1.50000000,1
1507071001,22729967,0.06756500,0.50000000,1
1507070957,22729952,0.06755803,2.41342364,1
1507070899,22729938,0.06755803,8.88555800,1
1507070846,22729924,0.06762200,0.08678043,1
1507070846,22729923,0.06762400,0.54966424,1
1507070767,22729910,0.06762400,0.83737000,1
1507070736,22729896,0.06762400,2.11296576,1
1507070736,22729895,0.06762401,1.38703424,1
1507069660,22729598,0.06762201,1.53075800,0
1507069334,22729493,0.06762200,0.27449700,1
1507069226,22729450,0.06773413,1.00330434,0
1507068465,22729111,0.06763400,0.24000000,0
1507068456,22729107,0.06762800,0.50000000,0
1507068447,22729100,0.06762900,0.11000000,0
1507068327,22729053,0.06764300,0.11000000,0
1507068305,22729050,0.06766500,0.10000000,0
1507068304,22729049,0.06766500,0.10000000,0
1507068302,22729048,0.06766500,0.10000000,0
1507068256,22729026,0.06767100,0.50000000,1
1507068256,22729025,0.06777313,0.50000000,1
1507068241,22729024,0.06778988,5.50000000,0
1507068146,22728995,0.06779149,0.19176000,0
1507068123,22728986,0.06779189,0.19174000,0
1507068110,22728966,0.06779196,0.19174000,0
1507068076,22728958,0.06779248,0.19173000,0
1507068044,22728942,0.06779261,0.20000000,0
1507068021,22728926,0.06779303,0.19117000,0
1507067504,22728665,0.06779469,3.73648954,0
1507067306,22728622,0.06768300,0.50000000,1
1507067293,22728614,0.06769700,0.50000000,1
1507067293,22728612,0.06770000,0.40000000,1
1507067270,22728591,0.06773800,0.50000000,1
1507067270,22728590,0.06776600,0.50000000,1
1507067256,22728581,0.06785522,0.50000000,0
1507067252,22728571,0.06787200,0.50000000,1
1507066984,22728404,0.06807965,2.12863000,1
1507066983,22728403,0.06785900,0.50000000,1
1507066983,22728402,0.06785599,0.44160000,0
1507066981,22728401,0.06784900,0.50000000,0
1507066909,22728379,0.06770000,0.50000000,1
1507066909,22728378,0.06777100,0.50000000,1
1507066589,22728276,0.06774467,0.96182900,1
1507066386,22728180,0.06774467,4.03817100,1
1507066386,22728179,0.06774468,0.44160000,1
1507066378,22728171,0.06780000,1.37486091,1
1507066378,22728169,0.06780001,0.24514777,1
1507066325,22728143,0.06780000,0.78208176,1
1507066206,22728114,0.06780000,18.03693500,1
1507066167,22728100,0.06780000,0.51186200,1
1507066157,22728094,0.06780000,0.84006300,1
1507066145,22728093,0.06779900,4.98992000,0
1507065999,22728031,0.06790080,0.00315000,1
1507065966,22728021,0.06775600,4.50000000,0
1507065963,22728019,0.06776300,0.50000000,1
1507065687,22727877,0.06793460,0.00693000,1
1507065635,22727858,0.06780000,9.90000000,0
1507065631,22727856,0.06780000,0.10000000,1
1507065552,22727815,0.06790000,2.54942866,1
1507065529,22727797,0.06790000,6.94400000,1
1507065520,22727796,0.06790000,0.50657134,1
1507065511,22727795,0.06790001,9.79538200,1
1507065461,22727764,0.06790197,11.27943000,1
1507065221,22727691,0.06790048,0.45660906,1
1507065072,22727603,0.06791107,0.14066265,1
1507064760,22727505,0.06806200,0.10918000,1
1507064740,22727503,0.06811300,0.13805321,1
1507064587,22727463,0.06842972,0.11837194,0
1507064549,22727458,0.06796043,0.71981679,1
1507064531,22727448,0.06854000,0.43035137,0
1507064531,22727446,0.06841473,0.27606851,0
1507064518,22727432,0.06861000,0.19828145,0
1507064518,22727431,0.06861000,0.78151334,0
1507064518,22727429,0.06842094,0.20000000,0
1507064507,22727422,0.06861000,2.02020521,0
1507064507,22727420,0.06854804,0.22453045,0
1507064505,22727416,0.06840496,0.20000000,0
1507064499,22727403,0.06862098,0.12147212,0
1507064499,22727400,0.06834728,0.20000000,0
1507064494,22727392,0.06850902,0.47088459,0
1507064493,22727391,0.06862000,1.22226636,1
1507064493,22727387,0.06862000,3.00000000,0
1507064492,22727386,0.06861999,3.43983295,0
1507064486,22727378,0.06792785,0.75684612,1
1507064484,22727376,0.06863465,15.23759507,0
1507064483,22727374,0.06850902,0.16000000,0
1507064483,22727373,0.06849399,0.24607903,0
1507064483,22727372,0.06833723,0.20000000,0
1507064482,22727366,0.06833721,1.23039516,0
1507064475,22727342,0.06792770,9.31546753,1
1507064475,22727341,0.06799520,0.12982100,1
1507064473,22727339,0.06781000,14.17092634,0
1507064473,22727338,0.06781000,4.52482698,0
1507064473,22727336,0.06781000,1.79723898,0
1507064473,22727335,0.06781000,3.39233150,0
1507064473,22727334,0.06781000,2.58381431,0
1507064473,22727333,0.06781000,3.30740372,0
1507064473,22727332,0.06781000,0.25486657,0
1507064472,22727330,0.06781000,1.89596527,0
1507064472,22727328,0.06781000,24.00076552,0
1507064471,22727326,0.06781000,0.12462167,0
1507064471,22727324,0.06781000,0.75684612,0
1507064470,22727322,0.06781000,4.65751250,0
1507064470,22727321,0.06781000,11.85372276,0
1507064470,22727320,0.06781000,2.01736474,0
1507064469,22727319,0.06781000,0.88673000,0
1507064469,22727317,0.06781000,10.74387591,0
1507064469,22727314,0.06781000,3.36939409,0
1507064468,22727309,0.06781000,3.00000000,1
1507064468,22727305,0.06788793,5.72814120,1
1507064468,22727303,0.06788793,2.66751797,1
1507064467,22727302,0.06788793,0.76229889,1
1507064467,22727301,0.06788793,11.34733654,1
1507064467,22727300,0.06788793,0.17976699,1
1507064466,22727296,0.06788698,1.43020695,0
1507064466,22727295,0.06788698,0.59391240,0
1507064466,22727294,0.06788698,6.05437145,0
1507064466,22727293,0.06788698,0.30128855,0
1507064466,22727292,0.06788698,1.78346071,0
1507064466,22727291,0.06788698,0.80168232,0
1507064466,22727289,0.06788698,2.41701139,0
1507064466,22727288,0.06788698,3.30498249,0
1507064465,22727287,0.06788698,4.28975760,0
1507064465,22727286,0.06788698,2.19476380,0
1507064465,22727285,0.06788698,3.20994111,0
1507064465,22727283,0.06788698,1.89169270,0
1507064465,22727282,0.06788698,3.62552758,0
1507064465,22727281,0.06788698,0.36664514,0
1507064465,22727280,0.06788698,1.83413052,0
1507064465,22727278,0.06788698,1.40946678,0
1507064464,22727276,0.06788698,20.72680211,0
1507064464,22727275,0.06788698,3.18166043,0
1507064464,22727274,0.06788698,4.59654523,0
1507064464,22727271,0.06788698,1.22985710,0
1507064463,22727263,0.06788698,0.03642634,0
1507064461,22727258,0.06798460,1.25010971,1
1507064461,22727256,0.06798460,1.02455083,1
1507064461,22727255,0.06798460,1.02033971,1
1507064460,22727254,0.06788795,0.41368975,0
1507064460,22727252,0.06788795,0.25419588,0
1507064460,22727251,0.06788793,0.02301347,0
1507064457,22727248,0.06788793,0.40928653,0
1507064455,22727241,0.06788701,0.77303292,0
1507064455,22727240,0.06788701,1.19674286,0
1507064455,22727239,0.06788701,3.87371422,0
1507064454,22727237,0.06788701,0.12950300,0
1507064453,22727235,0.06788701,2.96586000,0
1507064453,22727233,0.06788701,0.12939300,0
1507064452,22727230,0.06788698,2.91768253,0
1507064449,22727224,0.06788701,29.13065266,0
1507064449,22727223,0.06788701,0.61508105,0
1507064449,22727222,0.06788701,0.09683031,0
1507064449,22727221,0.06788701,2.39523284,0
1507064448,22727220,0.06788791,0.60786110,1
1507064448,22727218,0.06788795,0.99286125,1
1507064448,22727217,0.06788795,0.24722197,1
1507064448,22727216,0.06788795,9.01355601,1
1507064440,22727196,0.06805661,0.25250000,0
1507064437,22727190,0.06788701,1.26191109,1
1507064432,22727172,0.06784191,0.60786111,0
1507064431,22727170,0.06840000,0.43230000,0
1507064430,22727164,0.06847203,0.09336817,0
1507064430,22727161,0.06836000,2.50000000,0
1507064430,22727158,0.06784192,9.44626335,1
1507064429,22727152,0.06850200,0.50000000,1
1507064428,22727145,0.06833000,0.10000000,0
1507064427,22727143,0.06840000,0.50000000,1
1507064427,22727142,0.06865200,0.50000000,1
1507064427,22727141,0.06865204,0.65245676,1
1507064426,22727139,0.06939217,38.28045470,1
1507064426,22727135,0.06939503,5.76461608,1
1507064426,22727133,0.06939504,3.02036500,1
1507064425,22727126,0.06939503,0.50000000,1
1507064424,22727120,0.06939503,0.21434800,1
1507064424,22727117,0.06939503,10.00000000,1
1507064424,22727111,0.06939503,0.27806958,1
1507064423,22727108,0.06939503,1.63581370,1
1507064423,22727103,0.06939503,0.71274300,1
1507064423,22727096,0.06939503,1.16680000,1
1507064422,22727095,0.06939503,1.18573433,1
1507064422,22727094,0.06939503,0.21320800,1
1507064422,22727093,0.06939503,5.00000000,1
1507064422,22727091,0.06939503,0.27810000,1
1507064422,22727089,0.06939503,0.36004600,1
1507064421,22727070,0.06939503,0.50000000,1
1507064420,22727060,0.06939503,0.41000000,1
1507064420,22727056,0.06939503,0.10000000,1
1507064419,22727050,0.06939503,0.50000000,1
1507064419,22727043,0.06939503,16.02490000,1
1507064419,22727042,0.06939503,1.08716000,1
1507064419,22727040,0.06939503,2.05202000,1
1507064419,22727038,0.06939503,3.33020444,1
1507064418,22727035,0.06940940,12.36979556,1
1507064418,22727031,0.06940940,76.36054506,1
1507064418,22727028,0.06940940,0.99950100,1
1507064418,22727025,0.06940940,3.00000000,1
1507064418,22727023,0.06940940,0.10000000,1
1507064418,22727020,0.06940940,0.10000000,1
1507064417,22727010,0.06940940,0.50000000,1
1507064416,22727007,0.06940940,77.70000000,1
1507064416,22727004,0.06940940,3.16139900,1
1507064416,22727002,0.06940940,2.24913900,1
1507064416,22727000,0.06940940,0.20950000,1
1507064416,22726998,0.06940940,0.27810000,1
1507064415,22726997,0.06940940,3.21530759,1
1507064415,22726996,0.06940940,0.27930000,1
1507064415,22726995,0.06940940,0.16685563,1
1507064414,22726991,0.06940940,0.20950000,1
1507064414,22726989,0.06940940,7.30062326,1
1507064414,22726985,0.06940940,0.35692484,1
1507064413,22726975,0.06940940,15.77020906,1
1507064413,22726974,0.06940940,47.81200000,1
1507064412,22726973,0.06940000,0.50000000,0
1507064411,22726967,0.06920000,0.10000000,0
1507064411,22726966,0.06909977,0.08917192,0
1507064411,22726965,0.06865999,143.68100000,0
1507064411,22726964,0.06858910,5.00000000,0
1507064411,22726963,0.06850128,5.00000000,0
1507064410,22726962,0.06850000,0.10000000,0
1507064410,22726961,0.06850000,2.00000000,0
1507064410,22726960,0.06830000,10.00000000,0
1507064410,22726959,0.06823000,2.50611524,0
1507064410,22726958,0.06817760,5.00000000,0
1507064410,22726956,0.06816572,0.20000000,0
1507064410,22726955,0.06807299,8.85829510,0
1507064410,22726954,0.06801734,1.64400343,0
1507064409,22726952,0.06800000,5.00000000,0
1507064409,22726951,0.06799999,0.35692484,0
1507064409,22726950,0.06790000,3.00000000,0
1507064409,22726949,0.06786400,0.50000000,0
1507064409,22726948,0.06783000,0.00000025,0
1507064409,22726947,0.06780800,0.50000000,0
1507064213,22726830,0.06770503,0.50000000,1
1507063925,22726736,0.06783000,1.87130500,0
1507063673,22726633,0.06783000,0.09748494,0
1507063610,22726626,0.06783000,5.95723700,0
1507063604,22726625,0.06783000,1.85590000,0
1507063602,22726623,0.06782000,1.85590000,0
1507063554,22726606,0.06783000,0.21807281,0
1507063396,22726582,0.06779100,0.50000000,1
1507063197,22726475,0.06792800,0.50000000,1
1507063197,22726474,0.06797600,0.50000000,1
1507062961,22726237,0.06813700,0.20000000,0
1507062921,22726213,0.06805100,0.30000000,1
1507062912,22726196,0.06808100,0.25344716,1
1507062904,22726190,0.06808100,0.09824900,1
1507062839,22726130,0.06820695,0.80701761,1
1507062838,22726128,0.06816800,0.50000000,1
1507062836,22726127,0.06808300,0.19997553,0
1507062603,22725983,0.06823000,1.09388476,0
1507062601,22725981,0.06821000,0.40611524,0
1507062365,22725898,0.06821000,2.59388476,0
1507062363,22725897,0.06819000,0.50000000,0
1507061918,22725700,0.06811700,0.31744055,1
1507061885,22725693,0.06822663,0.52500000,1
1507061885,22725692,0.06818800,0.50000000,0
1507061883,22725690,0.06808301,0.67500000,0
1507061827,22725678,0.06808301,0.32500000,0
1507061462,22725496,0.06820997,0.47271650,0
1507061462,22725495,0.06814800,0.50000000,0
1507061462,22725493,0.06814000,1.02094046,0
1507061462,22725492,0.06814000,0.24418304,0
1507061461,22725491,0.06813904,1.00000000,0
1507061107,22725369,0.06813904,1.23385903,1
1507061107,22725368,0.06813904,2.49585598,1
1507060684,22725114,0.06813943,8.50000000,0
1507060684,22725113,0.06807900,0.50000000,0
1507060683,22725112,0.06804200,0.50000000,1
1507060682,22725109,0.06804200,0.50000000,0
1507060630,22725082,0.06803600,0.20055324,0
1507060563,22725051,0.06811661,2.58874608,0
1507060562,22725050,0.06811661,0.65457392,0
1507060321,22724970,0.06815297,1.00000000,0
1507060303,22724960,0.06814700,0.43912688,0
1507060280,22724956,0.06814797,3.19207263,0
1507059963,22724753,0.06812496,1.12223000,1
1507059961,22724750,0.06805400,0.50000000,0
1507059697,22724630,0.06795300,0.10279399,1
1507059661,22724610,0.06811595,1.62120000,0
1507059568,22724514,0.06800700,8.30912861,0
1507059568,22724511,0.06821000,2.75912608,1
1507059567,22724510,0.06820937,5.92379575,1
1507059567,22724509,0.06804573,0.20000000,0
1507059565,22724506,0.06800700,0.50000000,0
1507059541,22724455,0.06797700,0.32347700,0
1507059449,22724313,0.06779194,2.04015894,1
1507059437,22724294,0.06780003,0.40349701,1
1507059424,22724274,0.06784600,0.45587373,1
1507059416,22724261,0.06794877,0.27680572,0
1507059394,22724199,0.06786300,0.47076495,1
1507059361,22724171,0.06794953,0.19432300,0
1507059295,22724140,0.06783700,4.44596266,0
1507059280,22724134,0.06783700,1.31014666,0
1507059280,22724133,0.06783699,6.49462291,0
1507059280,22724131,0.06783699,1.00200000,0
1507059276,22724129,0.06783700,4.24389068,0
1507059276,22724127,0.06783699,0.13038832,0
1507059262,22724120,0.06783692,1.32111300,0
1507059219,22724098,0.06776122,3.38970000,1
1507059219,22724097,0.06784000,0.50000000,1
1507058890,22723968,0.06784868,1.17615391,0
1507058798,22723921,0.06776500,0.49900000,1
1507058605,22723809,0.06781200,0.42406331,1
1507058565,22723787,0.06783300,0.20468658,1
1507058479,22723763,0.06785270,7.71980000,0
1507058387,22723736,0.06769801,0.13038832,1
1507058302,22723697,0.06785586,0.07350183,0
1507058101,22723498,0.06785874,1.00000000,0
1507058042,22723447,0.06785985,0.06425995,1
1507058041,22723445,0.06783288,0.93574005,0
1507058040,22723441,0.06768402,2.38495000,1
1507057985,22723382,0.06782997,0.13658538,0
1507057934,22723311,0.06768380,2.00000000,1
1507057801,22723214,0.06785410,0.64840400,0
1507057733,22723161,0.06785531,43.11522532,1
1507057733,22723160,0.06782100,0.50000000,0
1507057731,22723158,0.06781400,0.50000000,0
1507057687,22723138,0.06768001,5.23305000,1
1507057682,22723131,0.06785578,1.55563878,0
1507057678,22723127,0.06774114,2.62094245,1
1507057658,22723118,0.06774114,0.14839400,1
1507057622,22723109,0.06774114,0.60760900,1
1507057524,22723054,0.06777300,0.50000000,0
1507057524,22723053,0.06776600,0.50000000,0
1507057479,22722986,0.06766100,0.50000000,1
1507057471,22722984,0.06774300,0.50000000,0
1507057471,22722983,0.06774300,0.50000000,0
1507057375,22722897,0.06767700,0.49974000,0
1507057374,22722896,0.06764092,0.14826000,0
1507057301,22722877,0.06758264,0.00000001,0
1507057300,22722875,0.06758264,0.14824999,0
1507057208,22722771,0.06755003,0.14826000,0
1507057201,22722766,0.06764500,0.48650400,0
1507057148,22722730,0.06755004,0.55900000,0
1507057143,22722727,0.06755418,2.84419833,1
1507057035,22722692,0.06771900,0.50000000,0
1507057032,22722691,0.06766700,0.50000000,0
1507056822,22722543,0.06764700,0.50000000,0
1507056822,22722542,0.06764000,0.23590000,0
1507056610,22722402,0.06760405,0.11038839,0
1507056518,22722305,0.06762000,0.08910000,0
1507056250,22722067,0.06765600,0.49335355,1
1507056243,22722058,0.06780609,1.50000000,0
1507056225,22722048,0.06780614,0.32410576,0
1507055930,22721920,0.06775300,0.50000000,0
1507055929,22721915,0.06774983,0.44170000,0
1507055927,22721912,0.06774980,1.51048096,0
1507055895,22721898,0.06757203,2.75463000,1
1507055895,22721897,0.06758500,0.50000000,1
1507055895,22721896,0.06758600,0.50000000,1
1507055885,22721887,0.06759000,0.47587929,1
1507055632,22721695,0.06760802,0.00202000,1
1507055632,22721694,0.06763200,0.50000000,1
1507055631,22721693,0.06770100,0.50000000,1
1507055468,22721585,0.06770200,0.50000000,1
1507055151,22721418,0.06768504,1.79559000,1
1507055080,22721391,0.06785877,0.12000000,0
1507055069,22721382,0.06756042,0.47275576,1
1507055067,22721376,0.06756041,2.26372000,1
1507055067,22721375,0.06766441,0.16000000,1
1507055067,22721374,0.06766500,1.00000000,1
1507055067,22721372,0.06769200,0.50000000,1
1507055067,22721371,0.06769903,11.48000000,1
1507055067,22721370,0.06772300,0.50000000,1
1507054927,22721229,0.06786092,0.08000000,0
1507054802,22721165,0.06772695,1.37105544,1
1507054801,22721164,0.06772698,7.09751456,1
1507054763,22721135,0.06787000,0.07821364,0
1507054695,22721091,0.06772522,3.31329000,1
1507054695,22721090,0.06772522,0.44170000,1
1507054690,22721086,0.06772521,0.70656331,1
1507054690,22721085,0.06774100,0.50000000,1
1507054685,22721071,0.06774103,0.08858092,1
1507054538,22720955,0.06788493,7.18609505,0
1507054517,22720929,0.06774500,0.21336000,1
1507054517,22720928,0.06775000,0.32500000,1
1507054282,22720771,0.06778007,5.72269900,0
1507054261,22720756,0.06783200,3.62031300,1
1507054259,22720753,0.06783191,0.50000000,1
1507054259,22720752,0.06783191,0.50000000,1
1507054255,22720750,0.06782600,0.50000000,0
1507054255,22720749,0.06782300,0.50000000,0
1507054254,22720746,0.06782296,0.10000000,0
1507054196,22720710,0.06771180,0.48101000,1
1507054021,22720638,0.06785200,0.50000000,0
1507053968,22720629,0.06787000,0.16325000,0
1507053967,22720628,0.06786975,0.20000000,0
1507053967,22720627,0.06776900,0.50000000,0
1507053967,22720626,0.06776400,0.50000000,0
1507053764,22720531,0.06766080,0.16311000,1
1507053753,22720524,0.06770000,0.16325000,1
1507053745,22720522,0.06771207,0.10000000,1
1507053727,22720513,0.06785185,0.09330415,0
1507053695,22720490,0.06816405,0.06521692,1
1507053694,22720489,0.06786975,0.20000000,0
1507053694,22720488,0.06781212,15.52900000,0
1507053692,22720486,0.06777100,0.50000000,0
1507053415,22720342,0.06773100,0.50000000,0
1507053415,22720341,0.06768400,0.50000000,0
1507053415,22720340,0.06768370,0.44180000,0
1507053340,22720308,0.06760779,0.20000000,1
1507053286,22720268,0.06760743,0.20000000,1
1507053266,22720251,0.06760812,0.20000000,1
1507053157,22720162,0.06760711,0.16326000,1
1507053072,22720110,0.06760728,0.16326000,1
1507053011,22720103,0.06760703,0.11326000,1
1507052732,22719956,0.06760087,3.46257608,1
1507052579,22719889,0.06770600,0.50000000,1
1507052569,22719887,0.06773202,0.44180000,1
1507052568,22719886,0.06773700,0.50000000,1
1507052547,22719872,0.06789596,0.35155110,0
1507052545,22719871,0.06789595,0.44180000,0
1507052461,22719840,0.06786289,1.00000000,0
1507052218,22719667,0.06786477,35.76707564,0
1507052218,22719666,0.06786474,14.23292436,0
1507052129,22719639,0.06770000,9.61541258,1
1507052129,22719638,0.06770001,0.44180000,1
1507052127,22719637,0.06772500,0.50000000,0
1507052126,22719635,0.06772500,0.50000000,1
1507052116,22719629,0.06777100,0.06498472,1
1507052107,22719626,0.06777100,6.39700000,1
1507052104,22719622,0.06777100,18.33080000,1
1507052102,22719620,0.06777106,9.99269880,1
1507052086,22719579,0.06777100,0.11209517,1
1507051813,22719374,0.06777003,0.89979302,1
1507051803,22719360,0.06789577,2.70000000,1
1507051801,22719356,0.06787500,0.50000000,0
1507051782,22719342,0.06777022,0.08080439,1
1507051681,22719290,0.06787100,0.32500000,0
1507051615,22719273,0.06777469,0.08075771,1
1507051279,22719096,0.06784900,0.20416100,0
1507051267,22719083,0.06777003,0.13551920,0
1507051263,22719079,0.06777003,0.34102272,0
1507051253,22719077,0.06777000,1.01684121,1
1507051129,22719022,0.06777006,0.64864800,1
1507050824,22718854,0.06788797,7.34670501,0
1507050724,22718786,0.06795954,0.73350000,1
1507050723,22718785,0.06783100,0.50000000,0
1507050723,22718784,0.06778600,0.50000000,0
1507050722,22718783,0.06778599,0.32500000,1
1507050721,22718782,0.06778599,0.44150000,0
1507050528,22718657,0.06771611,0.50000000,1
1507050451,22718618,0.06783300,0.10077241,1
1507050445,22718616,0.06783302,0.11760110,1
1507050403,22718581,0.06773928,0.97509508,1
1507050403,22718580,0.06785000,0.50000000,1
1507050365,22718536,0.06792297,0.49750000,0
1507050363,22718530,0.06770000,0.38458742,1
1507050363,22718529,0.06772300,0.50000000,1
1507050357,22718494,0.06772306,0.38350030,1
1507050356,22718493,0.06775000,0.50000000,1
1507050345,22718487,0.06772703,0.50000000,0
1507050344,22718486,0.06773500,0.50000000,1
1507050319,22718460,0.06775503,1.61429235,1
1507050307,22718450,0.06770011,0.44150000,1
1507050307,22718449,0.06774400,0.50000000,1
1507050307,22718448,0.06778300,0.50000000,1
1507050302,22718443,0.06778303,3.46095788,1
1507050294,22718439,0.06780500,0.50000000,1
1507050289,22718437,0.06780100,0.23619862,1
1507050289,22718436,0.06780100,0.26380138,1
1507050289,22718435,0.06781200,0.50000000,1
1507050136,22718366,0.06786503,2.95149100,1
1507049942,22718265,0.06792295,0.18194600,0
1507049940,22718264,0.06791200,0.50000000,0
1507049846,22718183,0.06779103,0.10749293,1
1507049840,22718179,0.06779100,0.12535920,1
1507049836,22718177,0.06779100,0.14617858,1
1507049793,22718143,0.06776703,0.38159791,1
1507049597,22717982,0.06792000,0.32500000,1
1507049472,22717888,0.06850000,57.43312881,1
1507049471,22717887,0.06849999,0.16261714,1
1507049471,22717886,0.06849999,0.81308570,1
1507049471,22717885,0.06836150,0.18000000,0
1507049470,22717884,0.06833123,0.20000000,0
1507049470,22717883,0.06828220,5.00000000,0
1507049470,22717882,0.06824916,6.31377349,0
1507049469,22717881,0.06824915,8.95764020,0
1507049469,22717880,0.06820976,143.68100000,0
1507049469,22717879,0.06820976,14.82006300,1
1507049469,22717878,0.06820976,3.03698500,1
1507049469,22717877,0.06820976,46.58772900,1
1507049469,22717876,0.06820976,3.42742000,1
1507049468,22717875,0.06820976,3.53852000,1
1507049468,22717874,0.06820976,11.32227200,1
1507049468,22717872,0.06820971,1.00380950,0
1507049467,22717871,0.06818540,0.20076190,0
1507049467,22717870,0.06803500,0.50000000,0
1507049467,22717869,0.06802726,7.20254258,1
1507049466,22717868,0.06802722,73.73700000,1
1507049465,22717864,0.06802722,11.88165168,0
1507049385,22717815,0.06799793,1.57000000,0
1507049346,22717788,0.06787180,0.55898897,1
1507049346,22717787,0.06787900,0.50000000,1
1507049269,22717745,0.06798269,0.41084238,0
1507049012,22717461,0.06795600,0.50000000,0
1507049012,22717460,0.06794400,0.50000000,0
1507048908,22717384,0.06793197,0.37043030,0
1507048845,22717265,0.06779700,0.50000000,1
1507048845,22717263,0.06785400,0.39461911,1
1507048812,22717219,0.06785415,13.20780789,0
1507048809,22717215,0.06799299,5.26416000,0
1507048809,22717214,0.06796500,0.50000000,0
1507048808,22717211,0.06789602,0.44040000,0
1507048803,22717196,0.06789600,0.17538453,1
1507048803,22717195,0.06789601,0.14961547,1
1507048797,22717188,0.06791301,0.44040000,1
1507048784,22717163,0.06795000,0.50000000,1
1507048783,22717162,0.06798736,0.18725240,1
1507048777,22717160,0.06798736,0.11082645,1
1507048624,22717066,0.06810900,0.50000000,0
1507048583,22717027,0.06810000,0.13797488,0
1507048462,22716883,0.06809200,0.14580400,0
1507048449,22716875,0.06807699,1.35241200,1
1507048449,22716873,0.06807200,0.50000000,0
1507048445,22716871,0.06807699,0.50000000,0
1507048444,22716870,0.06807699,5.26037600,0
1507048435,22716860,0.06810366,0.43741300,0
1507048368,22716821,0.06807596,1.50000000,0
1507048368,22716820,0.06807595,0.44020000,0
1507048366,22716819,0.06807100,0.50000000,0
1507048336,22716792,0.06794904,0.44020000,1
1507048336,22716791,0.06799500,0.50000000,1
1507048336,22716790,0.06803300,0.03910100,1
1507048267,22716757,0.06809797,1.00200400,0
1507048238,22716727,0.06808440,0.29880600,0
1507048040,22716576,0.06803300,0.28589900,1
1507047996,22716536,0.06803600,0.32500000,1
1507047988,22716530,0.06806000,0.50000000,1
1507047921,22716466,0.06803303,0.43694547,0
1507047918,22716465,0.06803303,0.87788854,0
1507047913,22716463,0.06803303,0.88021497,0
1507047910,22716461,0.06803303,0.43807500,0
1507047909,22716460,0.06803302,0.43980000,0
1507047909,22716459,0.06803303,0.87787300,0
1507047907,22716456,0.06803303,0.87787100,0
1507047893,22716453,0.06803300,0.67500000,1
1507047892,22716452,0.06804000,0.32500000,1
1507047846,22716427,0.06810000,0.50000000,1
1507047801,22716369,0.06811100,0.50000000,1
1507047796,22716364,0.06809200,0.43980000,1
1507047791,22716358,0.06809200,0.06020000,1
1507047791,22716357,0.06809201,0.43980000,1
1507047783,22716350,0.06811600,0.50000000,0
1507047780,22716346,0.06811600,0.50000000,1
1507047317,22715860,0.06810012,3.38000000,1
1507047306,22715852,0.06810000,3.17001200,0
1507047301,22715836,0.06810000,0.22698800,0
1507047241,22715777,0.06819395,0.32169100,0
1507047035,22715551,0.06808800,0.50000000,0
1507047013,22715533,0.06806600,0.05800000,0
1507047011,22715530,0.06805999,0.43950000,0
1507046997,22715510,0.06804600,0.46319798,0
1507046937,22715462,0.06801576,0.71215150,0
1507046936,22715460,0.06798500,0.50000000,0
1507046934,22715455,0.06801577,0.43950000,0
1507046932,22715453,0.06801577,4.95010581,1
1507046932,22715451,0.06801577,3.31803983,1
1507046930,22715449,0.06801577,14.23292436,1
1507046930,22715446,0.06798200,0.50000000,0
1507046930,22715445,0.06796200,0.50000000,0
1507046917,22715423,0.06792200,7.18042899,0
1507046917,22715422,0.06792200,0.49410513,1
1507046906,22715409,0.06792206,11.66674188,1
1507046774,22715244,0.06805600,0.31243153,1
1507046664,22715123,0.06801048,1.37594100,1
1507046581,22715052,0.06814900,0.30337600,0
1507046521,22714994,0.06815500,0.41935000,0
1507046447,22714916,0.06810500,0.50000000,0
1507046447,22714914,0.06810000,2.36660700,0
1507046413,22714890,0.06809999,0.10000000,0
1507046410,22714877,0.06810000,0.09713000,0
1507046400,22714860,0.06809999,0.17026566,0
1507046280,22714655,0.06809999,0.16060000,0
1507046280,22714653,0.06809999,0.43940000,0
1507046273,22714642,0.06810000,1.28226300,0
1507046206,22714599,0.06807822,0.11621273,1
1507046201,22714593,0.06807825,0.13540927,1
1507046178,22714573,0.06807807,0.15785464,1
1507046173,22714567,0.06807800,0.18413916,1
1507046168,22714562,0.06806034,0.21473392,1
1507046165,22714558,0.06827238,2.30000000,0
1507046164,22714557,0.06820100,0.30000000,0
1507046163,22714555,0.06806032,0.25047372,1
1507046161,22714552,0.06820100,0.20000000,0
1507046158,22714547,0.06806029,0.29197329,1
1507046153,22714546,0.06806026,0.34041407,1
1507046147,22714541,0.06806023,0.39697757,1
1507046142,22714536,0.06806016,0.46299309,1
1507046137,22714530,0.06806008,0.32500000,1
1507046131,22714527,0.06805455,0.50000000,1
1507046125,22714525,0.06807500,0.33086566,1
1507046120,22714523,0.06807500,0.16913434,1
1507046120,22714522,0.06807501,0.33086566,1
1507046115,22714516,0.06805447,0.50000000,1
1507046112,22714515,0.06827259,1.92650681,1
1507046112,22714514,0.06827257,2.02291973,1
1507046110,22714513,0.06819600,0.50000000,0
1507046110,22714512,0.06805442,0.50000000,1
1507046104,22714508,0.06805439,0.50000000,1
1507046097,22714496,0.06805439,0.50000000,1
1507046086,22714485,0.06805432,0.50000000,1
1507046081,22714481,0.06807500,0.50000000,1
1507046076,22714480,0.06805428,0.50000000,1
1507046072,22714479,0.06808900,0.50000000,1
1507046067,22714477,0.06805423,0.50000000,1
1507046062,22714470,0.06810700,0.50000000,1
1507046056,22714461,0.06805419,0.50000000,1
1507046051,22714456,0.06812700,0.50000000,1
1507046046,22714450,0.06813600,0.44401500,1
1507046042,22714445,0.06813600,0.05598500,1
1507046042,22714444,0.06824400,0.44401500,1
1507046041,22714443,0.06824400,0.05598500,0
1507046037,22714435,0.06809400,0.50000000,1
1507046031,22714431,0.06814401,0.43940000,1
1507045981,22714391,0.06824400,0.19401500,0
1507045572,22714118,0.06821900,0.40264719,0
1507045571,22714117,0.06819900,0.50000000,0
1507045571,22714116,0.06818299,0.09735281,0
1507045546,22714100,0.06818700,0.50000000,0
1507045545,22714099,0.06813500,0.50000000,0
1507045290,22713978,0.06803807,0.11180957,1
1507045176,22713949,0.06796880,4.40264719,1
1507045176,22713948,0.06804801,0.09735281,1
1507045176,22713947,0.06805500,0.50000000,1
1507045151,22713943,0.06804805,0.39478000,1
1507044943,22713616,0.06802400,0.06502200,1
1507044943,22713615,0.06802500,0.50000000,1
1507044930,22713611,0.06803300,0.50000000,0
1507044927,22713610,0.06822999,0.49413388,0
1507044926,22713607,0.06822299,0.43970000,0
1507044917,22713596,0.06806900,0.50000000,1
1507044905,22713582,0.06806501,0.43970000,1
1507044555,22713401,0.06813700,0.17867500,1
1507044440,22713315,0.06815000,0.03165338,0
1507044395,22713307,0.06815000,0.50000000,0
1507044394,22713306,0.06815000,5.77305100,0
1507044389,22713302,0.06815000,0.17199800,0
1507044301,22713262,0.06815000,1.01500000,0
1507044287,22713258,0.06815000,1.70888300,0
1507044266,22713251,0.06815000,0.20000000,0
1507044247,22713200,0.06815000,0.10695800,0
1507044212,22713192,0.06815000,0.49245662,0
1507044212,22713191,0.06812967,0.39461911,0
1507044212,22713190,0.06812000,0.11292427,0
1507043764,22713002,0.06809000,0.21207573,1
1507043762,22712998,0.06804899,0.28792427,0
1507043694,22712959,0.06806864,0.73762573,0
1507043644,22712921,0.06806879,0.20000000,0
1507043640,22712920,0.06806880,0.20000000,0
1507043454,22712767,0.06806887,1.59379778,0
1507043365,22712706,0.06803000,0.46080900,0
1507043357,22712700,0.06801896,1.00000000,0
1507043100,22712543,0.06799300,0.30093600,0
1507043100,22712542,0.06795300,0.50000000,0
1507043087,22712539,0.06797700,0.50000000,0
1507043031,22712526,0.06790174,0.20000000,1
1507043031,22712525,0.06793900,0.50000000,1
1507042957,22712481,0.06813087,29.46000000,0
1507042955,22712480,0.06807800,0.50000000,0
1507042896,22712458,0.06806100,0.50000000,0
1507042893,22712456,0.06806097,0.50000000,0
1507042858,22712435,0.06797000,0.17241254,1
1507042858,22712434,0.06797001,0.10668211,1
1507042818,22712394,0.06799999,0.08316300,0
1507042745,22712311,0.06799999,1.14288100,0
1507042737,22712297,0.06777699,3.00490794,0
1507042736,22712295,0.06797900,0.50000000,1
1507042736,22712294,0.06797900,0.08316300,0
1507042736,22712293,0.06798000,1.19302239,1
1507042734,22712292,0.06798001,0.42531667,1
1507042734,22712291,0.06799999,3.27748400,0
1507042731,22712289,0.06799999,0.07394300,0
1507042730,22712287,0.06799999,1.01296600,0
1507042728,22712284,0.06799999,0.13913500,0
1507042718,22712272,0.06799999,1.39109200,0
1507042707,22712262,0.06799986,0.67000000,0
1507042707,22712261,0.06799983,5.72957164,0
1507042602,22712188,0.06799985,1.02684682,0
1507042555,22712160,0.06798000,1.18961667,1
1507042382,22712075,0.06799740,0.30000000,0
1507042133,22711959,0.06799996,3.42677319,0
1507042110,22711955,0.06790000,0.50000000,1
1507042109,22711954,0.06792000,0.32500000,1
1507042109,22711953,0.06795300,0.50000000,1
1507041988,22711842,0.06807171,0.17762136,0
1507041899,22711813,0.06793900,0.19755200,1
1507041760,22711766,0.06795219,0.20000000,0
1507041659,22711673,0.06780700,0.50000000,0
1507041656,22711669,0.06784697,0.49999999,0
1507041656,22711668,0.06775900,0.00000001,0
1507041642,22711654,0.06775900,0.08614625,0
1507041641,22711652,0.06775200,0.32700000,1
1507041637,22711649,0.06778317,0.20000000,1
1507041631,22711639,0.06777000,2.86491900,1
1507041631,22711638,0.06779213,0.20000000,1
1507041621,22711631,0.06777664,0.39461911,1
1507041621,22711629,0.06778117,0.20000000,1
1507041620,22711624,0.06778150,2.95953800,1
1507041618,22711620,0.06784300,0.50000000,1
1507041555,22711549,0.06780600,0.50000000,1
1507041555,22711548,0.06781300,0.50000000,1
1507041553,22711541,0.06783614,11.16081300,1
1507041550,22711535,0.06801397,0.39008409,1
1507041549,22711534,0.06801397,9.60991591,0
1507041530,22711497,0.06785013,8.32296500,1
1507041496,22711483,0.06790400,0.50000000,1
1507041486,22711473,0.06791400,0.50000000,1
1507041446,22711427,0.06798100,0.50000000,1
1507041305,22711298,0.06809000,2.41000000,1
1507041304,22711294,0.06809000,0.09000000,0
1507041300,22711289,0.06809000,0.41000000,0
1507041153,22711238,0.06798900,0.50000000,1
1507041153,22711237,0.06802000,0.50000000,1
1507041122,22711201,0.06813800,0.20000000,0
1507041063,22711139,0.06800400,0.50000000,1
1507041055,22711124,0.06804400,0.50000000,1
1507040640,22710767,0.06811498,1.00000000,0
1507040610,22710755,0.06811498,29.50000000,1
1507040608,22710753,0.06809200,0.50000000,0
1507040485,22710676,0.06809100,0.43948804,0
1507040464,22710663,0.06811899,2.50000000,0
1507040462,22710662,0.06804500,0.50000000,0
1507040431,22710624,0.06807200,0.17000000,0
1507040184,22710424,0.06816000,0.37933600,0
1507040162,22710401,0.06817100,0.50000000,1
1507040075,22710351,0.06816800,0.15832892,0
1507040033,22710300,0.06819296,0.06261775,0
1507040033,22710299,0.06819294,0.43810000,0
1507040031,22710298,0.06816800,0.50000000,0
1507039860,22710187,0.06814089,0.73194392,0
1507039689,22710017,0.06793624,3.23630000,1
1507039689,22710016,0.06801100,0.50000000,1
1507039689,22710015,0.06802000,0.50000000,1
1507039689,22710014,0.06807000,0.32700000,1
1507039674,22709985,0.06825988,0.30148436,0
1507039666,22709968,0.06807400,0.50000000,1
1507039656,22709949,0.06812303,2.32037919,1
1507039645,22709927,0.06843000,3.00000000,0
1507039645,22709925,0.06831400,0.50000000,0
1507039645,22709924,0.06830700,0.50000000,0
1507039634,22709911,0.06829200,0.50000000,0
1507039634,22709910,0.06826835,0.35340156,0
1507039633,22709906,0.06829100,1.06334780,1
1507039633,22709905,0.06829100,0.50000000,1
1507039632,22709903,0.06829100,3.88100643,1
1507039632,22709902,0.06829100,1.21899357,1
1507039631,22709901,0.06829000,0.57024994,0
1507039631,22709900,0.06828000,0.32600000,0
1507039623,22709889,0.06813400,0.12548000,1
1507039623,22709888,0.06818001,0.43810000,1
1507039620,22709884,0.06823669,1.37217089,0
1507039615,22709879,0.06823998,0.97212568,0
1507039615,22709878,0.06823100,0.50000000,0
1507039609,22709877,0.06813600,0.50000000,0
1507039598,22709868,0.06790152,48.72420897,0
1507039598,22709865,0.06798600,0.50000000,0
1507039598,22709862,0.06799200,0.50000000,1
1507039596,22709859,0.06800312,0.27579103,1
1507039549,22709824,0.06804700,0.17400014,1
1507039549,22709823,0.06805000,0.50000000,1
1507039549,22709822,0.06806492,1.09637986,1
1507039549,22709821,0.06807000,0.32600000,1
1507039538,22709813,0.06808007,5.00000000,1
1507039419,22709668,0.06810800,0.24101200,1
1507039083,22709303,0.06821400,0.32487100,0
1507038902,22709143,0.06828600,0.20000000,0
1507038483,22708873,0.06826900,0.46546089,1
1507038483,22708872,0.06824123,0.39461911,0
1507038481,22708871,0.06824085,0.43940000,0
1507038154,22708578,0.06823000,0.32500000,0
1507037900,22708295,0.06808200,0.97213728,0
1507037899,22708294,0.06808208,0.43940000,1
1507037899,22708293,0.06810800,0.50000000,1
1507037897,22708291,0.06816713,0.08846272,1
1507037673,22708099,0.06824197,5.45606420,1
1507037671,22708097,0.06817000,0.42683688,0
1507037671,22708095,0.06816999,0.43959992,0
1507037666,22708085,0.06817000,0.07316312,0
1507037364,22707706,0.06802518,0.43959992,1
1507037364,22707704,0.06806700,0.50000000,1
1507037364,22707703,0.06810000,0.13962508,1
1507037153,22707545,0.06815100,0.50000000,0
1507037152,22707544,0.06814900,0.50000000,0
1507037021,22707430,0.06800423,0.10000000,1
1507036942,22707388,0.06808000,0.50000000,1
1507036884,22707334,0.06813400,0.12103552,1
1507036698,22707172,0.06814600,0.50000000,1
1507036592,22707117,0.06820799,0.50000000,1
1507036589,22707116,0.06818100,0.50000000,0
1507036589,22707115,0.06818099,0.49527356,0
1507036565,22707095,0.06819993,3.87381698,0
1507036564,22707093,0.06815100,0.50000000,0
1507036553,22707072,0.06815000,1.00000000,0
1507036505,22706995,0.06809277,0.10580037,0
1507036461,22706934,0.06809324,3.20421675,0
1507036408,22706885,0.06809408,5.00000000,0
1507036215,22706644,0.06803200,0.53553700,0
1507036191,22706617,0.06802100,0.20413983,1
1507036093,22706446,0.06820688,20.90209000,0
1507036093,22706444,0.06819400,0.50000000,0
1507036070,22706360,0.06806000,0.32500000,1
1507036070,22706358,0.06807300,0.50000000,1
1507035998,22706259,0.06819800,0.20000000,0
1507035932,22706142,0.06808000,0.14254726,0
1507035901,22706068,0.06814500,0.50000000,1
1507035896,22706062,0.06822000,1.56000000,1
1507035895,22706060,0.06822000,2.04000000,1
1507035835,22705855,0.06822993,1.37075791,0
1507035811,22705827,0.06824176,0.10000000,0
1507035795,22705797,0.06817589,1.16541558,1
1507035795,22705796,0.06817589,1.04948742,1
1507035782,22705779,0.06829921,3.15459871,0
1507035781,22705778,0.06824200,0.50000000,0
1507035665,22705698,0.06826000,0.50000000,1
1507035655,22705692,0.06827000,0.50000000,1
1507035370,22705063,0.06816000,0.50000000,1
1507035241,22704966,0.06814200,3.07740000,1
1507035241,22704965,0.06814200,0.50000000,0
1507034894,22704773,0.06807400,0.50000000,1
1507034894,22704772,0.06807900,0.50000000,1
1507034460,22704544,0.06824648,0.48590300,0
1507034458,22704542,0.06810000,0.08021668,0
1507034402,22704495,0.06817600,0.50000000,0
1507034401,22704494,0.06817100,0.50000000,0
1507034373,22704478,0.06811700,0.48000000,0
1507034217,22704351,0.06793012,1.00000000,0
1507034217,22704350,0.06810600,0.50000000,1
1507034215,22704349,0.06811700,0.50000000,1
1507034200,22704334,0.06813900,0.31201500,1
1507034200,22704333,0.06814800,0.50000000,1
1507034200,22704332,0.06825123,0.27600000,1
1507034140,22704259,0.06815900,0.50000000,0
1507034139,22704258,0.06815900,0.50000000,1
1507033997,22704152,0.06836999,1.50000000,1
1507033992,22704151,0.06835700,0.50000000,1
1507033937,22704128,0.06834000,0.18245274,0
1507033923,22704120,0.06831960,0.32161800,0
1507033860,22704093,0.06832051,0.62000000,0
1507033800,22704054,0.06832149,3.00000000,0
1507033620,22703969,0.06832393,0.80458000,0
1507033535,22703922,0.06828199,8.52788868,1
1507033534,22703921,0.06828100,0.50000000,0
1507033534,22703915,0.06825239,0.43870000,0
1507033326,22703812,0.06825300,0.11957100,0
1507033320,22703780,0.06825393,0.32117500,0
1507033208,22703723,0.06814200,0.17500000,1
1507033208,22703722,0.06814600,0.50000000,1
1507033208,22703721,0.06817000,0.32500000,1
1507033175,22703710,0.06818200,0.50000000,1
1507033141,22703695,0.06834071,2.50000000,0
1507032902,22703523,0.06834393,1.00000000,0
1507032701,22703422,0.06817000,0.06130000,1
1507032700,22703421,0.06817901,0.43870000,1
1507032695,22703378,0.06849996,11.87159364,1
1507032695,22703377,0.06837572,0.65244153,0
1507032628,22703354,0.06821500,0.50000000,1
1507032423,22703188,0.06827600,0.50000000,1
1507032423,22703187,0.06828201,0.32521067,1
1507032394,22703169,0.06840456,0.27684000,0
1507032389,22703165,0.06840457,2.84203133,0
1507032339,22703101,0.06821000,9.12885314,0
1507032338,22703096,0.06821579,0.60407086,1
1507032338,22703095,0.06830000,0.14272503,0
1507032336,22703093,0.06821000,0.50000000,1
1507032336,22703092,0.06821700,0.50000000,1
1507032302,22703063,0.06839384,0.72773600,1
1507032300,22703062,0.06830000,0.27226400,0
1507032180,22703000,0.06830000,0.22773600,0
1507032074,22702929,0.06829099,74.70000000,0
1507032074,22702928,0.06826000,3.00000000,0
1507032072,22702926,0.06829099,1.00000000,0
1507032069,22702919,0.06829999,70.90600000,1
1507032069,22702918,0.06829999,0.50000000,1
1507032065,22702913,0.06829999,3.00000000,1
1507032065,22702909,0.06829998,0.38380800,1
1507032064,22702907,0.06829998,0.11749976,1
1507032063,22702906,0.06829998,0.27610827,1
1507032061,22702902,0.06829998,0.50000000,1
1507032060,22702901,0.06829000,0.90000000,0
1507032060,22702900,0.06827904,66.56906141,0
1507032060,22702899,0.06829998,10.13093859,1
1507032059,22702897,0.06829997,0.13860041,0
1507032058,22702895,0.06823300,0.50000000,0
1507032058,22702894,0.06821900,0.50000000,0
1507032053,22702885,0.06816000,1.00000000,0
1507032047,22702871,0.06817773,8.74487600,0
1507032042,22702856,0.06812100,0.50000000,0
1507032042,22702855,0.06810000,1.00000000,0
1507032036,22702848,0.06803200,0.50000000,0
1507032034,22702841,0.06795700,0.50000000,0
1507032028,22702831,0.06802699,2.62604712,0
1507032028,22702830,0.06800000,0.15834912,0
1507032027,22702829,0.06795400,0.50000000,0
1507031229,22702342,0.06777000,0.56508100,1
1507031143,22702294,0.06793357,0.12134000,0
1507031009,22702158,0.06781000,0.50000000,1
1507031009,22702157,0.06781300,0.50000000,1
1507030621,22701932,0.06796389,0.20000000,0
1507030574,22701906,0.06781900,0.50000000,1
1507030555,22701895,0.06784900,0.50000000,1
1507030555,22701893,0.06787800,0.50000000,1
1507030440,22701811,0.06799745,0.20000000,0
1507030335,22701749,0.06798000,1.31881283,1
1507030174,22701516,0.06797929,0.27586464,0
1507030148,22701509,0.06797976,0.17285000,0
1507030128,22701504,0.06799000,3.12988969,1
1507029961,22701434,0.06799672,2.00000000,0
1507029565,22701178,0.06780218,0.40839759,1
1507029535,22701170,0.06781003,2.00000000,1
1507029469,22701149,0.06790297,0.01888200,0
1507029469,22701148,0.06788000,0.50000000,0
1507029461,22701144,0.06786900,0.50000000,0
1507029356,22701086,0.06776100,0.49999888,0
1507029177,22700880,0.06760806,3.10935000,1
1507029167,22700873,0.06760807,2.79303789,1
1507029069,22700757,0.06771400,0.50000000,0
1507028980,22700701,0.06765700,0.25258533,0
1507028979,22700700,0.06762800,0.50000000,0
1507028979,22700699,0.06762501,0.24741467,0
1507028975,22700693,0.06762501,2.19168000,0
1507028971,22700689,0.06759900,0.24741476,0
1507028926,22700644,0.06759885,0.77191700,0
1507028921,22700640,0.06759885,0.27695063,0
1507028889,22700613,0.06755871,2.31040009,0
1507028889,22700612,0.06755871,2.72551191,0
1507028883,22700600,0.06755871,0.31541300,0
1507028868,22700578,0.06755871,0.27711518,0
1507028832,22700546,0.06755868,0.99902900,0
1507028813,22700490,0.06755872,0.50000000,0
1507028794,22700479,0.06755886,0.13534187,0
1507028794,22700478,0.06755881,0.26963913,0
1507028783,22700473,0.06755883,0.12351100,0
1507028563,22700343,0.06746600,0.26330100,1
1507028540,22700316,0.06739606,0.26963913,0
1507028540,22700315,0.06741800,0.50000000,1
1507028540,22700314,0.06746500,0.50000000,1
1507028427,22700211,0.06756177,1.03350504,1
1507028360,22700033,0.06748100,0.50000000,1
1507028340,22699977,0.06757996,0.19548600,0
1507028027,22699818,0.06755000,0.22807714,0
1507028027,22699816,0.06750000,0.03713000,0
1507027921,22699764,0.06750000,0.16287000,1
1507027666,22699550,0.06759000,1.00000000,0
1507027477,22699298,0.06745300,0.02793000,0
1507027477,22699297,0.06743900,0.50000000,0
1507027062,22698944,0.06728200,0.50000000,0
1507027062,22698943,0.06726800,0.50000000,0
1507026682,22698653,0.06718258,1.30370600,1
1507026671,22698635,0.06718258,2.56258800,1
1507026665,22698631,0.06718258,1.30370600,1
1507026660,22698615,0.06718258,1.83000000,1
1507026657,22698611,0.06718258,1.00000000,1
1507026655,22698608,0.06718261,7.00000000,1
1507026649,22698604,0.06712500,0.50000000,1
1507026649,22698603,0.06713100,0.50000000,1
1507026638,22698584,0.06716000,0.50000000,1
1507026638,22698583,0.06718262,0.10176234,1
1507026574,22698535,0.06718254,3.72397000,1
1507026352,22698413,0.06715948,0.12000000,1
1507026352,22698412,0.06722200,0.50000000,1
1507026352,22698411,0.06724300,0.50000000,1
1507025920,22698082,0.06731156,0.50043200,1
1507025620,22697871,0.06740208,2.67519648,1
1507025620,22697870,0.06740208,0.28480352,1
1507025174,22697378,0.06758999,1.00000000,0
1507025173,22697376,0.06751400,0.50000000,0
1507025173,22697375,0.06750200,0.50000000,0
1507025170,22697364,0.06746991,62.29577600,0
1507025170,22697363,0.06746991,7.53785300,0
1507025170,22697361,0.06746900,0.50000000,0
1507025159,22697313,0.06746991,52.11773700,0
1507025158,22697312,0.06746600,0.50000000,0
1507025156,22697306,0.06746991,8.13998206,0
1507025156,22697305,0.06746990,2.15425694,0
1507025156,22697303,0.06746100,0.50000000,0
1507025156,22697300,0.06744000,0.50000000,0
1507025154,22697290,0.06743997,13.05275630,0
1507025153,22697289,0.06743000,0.32900000,0
1507025043,22697110,0.06734000,0.28042473,1
1507024863,22696846,0.06754194,5.05106551,1
1507024862,22696845,0.06741300,0.50000000,1
1507024862,22696843,0.06739094,0.94893449,0
1507024860,22696841,0.06737000,0.50000000,0
1507024502,22696624,0.06736779,0.46273800,1
1507024501,22696623,0.06734194,0.44440000,1
1507024441,22696597,0.06734220,0.25219300,0
1507024332,22696529,0.06734365,0.35147678,0
1507024149,22696390,0.06722500,0.50000000,1
1507024149,22696389,0.06722945,0.36994884,1
1507024149,22696388,0.06723000,0.32900000,1
1507023992,22696240,0.06736693,0.11376000,0
1507023975,22696219,0.06720363,0.73789600,1
1507023975,22696218,0.06721100,0.50000000,1
1507023850,22695930,0.06730801,0.94890600,1
1507023835,22695926,0.06731500,0.50000000,1
1507023792,22695914,0.06732603,1.92501800,1
1507023792,22695913,0.06736600,0.50000000,1
1507023647,22695854,0.06735500,0.16202200,1
1507023647,22695853,0.06735501,0.44440000,1
1507023423,22695714,0.06743955,0.48588833,1
1507023423,22695713,0.06741000,0.50000000,0
1507023422,22695712,0.06737600,0.01411167,0
1507023300,22695642,0.06737600,2.56680800,0
1507023279,22695623,0.06737483,3.28995300,0
1507022950,22695270,0.06743873,0.08140714,0
1507022913,22695230,0.06743397,1.65216092,0
1507022850,22695155,0.06732700,0.07700000,1
1507022783,22695117,0.06739650,1.00000000,1
1507022771,22695107,0.06739650,2.00000000,1
1507022696,22695022,0.06739600,0.08945458,1
1507022694,22695021,0.06738000,0.08945458,1
1507022628,22694921,0.06741202,0.20000000,1
1507022624,22694916,0.06741197,0.16000000,0
1507022619,22694914,0.06741198,0.19145000,0
1507022587,22694892,0.06732748,0.42309500,1
1507022582,22694884,0.06741257,0.50000000,0
1507022580,22694882,0.06740600,0.50000000,0
1507022373,22694715,0.06732747,1.00561700,0
1507022294,22694685,0.06718503,5.95355500,1
1507022163,22694527,0.06732184,0.11000000,0
1507022102,22694504,0.06732435,4.85338000,0
1507022040,22694447,0.06732542,3.00000000,0
1507021801,22694186,0.06718301,1.00000000,1
1507021778,22694176,0.06733700,0.30000000,0
1507021636,22694122,0.06719300,0.50000000,1
1507021636,22694121,0.06721600,0.50000000,1
1507021636,22694120,0.06733000,0.40195670,1
1507020792,22693722,0.06728200,0.20000000,0
1507020702,22693657,0.06725200,0.50000000,0
1507020686,22693649,0.06725200,0.50000000,0
1507020485,22693550,0.06728845,1.45177600,1
1507020217,22693228,0.06730300,0.23410300,0
1507020207,22693222,0.06730500,0.40773000,0
1507020197,22693210,0.06730300,0.50000000,0
1507020187,22693202,0.06732400,0.20668771,0
1507020185,22693198,0.06732000,0.32000000,1
1507020178,22693189,0.06732000,0.68000000,1
1507020176,22693185,0.06734200,0.50000000,0
1507020139,22693145,0.06737601,0.35023674,0
1507020139,22693144,0.06732148,0.14976326,0
1507020135,22693138,0.06732149,0.70058614,0
1507020130,22693126,0.06735700,0.50000000,1
1507020126,22693116,0.06737611,0.87397893,1
1507020085,22693085,0.06745399,0.29423674,0
1507020074,22693069,0.06735712,0.14807729,0
1507020073,22693066,0.06735712,0.17833197,0
1507020072,22693063,0.06735712,1.74294211,1
1507020072,22693062,0.06736100,0.40250789,1
1507020072,22693061,0.06736110,0.44400000,1
1507020071,22693058,0.06736109,0.40492800,1
1507020071,22693056,0.06756088,0.48820922,0
1507020071,22693055,0.06739405,0.01134557,0
1507020068,22693046,0.06739000,0.59658779,1
1507020064,22693031,0.06739405,0.26696531,0
1507020061,22693021,0.06739405,0.50000000,0
1507020057,22693014,0.06741400,0.50000000,1
1507020057,22693012,0.06741654,0.11238446,1
1507019872,22692826,0.06735120,1.00000000,1
1507019872,22692825,0.06742300,0.50000000,1
1507019872,22692824,0.06745800,0.23015383,1
1507019605,22692634,0.06750874,0.20000000,0
1507019220,22692300,0.06750000,1.00000000,0
1507019201,22692291,0.06758494,0.16867000,0
1507018999,22692166,0.06759685,0.20000000,0
1507018951,22692097,0.06752100,0.49777400,1
1507018951,22692096,0.06753600,0.50000000,1
1507018913,22692053,0.06768968,0.20000000,0
1507018895,22692041,0.06768981,0.20000000,0
1507018873,22692016,0.06761400,0.50000000,1
1507018872,22692014,0.06762900,0.50000000,1
1507018583,22691868,0.06777096,0.20000000,0
1507018571,22691861,0.06777118,0.20000000,0
1507018536,22691819,0.06777159,0.37997300,0
1507018534,22691812,0.06777160,0.50000000,0
1507018532,22691806,0.06777161,0.50000000,0
1507018531,22691805,0.06777161,0.50000000,0
1507018528,22691804,0.06777162,0.50000000,0
1507018526,22691802,0.06777164,0.50000000,0
1507018523,22691796,0.06777165,0.50000000,0
1507018521,22691792,0.06777171,0.50000000,0
1507018518,22691789,0.06777172,0.50000000,0
1507018511,22691777,0.06783848,0.07705489,1
1507018510,22691776,0.06778987,0.42294511,0
1507018508,22691771,0.06783849,0.46951657,1
1507018508,22691769,0.06777200,0.03048343,0
1507018505,22691749,0.06777183,0.20000000,0
1507018505,22691746,0.06776400,0.30000000,0
1507018503,22691718,0.06776400,0.20000000,0
1507018501,22691706,0.06777185,0.50000000,0
1507018498,22691703,0.06777182,0.50000000,0
1507018497,22691702,0.06777185,0.50000000,0
1507018495,22691700,0.06760000,1.00000000,1
1507018495,22691699,0.06764300,0.14440300,1
1507018495,22691698,0.06777185,0.50000000,0
1507018494,22691696,0.06764300,0.35559700,1
1507018492,22691695,0.06777200,0.50000000,0
1507018490,22691693,0.06777186,0.50000000,0
1507018488,22691688,0.06777187,0.50000000,0
1507018486,22691687,0.06777200,0.42807000,0
1507018484,22691676,0.06777187,0.50000000,0
1507018482,22691669,0.06771400,0.50000000,0
1507018421,22691542,0.06775000,0.50000000,1
1507018421,22691541,0.06777200,0.50000000,1
1507018260,22691428,0.06788500,0.12687000,0
1507018121,22691314,0.06785700,0.14121999,0
1507018114,22691306,0.06778900,0.50000000,0
1507018111,22691305,0.06778899,0.50000000,0
1507018103,22691303,0.06775700,0.50000000,0
1507018093,22691295,0.06780000,0.40000000,0
1507018086,22691287,0.06780000,0.10000000,1
1507018074,22691265,0.06780112,4.51640900,0
1507018073,22691263,0.06780124,15.29600000,1
1507018073,22691260,0.06780128,6.10387100,1
1507017963,22691184,0.06788800,0.20000000,0
1507017938,22691154,0.06781838,0.60000000,1
1507017800,22691028,0.06798800,0.20000000,0
1507017775,22691009,0.06804395,1.14234400,0
1507017775,22691008,0.06802500,0.50000000,0
1507017775,22691007,0.06801694,0.43800000,0
1507017775,22691006,0.06800000,0.50000000,0
1507017770,22691002,0.06799997,0.20000000,0
1507017748,22690991,0.06801895,11.73404600,1
1507017747,22690990,0.06801895,0.50000000,1
1507017679,22690919,0.06803796,0.20000000,0
1507017676,22690916,0.06803792,0.20000000,0
1507017671,22690909,0.06803800,0.20000000,0
1507017665,22690900,0.06795000,0.50000000,1
1507017665,22690899,0.06795000,0.50000000,1
1507017644,22690874,0.06811842,5.70387100,1
1507017643,22690870,0.06811842,17.27400100,1
1507017630,22690853,0.06811842,23.20873000,1
1507017622,22690843,0.06811842,23.97787200,1
1507017597,22690794,0.06811842,0.30401700,1
1507017590,22690793,0.06811842,0.09454400,1
1507017587,22690789,0.06811842,0.51777700,1
1507017560,22690773,0.06811842,3.51593000,1
1507017512,22690747,0.06811842,0.79791100,1
1507017475,22690731,0.06811842,0.59421700,1
1507017474,22690730,0.06811842,0.59421600,1
1507017452,22690728,0.06811842,0.59246200,1
1507017371,22690670,0.06811843,1.67637600,0
1507017360,22690653,0.06811843,0.07979000,1
1507017334,22690630,0.06811843,4.35629800,1
1507017324,22690618,0.06811843,5.98372100,1
1507017319,22690614,0.06811843,3.88791800,1
1507017319,22690613,0.06811844,0.43800000,1
1507017312,22690606,0.06811841,0.43800000,0
1507017306,22690600,0.06811841,1.00000000,1
1507017306,22690598,0.06811842,11.84353095,0
1507017305,22690596,0.06811905,2.23293202,1
1507017304,22690590,0.06811908,2.71303967,1
1507017304,22690588,0.06811910,0.43800000,1
1507017303,22690587,0.06811914,13.61064568,1
1507016933,22690354,0.06829400,8.26695032,1
1507016933,22690353,0.06829400,0.50000000,0
1507016933,22690352,0.06829399,0.16250000,0
1507016742,22690241,0.06824998,0.07500000,0
1507016742,22690240,0.06824000,0.12500000,0
1507016735,22690236,0.06824999,0.20000000,0
1507016715,22690217,0.06826000,0.20000000,0
1507016473,22689988,0.06818900,0.50000000,1
1507016472,22689987,0.06819100,0.50000000,1
1507016472,22689986,0.06823000,0.38364200,1
1507015569,22689398,0.06828400,0.12594700,1
1507015563,22689389,0.06832200,0.50000000,1
1507015562,22689387,0.06832600,0.50000000,1
1507015561,22689384,0.06849629,0.39998500,0
1507015555,22689382,0.06832601,0.09585908,1
1507015473,22689289,0.06849751,0.26546871,0
1507015233,22689135,0.06850093,0.20000000,0
1507015162,22689070,0.06840000,2.64714308,1
1507015162,22689069,0.06840008,0.21190395,1
1507015162,22689068,0.06840008,0.41031491,1
1507015162,22689067,0.06840009,3.31804009,1
1507015161,22689066,0.06840013,0.43750000,1
1507015160,22689065,0.06840016,0.29097800,1
1507015127,22689036,0.06840004,3.76968300,1
1507015121,22689033,0.06840000,0.19335991,1
1507015121,22689032,0.06841000,0.09756009,1
1507015120,22689029,0.06841000,0.22743991,1
1507014729,22688492,0.06848200,0.16720000,1
1507014727,22688491,0.06847754,0.50929700,1
1507014720,22688483,0.06851800,0.50000000,1
1507014550,22688286,0.06870000,1.00000000,0
1507014550,22688285,0.06869995,3.24473586,0
1507014550,22688284,0.06850092,0.08722200,0
1507014550,22688282,0.06849000,0.32400000,0
1507014549,22688281,0.06847400,0.50000000,0
1507014549,22688280,0.06846400,0.50000000,0
1507014545,22688254,0.06830110,0.28405000,1
1507014543,22688235,0.06830104,11.81186429,0
1507014537,22688198,0.06831100,0.44134851,1
1507014535,22688183,0.06831100,0.05865149,1
1507014534,22688182,0.06833700,0.50000000,1
1507014530,22688144,0.06834516,0.09207255,1
1507014526,22688108,0.06834518,8.26901874,1
1507014054,22687753,0.06846997,12.85804383,1
1507013993,22687704,0.06836200,1.32167887,0
1507013974,22687675,0.06836200,1.68395000,0
1507013925,22687659,0.06836200,0.50000000,1
1507013924,22687658,0.06835700,0.50000000,1
1507013924,22687657,0.06839600,6.65296100,1
1507013888,22687647,0.06839600,0.39841900,1
1507013877,22687644,0.06839601,0.08722200,1
1507013859,22687631,0.06841607,1.88581800,1
1507013545,22687474,0.06853982,2.76069853,0
1507013521,22687446,0.06839600,0.12862000,1
1507013401,22687374,0.06847455,0.30000000,0
1507013181,22687273,0.06839600,0.50000000,0
1507012872,22687039,0.06823000,0.11998000,1
1507012822,22686961,0.06823001,0.89571900,1
1507012609,22686783,0.06823000,0.39637800,1
1507012542,22686729,0.06842500,0.07960000,0
1507012521,22686715,0.06825013,1.73111523,1
1507012521,22686714,0.06830400,0.50000000,1
1507012521,22686713,0.06831000,0.32400000,1
1507012521,22686712,0.06831003,9.77150477,1
1507012491,22686672,0.06838600,0.50000000,1
1507012326,22686583,0.06853200,0.50000000,1
1507012232,22686541,0.06868417,0.56771640,1
1507012230,22686540,0.06856800,0.50000000,0
1507012107,22686470,0.06842500,1.00000000,1
1507012079,22686458,0.06844500,0.26919375,1
1507012063,22686438,0.06846600,0.48463900,1
1507012059,22686434,0.06842517,0.18243300,1
1507012052,22686431,0.06862692,0.72676014,0
1507011987,22686399,0.06843006,0.50000000,1
1507011987,22686397,0.06847600,0.50000000,1
1507011956,22686378,0.06840603,0.08300706,1
1507011949,22686376,0.06859189,1.46459613,0
1507011941,22686375,0.06840706,0.47049533,1
1507011941,22686374,0.06850701,0.78170684,1
1507011924,22686360,0.06852500,0.50000000,0
1507011924,22686359,0.06845700,0.50000000,0
1507011888,22686329,0.06834900,0.37271800,1
1507011861,22686317,0.06843400,0.50000000,0
1507011858,22686316,0.06842900,0.50000000,0
1507011858,22686315,0.06839900,0.50000000,0
1507011821,22686301,0.06833400,0.50000000,1
1507011587,22686085,0.06852800,0.50000000,1
1507011530,22685993,0.06858500,0.20000000,1
1507011512,22685985,0.06872975,1.05800000,0
1507011273,22685670,0.06857461,1.45826568,1
1507011208,22685579,0.06857461,3.00024713,1
1507011208,22685577,0.06857460,0.14492020,0
1507011103,22685514,0.06841908,1.85507980,1
1507011103,22685513,0.06841908,0.14492020,1
1507010825,22685264,0.06848075,1.12000000,0
1507010801,22685250,0.06836787,0.20086000,1
1507010801,22685249,0.06849300,0.50000000,1
1507010796,22685240,0.06848100,0.20000000,1
1507010763,22685218,0.06861938,2.00000000,1
1507010761,22685217,0.06853700,0.50000000,0
1507010705,22685190,0.06877852,0.74400270,1
1507010705,22685189,0.06877852,0.20000000,1
1507010704,22685188,0.06868011,0.49948920,0
1507010704,22685187,0.06864881,0.20000000,0
1507010703,22685186,0.06863167,2.35650810,0
1507010703,22685185,0.06856700,0.50000000,0
1507010702,22685183,0.06847200,0.50000000,0
1507010407,22685013,0.06853441,0.57287452,0
1507010407,22685011,0.06851600,0.50000000,0
1507010361,22684997,0.06860162,2.74516531,0
1507010361,22684996,0.06854600,0.50000000,0
1507010361,22684995,0.06854457,0.16891265,0
1507010361,22684994,0.06850000,0.32899704,0
1507010044,22684807,0.06842582,2.00000000,0
1507010042,22684803,0.06842588,5.00000000,0
1507009880,22684720,0.06820500,0.50000000,1
1507009865,22684718,0.06821507,0.20000000,1
1507009859,22684716,0.06821506,13.40480400,1
1507009710,22684608,0.06829055,0.20000000,0
1507009659,22684561,0.06850000,1.65100296,0
1507009659,22684559,0.06850000,0.10000000,0
1507009659,22684558,0.06841449,0.20000000,0
1507009649,22684545,0.06849999,0.13738972,0
1507009649,22684544,0.06841449,0.20000000,0
1507009634,22684514,0.06848000,0.86929007,0
1507009634,22684513,0.06841449,0.20000000,0
1507009623,22684483,0.06843573,0.20000000,0
1507009614,22684455,0.06825216,0.14128073,1
1507009589,22684387,0.06839999,1.82205000,0
1507009569,22684223,0.06827000,0.20000000,1
1507009561,22684176,0.06839999,1.00000000,0
1507009548,22684095,0.06827001,0.50000000,1
1507009545,22684061,0.06827000,0.88200000,0
1507009545,22684059,0.06826000,0.50000000,0
1507009526,22684001,0.06806769,0.16233000,1
1507009466,22683711,0.06808300,0.20000000,1
1507009384,22683638,0.06813800,0.41526017,0
1507009383,22683636,0.06813732,3.31803983,0
1507009383,22683635,0.06813731,0.44070000,0
1507009383,22683634,0.06810100,0.50000000,0
1507009381,22683633,0.06809000,0.32600000,0
1507009118,22683541,0.06805000,0.50000000,0
1507009095,22683524,0.06801094,2.49601377,0
1507009091,22683519,0.06797367,0.99196000,0
1507009051,22683504,0.06797375,2.81804000,0
1507009051,22683503,0.06797100,0.50000000,0
1507009020,22683498,0.06787200,0.50000000,1
1507009020,22683497,0.06787201,0.44070000,1
1507009020,22683496,0.06790000,0.32600000,1
1507008947,22683466,0.06792501,1.26670000,0
1507008742,22683360,0.06813670,0.25493956,0
1507008721,22683343,0.06813676,1.40000000,0
1507008602,22683287,0.06815299,0.50000000,1
1507008601,22683286,0.06815299,0.50000000,0
1507008334,22682930,0.06802708,0.20000000,1
1507008317,22682826,0.06802700,0.20000000,1
1507008288,22682753,0.06808300,0.50000000,1
1507008278,22682727,0.06807700,0.30000000,1
1507008274,22682719,0.06807700,0.20000000,1
1507008269,22682718,0.06805000,0.20000000,1
1507008201,22682629,0.06797900,0.16239000,1
1507008139,22682608,0.06806300,0.50000000,0
1507008139,22682607,0.06800000,0.32000000,0
1507008139,22682606,0.06797103,0.16239887,0
1507008139,22682605,0.06797100,0.16217812,0
1507008054,22682536,0.06800000,0.68000000,0
1507008054,22682535,0.06799000,0.32000000,0
1507007974,22682507,0.06786800,0.20000000,1
1507007952,22682495,0.06782600,0.20000000,0
1507007846,22682442,0.06791397,0.21651600,0
1507007820,22682426,0.06777000,0.12000000,1
1507007817,22682422,0.06777000,0.20000000,1
1507007779,22682406,0.06777003,0.20000000,1
1507007701,22682396,0.06785900,0.47336200,0
1507007225,22682294,0.06773604,1.00000000,1
1507006981,22682259,0.06792083,1.30000000,0
1507006603,22682153,0.06784400,0.50000000,0
1507006595,22682149,0.06783000,0.28390000,0
1507006064,22682014,0.06781997,1.55869600,0
1507005233,22681900,0.06779997,0.36781211,0
1507004092,22681586,0.06769103,0.20000000,1
1507003405,22681484,0.06775500,0.25901300,1
1507003272,22681479,0.06781094,7.48873800,0
1507003262,22681478,0.06771100,0.44270000,1
1507003259,22681477,0.06775000,0.50000000,1
1507003021,22681431,0.06784997,0.47184800,1
1507002241,22681343,0.06785994,3.00000000,0
1507001992,22681299,0.06778000,1.10000000,1
1507001865,22681275,0.06773000,0.90000000,1
1507001650,22681229,0.06774988,1.83441000,0
1507000969,22681098,0.06757500,0.50000000,1
1507000969,22681097,0.06758227,0.44270000,1
1507000969,22681096,0.06758300,0.50000000,1
1507000649,22681031,0.06766000,0.25590000,1
1507000617,22681029,0.06783000,0.92682862,0
1507000617,22681028,0.06782000,0.50000000,0
1507000600,22681027,0.06773000,0.50000000,0
1507000590,22681024,0.06777400,0.50000000,0
1507000590,22681023,0.06772700,0.50000000,0
1506999665,22680835,0.06759172,7.37964458,0
1506998998,22680677,0.06740200,0.50000000,0
1506998946,22680658,0.06738700,0.50000000,0
1506998946,22680657,0.06735700,0.50000000,0
1506998896,22680652,0.06735700,0.50000000,0
1506998304,22680568,0.06728775,2.89722900,1
1506998255,22680563,0.06728799,1.00000000,0
1506997835,22680428,0.06739000,0.10000000,0
1506997833,22680427,0.06739000,0.10000000,0
1506997826,22680423,0.06739994,0.10000000,1
1506997823,22680422,0.06739000,0.10000000,0
1506997813,22680421,0.06739997,4.51000000,1
1506997685,22680377,0.06737800,0.50000000,1
1506997685,22680376,0.06738000,0.10000000,1
1506997673,22680349,0.06741600,0.50000000,1
1506997673,22680348,0.06744600,0.50000000,1
1506997661,22680344,0.06745300,0.50000000,1
1506997653,22680343,0.06750800,0.06200000,1
1506997653,22680342,0.06752000,0.32800000,1
1506997653,22680341,0.06753700,0.50000000,1
1506997652,22680340,0.06754982,0.11000000,1
1506997563,22680327,0.06766928,3.16529000,0
1506997502,22680300,0.06768245,0.63193900,0
1506997446,22680283,0.06773356,2.56843610,1
1506997445,22680282,0.06752597,1.83156390,0
1506997445,22680281,0.06750500,0.50000000,0
1506997443,22680279,0.06749900,0.50000000,0
1506997267,22680237,0.06739400,0.10000000,1
1506997250,22680232,0.06724915,0.27431558,1
1506997101,22680153,0.06742027,14.18094600,1
1506996790,22680076,0.06759945,3.11100000,0
1506996661,22680068,0.06756749,5.00000000,0
1506996325,22679993,0.06748006,1.00000000,1
1506996257,22679984,0.06761449,0.33013184,0
1506996207,22679976,0.06746731,2.61650851,0
1506996199,22679975,0.06752699,0.05850000,1
1506996199,22679974,0.06755800,0.50000000,1
1506995865,22679896,0.06755000,0.78183291,1
1506995629,22679832,0.06755000,0.16365809,1
1506995551,22679815,0.06755000,0.50000000,1
1506995332,22679738,0.06755000,0.55450900,1
1506994583,22679581,0.06763000,2.00000000,1
1506994507,22679563,0.06774800,0.50000000,1
1506994495,22679552,0.06775600,0.50000000,1
1506994103,22679406,0.06792700,0.50000000,1
1506994103,22679405,0.06800000,0.77289700,1
1506994006,22679363,0.06804000,2.00000000,1
1506993830,22679342,0.06800004,1.83100000,1
1506993829,22679341,0.06800004,1.85106200,1
1506993797,22679337,0.06800000,0.22710300,1
1506993797,22679336,0.06802100,0.50000000,1
1506993797,22679335,0.06809000,0.04964400,1
1506993601,22679282,0.06813769,11.99960000,0
1506993558,22679275,0.06809000,0.50000000,1
1506993556,22679274,0.06809000,0.50000000,1
1506993555,22679273,0.06809000,2.22692200,1
1506993554,22679272,0.06809000,1.49292800,1
1506993551,22679271,0.06809000,1.04964400,1
1506993549,22679270,0.06809000,0.50000000,1
1506993548,22679269,0.06809000,0.19958000,1
1506993546,22679268,0.06809000,0.50000000,1
1506993545,22679267,0.06809000,2.02734200,1
1506993519,22679263,0.06809000,5.59394000,1
1506993362,22679241,0.06809987,2.50000000,0
1506993361,22679240,0.06809200,0.50000000,0
1506993272,22679232,0.06807000,2.00000000,1
1506993244,22679226,0.06809995,0.63184600,0
1506993241,22679224,0.06809996,0.34750900,0
1506993059,22679180,0.06807600,0.49999950,0
1506993059,22679178,0.06807400,0.50000000,0
1506993059,22679177,0.06807000,0.13716650,0
1506992229,22678917,0.06796894,0.39700000,0
1506992143,22678913,0.06780992,0.18675024,1
1506992074,22678907,0.06785000,0.13716650,1
1506991938,22678872,0.06800985,0.10000000,0
1506991935,22678871,0.06800986,1.57000000,0
1506991852,22678860,0.06786500,0.27540590,1
1506991771,22678846,0.06796110,0.39700000,1
1506991692,22678837,0.06802900,0.10000000,1
1506991618,22678819,0.06803299,1.56000000,0
1506991618,22678818,0.06802900,0.50000000,0
1506991604,22678817,0.06787101,0.27529748,1
1506991521,22678769,0.06793700,2.95999997,1
1506991521,22678768,0.06794600,0.14821603,1
1506991501,22678762,0.06805086,3.00000000,0
1506991290,22678737,0.06797600,0.50000000,1
1506991107,22678672,0.06805093,0.10845337,0
1506991083,22678668,0.06805093,0.85005000,0
1506991083,22678667,0.06801100,0.50000000,0
1506991081,22678666,0.06800000,0.07500000,0
1506990722,22678601,0.06785000,0.26068100,1
1506990655,22678588,0.06785000,0.20000000,1
1506990648,22678587,0.06785000,0.34393563,1
1506990639,22678584,0.06785000,0.27171000,1
1506990636,22678583,0.06785000,0.27171000,1
1506990634,22678581,0.06785000,0.27171000,1
1506990629,22678580,0.06785000,0.27180000,1
1506990180,22678431,0.06780183,1.00000000,0
1506990122,22678414,0.06780186,6.04000000,0
1506990121,22678412,0.06780185,2.96000000,0
