date,tid,price,amount,type
1507074719,22731064,248.69,0.24070127,0
1507074695,22731062,248.61,3.26830300,0
1507074688,22731061,247.72,2.34478576,1
1507074688,22731060,247.80,0.00000024,1
1507074687,22731059,247.80,4.75315300,1
1507074679,22731058,247.80,0.00145600,1
1507074679,22731057,247.95,2.08367400,1
1507074673,22731056,247.81,2.72000000,0
1507074673,22731055,247.80,6.12388736,1
1507074673,22731054,247.85,3.26830300,1
1507074673,22731053,247.88,0.04031790,1
1507074672,22731052,247.99,1.44598874,1
1507074670,22731050,247.99,1.80779026,1
1507074670,22731049,248.30,0.91410974,1
1507074662,22731046,248.30,26.77200000,1
1507074228,22730942,248.50,3.69221947,0
1507073800,22730877,248.29,1.66594949,1
1507073753,22730859,248.50,0.11000000,0
1507073344,22730755,247.98,0.20000000,1
1507073271,22730725,248.50,2.01314000,0
1507072886,22730670,248.50,1.97744928,0
1507072886,22730669,248.49,0.03462072,0
1507072884,22730668,248.49,0.02500000,0
1507072273,22730450,248.50,2.30635269,0
1507072268,22730449,247.81,0.02200000,1
1507072245,22730448,247.81,0.05962072,1
1507072245,22730447,247.81,0.04032930,1
1507071736,22730260,248.43,1.00126000,0
1507071688,22730242,248.41,2.41834064,0
1507071686,22730241,248.40,1.59726317,0
1507071638,22730234,248.48,0.02414681,0
1507071597,22730217,248.45,0.97476696,0
1507071597,22730216,247.99,3.56700000,0
1507071595,22730215,247.98,0.46823304,0
1507071371,22730164,247.97,2.00346816,0
1507071315,22730138,247.96,0.18099693,1
1507071203,22730069,247.64,0.04048260,0
1507071203,22730068,247.49,0.04050710,0
1507071203,22730067,247.45,0.04051370,0
1507070924,22729947,247.41,3.36582999,1
1507070922,22729946,247.23,0.04054990,0
1507070772,22729913,246.83,1.09463148,1
1507069571,22729563,246.61,3.16448061,1
1507069480,22729521,246.54,0.99772746,1
1507069406,22729508,246.55,0.72435084,1
1507069207,22729441,246.85,0.65562600,0
1507069207,22729440,246.76,3.09757400,0
1507069207,22729439,246.75,0.24680000,0
1507069119,22729419,246.97,1.50000000,0
1507069103,22729405,246.51,0.24680000,0
1507069101,22729398,246.50,2.51614472,1
1507069097,22729391,246.71,0.00001937,1
1507069096,22729387,246.71,11.99998063,1
1507069058,22729374,246.53,2.17224944,1
1507069051,22729369,246.56,2.10000000,1
1507068291,22729042,246.87,2.09885650,1
1507068291,22729041,246.87,0.61227639,1
1507068290,22729040,246.87,0.52133764,0
1507068049,22728953,246.24,1.50490028,1
1507068049,22728952,246.30,0.10000000,1
1507068049,22728951,246.40,0.10000000,1
1507068048,22728950,246.50,0.10000000,1
1507068048,22728949,246.60,0.10000000,1
1507068048,22728948,246.64,7.69000000,1
1507068048,22728947,246.68,0.40509972,1
1507068047,22728946,246.69,2.15786147,1
1507068047,22728945,246.70,0.10000000,1
1507068047,22728944,246.81,0.40300000,1
1507068047,22728943,246.86,0.33913853,1
1507068042,22728938,247.00,6.13432333,1
1507068041,22728935,247.00,2.47238296,1
1507068040,22728931,247.00,10.97635624,1
1507068004,22728918,247.15,1.12385053,0
1507068003,22728916,247.00,8.64500000,1
1507068003,22728915,247.00,2.01054000,1
1507068002,22728914,247.00,1.49296692,1
1507068002,22728913,247.00,0.04748987,1
1507068002,22728912,247.05,6.76564621,1
1507068002,22728911,247.05,3.49043705,1
1507067997,22728910,247.05,2.60311674,1
1507067980,22728899,247.06,4.08000000,0
1507067979,22728898,247.05,0.32130000,1
1507067788,22728757,247.40,6.00000000,1
1507067676,22728725,247.46,5.00000000,0
1507067630,22728715,247.46,0.20152752,0
1507067613,22728709,247.39,1.00126000,0
1507067588,22728696,247.36,3.02474127,0
1507067587,22728695,247.09,0.24590000,0
1507067544,22728677,247.20,0.04755500,0
1507067351,22728637,247.40,1.43126000,0
1507067286,22728608,247.02,0.58733630,1
1507067286,22728606,247.04,0.04045500,1
1507067279,22728599,247.05,1.00106488,1
1507067273,22728595,247.06,2.67361886,1
1507067273,22728594,247.06,4.30638114,1
1507067262,22728586,247.17,2.08682700,0
1507067261,22728585,247.17,2.00000000,1
1507067261,22728584,247.21,1.47095215,1
1507067261,22728583,247.21,0.61592485,1
1507067261,22728582,247.22,0.24590000,1
1507067190,22728542,247.32,0.32130000,1
1507066975,22728399,247.80,0.03765133,0
1507066933,22728385,247.80,4.00000000,1
1507066897,22728374,247.84,1.00617334,0
1507066877,22728361,247.81,5.00000000,1
1507066833,22728348,247.80,10.00000000,1
1507066338,22728145,247.17,2.15151935,1
1507066335,22728144,247.17,4.11282765,1
1507066324,22728142,247.29,0.78208176,0
1507066304,22728132,247.34,5.93847700,1
1507066303,22728128,247.34,0.32200000,1
1507066262,22728120,247.35,1.02000000,1
1507066254,22728119,247.35,1.00000000,1
1507065937,22728016,247.66,0.03984000,1
1507065861,22727983,248.07,1.00000000,1
1507065665,22727868,248.07,0.23996700,0
1507065664,22727867,248.07,0.51197000,0
1507065599,22727830,248.08,0.32200000,1
1507065319,22727733,247.94,0.90275000,1
1507065317,22727732,248.69,0.01489760,0
1507065317,22727731,248.69,0.13283582,1
1507065317,22727730,248.69,2.01054000,0
1507065316,22727729,248.69,0.25126000,0
1507065316,22727727,248.68,0.24000000,0
1507065298,22727719,248.69,0.13715871,0
1507065296,22727718,248.68,0.28000000,0
1507065184,22727676,248.71,0.47215632,0
1507065182,22727673,248.70,0.33000000,0
1507065149,22727660,248.71,0.09131116,0
1507065147,22727659,248.70,0.39000000,0
1507064944,22727562,248.50,0.53126000,0
1507064943,22727560,248.49,0.47000000,0
1507064896,22727546,248.49,0.11834560,0
1507064813,22727522,248.50,0.17460000,0
1507064813,22727521,248.49,0.24540000,0
1507064812,22727520,248.49,0.58000000,0
1507064812,22727519,247.67,3.55315767,1
1507064812,22727518,247.78,0.04033420,1
1507064812,22727517,248.02,6.24945100,1
1507064811,22727516,248.03,0.24540000,1
1507064811,22727515,248.34,2.86665713,1
1507064544,22727454,248.80,4.82812701,0
1507064544,22727453,248.78,0.69000000,0
1507064518,22727433,248.79,0.71981679,0
1507064506,22727417,248.79,0.22453045,0
1507064501,22727411,248.80,3.74654074,0
1507064501,22727410,248.79,13.93826485,0
1507064501,22727409,248.78,1.00000000,0
1507064500,22727408,248.77,8.31813832,0
1507064500,22727407,248.77,11.48326979,0
1507064499,22727404,248.77,3.19859189,0
1507064499,22727401,248.77,0.31307250,0
1507064497,22727397,248.77,0.68980625,0
1507064488,22727384,248.71,0.13213740,0
1507064472,22727331,248.74,2.40261971,0
1507064472,22727329,248.73,1.02000000,0
1507064472,22727327,248.53,0.65369287,0
1507064452,22727231,248.47,1.07216200,1
1507064444,22727203,248.44,0.34865046,1
1507064439,22727192,248.52,0.27557787,0
1507064434,22727182,248.52,0.07307259,0
1507064433,22727177,248.41,1.00000000,1
1507064432,22727175,248.41,5.24826000,1
1507064413,22726979,248.34,0.27930000,0
1507063912,22726732,247.92,0.12868500,1
1507063794,22726697,247.88,1.99543953,1
1507063794,22726696,248.40,1.96826796,1
1507063787,22726693,248.40,0.51539000,1
1507063785,22726692,248.40,0.94699800,1
1507063784,22726691,248.40,0.52475400,1
1507063782,22726688,248.40,1.04459004,0
1507063753,22726684,248.40,1.96681039,0
1507063626,22726628,248.40,0.20265700,0
1507063483,22726592,248.39,5.77849349,0
1507063481,22726591,248.29,0.24540000,0
1507063428,22726587,247.80,0.20000000,1
1507063378,22726556,247.60,0.01638600,1
1507063378,22726555,247.61,0.24540000,1
1507063331,22726545,248.52,0.52019958,0
1507063330,22726543,248.41,0.08188366,0
1507063284,22726517,248.41,0.22437576,0
1507063284,22726516,248.41,0.39868700,1
1507063284,22726515,248.40,0.08122659,0
1507063284,22726512,248.11,0.24580000,1
1507063282,22726510,248.11,0.08180000,0
1507063222,22726489,247.60,0.94500000,1
1507062851,22726144,247.24,1.72981370,1
1507062851,22726143,247.27,0.24580000,1
1507062849,22726142,247.46,0.04038630,1
1507062842,22726133,248.05,0.28151582,0
1507062828,22726125,248.05,0.80435396,0
1507062813,22726119,248.06,0.80432154,0
1507062495,22725935,248.06,2.01060227,0
1507062302,22725868,248.08,6.20886537,0
1507062302,22725867,248.08,0.54000000,0
1507062302,22725866,248.07,5.35113463,0
1507062301,22725865,247.08,2.09720106,1
1507062278,22725812,248.06,0.52273643,1
1507062195,22725773,248.00,0.46344683,0
1507062195,22725772,247.96,0.11032850,0
1507062192,22725769,247.95,3.91217879,0
1507062077,22725737,247.82,0.07967643,1
1507062077,22725736,247.62,0.04048580,0
1507062075,22725735,247.61,0.04046821,0
1507061624,22725598,247.02,9.78604985,1
1507061359,22725456,247.38,7.31309498,0
1507061358,22725452,247.38,1.09126000,0
1507061356,22725449,247.37,0.41000000,0
1507061179,22725394,247.00,0.14000000,1
1507061113,22725376,247.38,1.96262118,0
1507060960,22725298,247.26,2.38287600,1
1507060835,22725200,247.50,0.07395015,0
1507060835,22725199,247.50,1.33890837,0
1507060835,22725198,247.49,0.24640000,0
1507060834,22725197,247.47,0.23686248,0
1507060765,22725145,247.47,2.01559785,0
1507060740,22725136,247.01,0.40360000,0
1507060698,22725118,247.01,0.24640000,1
1507060595,22725076,247.47,0.12800000,0
1507060464,22725012,247.50,2.07878853,0
1507060464,22725011,247.50,0.48987352,0
1507060464,22725010,247.49,1.22289395,0
1507060316,22724969,247.39,1.00000000,0
1507060303,22724959,247.28,6.00000000,0
1507060220,22724923,246.86,3.00000000,1
1507060218,22724922,247.00,1.00000000,1
1507060213,22724916,247.50,0.07982345,0
1507060176,22724895,247.49,1.00000000,0
1507060129,22724828,247.50,0.40000000,0
1507060126,22724827,247.50,4.03030303,0
1507060117,22724820,247.42,3.98108479,0
1507060115,22724818,247.00,0.05060340,0
1507059928,22724732,247.00,0.20000000,0
1507059906,22724722,247.00,1.71418900,0
1507059886,22724711,247.00,1.48778200,0
1507059885,22724710,247.00,3.79405200,0
1507059882,22724709,247.00,3.21405743,0
1507059734,22724640,247.00,2.51906900,0
1507059705,22724633,247.00,1.72000000,0
1507059688,22724625,247.00,0.19936600,0
1507059673,22724621,247.00,0.10088117,0
1507059595,22724544,246.80,0.00000020,0
1507059588,22724539,246.80,2.81727500,0
1507059578,22724525,246.80,4.37160000,0
1507059577,22724524,246.79,4.55000000,0
1507059569,22724517,246.79,2.09259800,0
1507059566,22724507,246.80,8.22289395,0
1507059564,22724504,246.80,6.58505700,0
1507059563,22724503,246.80,2.09259800,0
1507059563,22724502,246.80,3.49644400,0
1507059563,22724501,246.80,6.13237600,0
1507059559,22724494,246.80,2.09259800,0
1507059556,22724490,246.80,10.27920100,0
1507059556,22724489,246.79,0.74935100,0
1507059548,22724473,246.79,2.77052800,0
1507059544,22724468,246.80,1.61268900,0
1507059542,22724463,246.80,0.86645100,0
1507059542,22724462,246.79,0.28000000,0
1507059542,22724460,246.75,0.07341600,0
1507059538,22724441,246.75,5.00000000,0
1507059536,22724438,246.75,1.20430900,0
1507059536,22724437,246.80,6.25629300,0
1507059533,22724431,246.80,1.27680000,0
1507059533,22724430,246.80,5.00000000,0
1507059533,22724429,246.80,16.62782000,0
1507059530,22724428,246.80,8.42361500,0
1507059529,22724427,246.80,22.67466500,0
1507059528,22724426,246.80,1.61268900,0
1507059528,22724425,246.80,1.75320500,0
1507059528,22724424,246.79,0.33000000,0
1507059523,22724408,246.80,4.17115600,0
1507059514,22724396,246.80,5.43637600,0
1507059514,22724395,246.79,0.39000000,0
1507059514,22724393,246.80,7.53000000,0
1507059513,22724392,246.80,2.99821600,0
1507059513,22724390,246.80,1.90733600,0
1507059507,22724382,246.80,4.51927300,0
1507059507,22724381,246.79,5.76647900,0
1507059504,22724374,246.80,7.63319900,0
1507059504,22724373,246.79,0.47000000,0
1507059498,22724368,246.80,11.12210800,0
1507059498,22724366,246.80,6.90000000,0
1507059495,22724364,246.80,5.44252900,0
1507059493,22724359,246.80,0.63146234,0
1507059491,22724357,246.79,0.55000000,0
1507059482,22724344,246.80,3.74444400,0
1507059478,22724339,246.80,15.00000000,0
1507059478,22724338,246.80,1.69509000,0
1507059474,22724335,246.80,26.37525700,0
1507059474,22724334,246.79,0.66000000,0
1507059463,22724320,246.79,0.58946400,0
1507059459,22724316,246.79,0.12518200,0
1507059443,22724305,246.80,0.26349701,0
1507059443,22724304,246.79,0.13650299,0
1507059437,22724295,246.79,0.40349701,0
1507059430,22724283,246.80,27.45671073,0
1507059430,22724282,246.79,0.01158927,0
1507059425,22724277,246.79,0.17253700,0
1507059424,22724275,246.79,0.45587373,0
1507059417,22724264,246.80,0.79697300,0
1507059416,22724263,246.80,1.00200200,0
1507059416,22724262,246.80,9.18936100,0
1507059415,22724259,246.80,0.14539000,0
1507059415,22724258,246.79,0.71919000,0
1507059407,22724255,246.79,0.03081000,1
1507059407,22724253,246.80,2.30966006,0
1507059398,22724209,246.80,0.57905663,0
1507059397,22724207,246.79,0.89000000,0
1507059397,22724206,246.79,4.07882221,0
1507059397,22724205,246.79,0.51810952,0
1507059396,22724204,246.79,1.60231200,0
1507059396,22724203,246.79,3.27790600,0
1507059396,22724202,246.79,1.29215500,0
1507059394,22724198,246.79,0.47076495,0
1507059388,22724193,246.79,0.02656700,0
1507059375,22724180,246.79,0.63486500,0
1507059370,22724177,246.79,1.28733100,0
1507059359,22724169,246.79,0.02312400,0
1507059350,22724161,246.79,0.58040800,0
1507059349,22724160,246.79,2.47453000,0
1507059348,22724159,246.79,0.23982300,0
1507059345,22724158,246.79,6.43389841,0
1507059345,22724157,246.77,1.43281159,0
1507059320,22724152,246.77,1.59234800,0
1507059319,22724151,246.77,0.73351500,0
1507059312,22724149,246.77,0.02689500,0
1507059306,22724147,246.77,0.04415400,0
1507059299,22724141,246.77,0.22071200,0
1507059295,22724139,246.77,5.95603700,0
1507059216,22724096,246.77,1.89436800,0
1507059216,22724095,246.75,2.00000000,0
1507059119,22724064,246.77,1.51489241,0
1507059087,22724058,246.77,0.36977000,0
1507058987,22724026,246.77,1.21450400,0
1507058971,22724017,246.70,3.79785164,0
1507058746,22723900,246.70,0.20214836,0
1507058742,22723896,246.22,1.48350000,1
1507058661,22723830,246.21,7.92117779,1
1507058661,22723829,246.40,0.07882221,1
1507058649,22723825,246.40,4.00000000,1
1507058512,22723779,246.77,0.12999300,0
1507058509,22723778,246.52,6.28152300,0
1507058503,22723772,246.53,0.04164000,0
1507058440,22723757,246.58,2.79368600,0
1507058384,22723733,246.20,8.00000000,1
1507058337,22723713,246.20,5.73552713,1
1507058337,22723712,246.20,0.17550000,1
1507058337,22723711,246.22,0.08122659,1
1507058262,22723667,246.50,0.12626675,1
1507058241,22723642,246.67,2.00000000,0
1507058240,22723640,246.50,5.00000000,1
1507058215,22723611,246.80,11.77896400,0
1507058214,22723610,246.76,4.42766600,0
1507058212,22723607,246.78,1.85000000,1
1507058171,22723559,246.79,0.10311993,1
1507058133,22723535,246.80,10.00000000,0
1507058125,22723522,246.80,3.00000000,0
1507058122,22723512,246.80,1.00000000,0
1507058107,22723505,246.80,3.00000000,0
1507058106,22723504,246.80,0.99800000,0
1507058090,22723485,246.80,5.00000000,0
1507058088,22723482,246.80,9.47790700,0
1507058087,22723481,246.80,3.00000000,0
1507058085,22723478,246.80,4.35200000,0
1507058083,22723476,246.80,1.00000000,0
1507058082,22723475,246.80,3.00000000,0
1507058082,22723474,246.80,4.34501900,0
1507058081,22723473,246.80,2.39019800,0
1507058081,22723472,246.80,1.00000000,0
1507058080,22723471,246.80,20.34133200,0
1507058080,22723470,246.80,1.64041500,0
1507058079,22723469,246.80,0.02629800,0
1507058077,22723468,246.80,0.47013776,0
1507058075,22723466,246.80,11.60000000,0
1507058053,22723456,246.80,0.06426000,0
1507058039,22723440,246.80,5.00000000,0
1507058036,22723437,246.80,0.75320500,0
1507058035,22723435,246.80,2.38543000,0
1507058032,22723431,246.80,1.46150000,0
1507058030,22723430,246.80,1.00161700,0
1507058030,22723429,246.80,0.15651100,0
1507058029,22723426,246.80,1.53367100,0
1507058027,22723423,246.80,0.72662000,0
1507058023,22723421,246.80,1.11935000,0
1507058014,22723412,246.80,0.97144600,0
1507058012,22723411,246.80,0.15185300,0
1507058007,22723406,246.80,1.14524100,0
1507058006,22723404,246.80,0.99800000,0
1507058006,22723403,246.80,3.00000000,0
1507058005,22723400,246.80,0.20615882,0
1507058003,22723396,246.80,0.10311993,0
1507058003,22723395,246.80,3.00000000,0
1507058001,22723391,246.80,4.41600000,0
1507057999,22723389,246.80,3.00000000,0
1507057996,22723386,246.80,2.96661000,0
1507057989,22723383,246.80,2.09889200,0
1507057977,22723378,246.80,0.04000000,0
1507057971,22723372,246.80,0.95029000,0
1507057942,22723315,246.80,1.52298700,0
1507057942,22723314,246.80,3.17019500,0
1507057932,22723310,246.80,0.14703800,0
1507057908,22723302,246.80,0.37666700,0
1507057900,22723296,246.80,15.13000000,0
1507057893,22723291,246.80,0.09960621,0
1507057892,22723290,246.80,2.93255100,0
1507057823,22723221,246.80,0.06532000,0
1507057820,22723220,246.80,0.08083468,0
1507057804,22723216,246.80,20.00000000,0
1507057782,22723205,246.80,0.38176186,0
1507057763,22723188,246.80,1.01381551,0
1507057758,22723185,246.80,0.04347000,0
1507057757,22723181,246.80,2.25258185,0
1507057751,22723175,246.80,2.66616365,0
1507057745,22723169,246.80,34.39303900,0
1507057689,22723143,246.80,1.74562500,0
1507057687,22723137,246.80,2.62094300,0
1507057682,22723130,246.80,5.23410000,0
1507057677,22723126,246.80,2.61833900,0
1507057596,22723097,246.80,3.01812000,0
1507057580,22723093,246.80,2.08200000,0
1507057542,22723075,246.80,9.81776000,0
1507057503,22723040,246.80,5.17550315,0
1507057497,22723033,246.80,1.26269763,0
1507057496,22723029,246.80,4.89283773,0
1507057496,22723027,246.80,0.92545782,0
1507057489,22723023,246.80,0.50097000,0
1507057483,22722992,246.80,2.26618900,0
1507057480,22722988,246.80,0.76038600,0
1507057471,22722982,246.80,34.27761500,0
1507057471,22722981,246.80,1.48560000,0
1507057470,22722980,246.80,77.70000000,0
1507057470,22722979,246.80,34.41485500,0
1507057470,22722978,246.80,1.47925900,0
1507057470,22722977,246.80,13.73179400,0
1507057455,22722968,246.80,1.28010000,0
1507057437,22722955,246.80,6.04772600,0
1507057432,22722954,246.80,0.17261800,0
1507057397,22722923,246.80,5.00000000,0
1507057396,22722922,246.80,1.91931600,0
1507057390,22722914,246.80,44.92206900,0
1507057390,22722912,246.80,5.88073900,0
1507057390,22722911,246.80,7.45654700,0
1507057389,22722910,246.80,7.59143900,0
1507057389,22722909,246.80,12.00000000,0
1507057389,22722908,246.80,12.84498500,0
1507057389,22722906,246.80,5.36507500,0
1507057289,22722873,246.80,0.14828000,0
1507057272,22722852,246.80,3.93121390,0
1507057215,22722779,246.80,0.30126000,0
1507057197,22722764,246.80,0.14829000,0
1507057185,22722753,246.80,1.41458671,0
1507057138,22722722,246.80,3.40490000,0
1507057003,22722685,246.80,4.03973351,0
1507056996,22722680,246.80,0.04239500,0
1507056991,22722676,246.80,2.18271800,0
1507056985,22722672,246.80,0.29084457,0
1507056980,22722669,246.80,0.68466400,0
1507056967,22722665,246.80,2.12724400,0
1507056962,22722662,246.80,0.96230100,0
1507056944,22722640,246.80,2.42880100,0
1507056944,22722638,246.80,3.55046600,0
1507056943,22722637,246.80,2.49641100,0
1507056943,22722635,246.80,6.14563800,0
1507056941,22722633,246.80,5.56398300,0
1507056941,22722632,246.80,16.46068000,0
1507056940,22722631,246.80,12.01536000,0
1507056938,22722623,246.80,4.30204200,0
1507056935,22722617,246.80,2.98045700,0
1507056922,22722608,246.80,0.06302700,0
1507056918,22722605,246.80,2.57152200,0
1507056916,22722604,246.80,1.49526900,0
1507056903,22722590,246.80,0.47508500,0
1507056898,22722584,246.80,0.04581800,0
1507056894,22722581,246.80,5.47000100,0
1507056881,22722578,246.80,7.19832800,0
1507056855,22722566,246.80,7.39782900,0
1507056850,22722565,246.80,2.83641100,0
1507056844,22722562,246.80,0.36792300,0
1507056842,22722559,246.80,0.69975689,0
1507056828,22722548,246.80,0.71256078,0
1507056811,22722535,246.80,0.67081622,0
1507056809,22722533,246.80,0.04148100,0
1507056807,22722532,246.80,44.02935100,0
1507056795,22722517,246.80,2.62141600,0
1507056767,22722501,246.80,0.84890100,0
1507056747,22722492,246.80,1.47958849,0
1507056745,22722490,246.80,0.17116200,0
1507056745,22722489,246.80,0.46796700,0
1507056725,22722476,246.80,1.71247000,0
1507056704,22722470,246.80,4.21455600,0
1507056696,22722459,246.80,2.22933000,0
1507056696,22722457,246.80,6.47473000,0
1507056693,22722452,246.80,1.30927800,0
1507056692,22722450,246.80,4.49281900,0
1507056685,22722447,246.80,0.24735900,0
1507056662,22722434,246.80,0.90206000,0
1507056651,22722427,246.80,0.02392500,0
1507056629,22722409,246.80,3.93010500,0
1507056622,22722407,246.80,2.22330755,0
1507056622,22722406,246.78,0.95420345,0
1507056608,22722401,246.78,0.65470600,0
1507056600,22722395,246.78,1.00200000,0
1507056586,22722387,246.78,0.10021900,0
1507056586,22722386,246.78,2.47000000,0
1507056585,22722385,246.78,2.25685200,0
1507056582,22722379,246.78,0.67509523,0
1507056576,22722373,246.78,1.48294600,0
1507056576,22722371,246.78,3.27390000,0
1507056574,22722369,246.78,7.86997100,0
1507056572,22722368,246.78,0.48938800,0
1507056554,22722357,246.78,0.47049100,0
1507056553,22722356,246.78,0.26015200,0
1507056551,22722353,246.78,1.00340800,0
1507056543,22722350,246.78,1.40041000,0
1507056504,22722300,246.78,4.91185600,0
1507056499,22722292,246.78,0.22620000,0
1507056491,22722284,246.78,0.17943107,0
1507056490,22722283,246.78,0.29476100,0
1507056476,22722275,246.78,1.53968600,0
1507056468,22722268,246.78,0.95842300,0
1507056462,22722265,246.78,7.30000000,0
1507056461,22722263,246.78,0.42543300,0
1507056440,22722252,246.78,0.04736800,0
1507056439,22722251,246.78,1.00200000,0
1507056438,22722250,246.78,0.20212335,0
1507056436,22722244,246.78,5.18125603,0
1507056435,22722243,246.78,0.17148300,0
1507056431,22722237,246.78,0.10000000,0
1507056426,22722231,246.78,1.26730400,0
1507056423,22722229,246.78,5.31945400,0
1507056422,22722228,246.78,2.10726153,0
1507056421,22722227,246.78,0.11783800,0
1507056402,22722209,246.78,2.28705900,0
1507056401,22722207,246.78,1.55972300,0
1507056397,22722199,246.78,0.10000000,0
1507056388,22722191,246.78,0.85316700,0
1507056382,22722188,246.78,0.31021100,0
1507056381,22722186,246.78,10.00000000,0
1507056381,22722185,246.78,1.00200000,0
1507056363,22722172,246.78,0.05326600,0
1507056354,22722148,246.78,0.19809100,0
1507056328,22722122,246.78,1.00200000,0
1507056325,22722121,246.78,2.90055300,0
1507056305,22722113,246.78,0.06069500,0
1507056300,22722109,246.78,0.14738500,0
1507056289,22722107,246.78,2.82709600,0
1507056276,22722099,246.78,0.32294500,0
1507056275,22722096,246.78,0.07150400,0
1507056261,22722078,246.78,1.25308900,0
1507056254,22722071,246.78,0.13079500,0
1507056254,22722070,246.78,5.05318500,0
1507056250,22722065,246.78,0.49335355,0
1507056247,22722063,246.78,0.06776900,0
1507056240,22722057,246.78,22.49040000,0
1507056232,22722052,246.78,0.26953800,0
1507056208,22722038,246.78,0.02222000,0
1507056200,22722035,246.78,0.11437500,0
1507056198,22722034,246.78,1.48033900,0
1507056175,22722024,246.78,0.04039000,0
1507056175,22722023,246.78,1.01049518,0
1507056174,22722022,246.78,0.04006200,0
1507056162,22722014,246.78,9.88797500,0
1507056155,22722011,246.78,0.02194970,0
1507056105,22721996,246.78,0.53646973,0
1507056073,22721981,246.78,0.47336007,0
1507056044,22721976,246.78,7.35000000,0
1507056036,22721972,246.51,0.52000000,1
1507056033,22721970,246.78,1.18656600,0
1507056013,22721963,246.78,4.96596100,0
1507056011,22721962,246.78,1.18852086,0
1507055935,22721923,246.78,3.26618900,0
1507055934,22721921,246.78,3.43302000,0
1507055929,22721917,246.78,7.37664000,0
1507055928,22721913,246.78,3.43632500,0
1507055896,22721899,246.78,0.40424670,0
1507055894,22721895,246.78,1.00126000,0
1507055892,22721892,246.78,0.12641100,0
1507055890,22721889,246.78,3.75538000,0
1507055885,22721888,246.78,1.64351600,0
1507055885,22721886,246.78,0.47587929,0
1507055867,22721877,246.78,1.00824000,0
1507055862,22721848,246.78,0.02038700,0
1507055860,22721847,246.78,11.63007118,0
1507055841,22721838,246.78,0.03464000,0
1507055824,22721834,246.78,0.50000000,0
1507055770,22721769,246.78,2.27345000,0
1507055765,22721766,246.78,2.27572700,0
1507055732,22721750,246.78,1.69725300,0
1507055713,22721734,246.78,2.18862000,0
1507055709,22721731,246.78,9.77427400,0
1507055708,22721727,246.78,2.19081300,0
1507055687,22721713,246.78,0.29411700,0
1507055686,22721712,246.78,0.61089500,0
1507055686,22721711,246.78,0.61544700,0
1507055655,22721703,246.78,3.93153239,0
1507055640,22721699,246.78,0.29411800,0
1507055632,22721696,246.78,0.02657200,0
1507055628,22721690,246.78,0.15156500,0
1507055626,22721688,246.78,1.00222000,0
1507055623,22721686,246.78,0.29411800,0
1507055618,22721675,246.78,1.66287004,0
1507055618,22721674,246.78,18.72165953,0
1507055613,22721670,246.78,0.40424670,0
1507055611,22721669,246.78,2.00000000,0
1507055598,22721653,246.78,15.13513900,0
1507055597,22721652,246.78,4.59847000,0
1507055596,22721650,246.78,2.17000000,0
1507055558,22721634,246.78,0.10336600,0
1507055523,22721626,246.78,3.27319880,0
1507055520,22721624,246.78,2.16249291,0
1507055502,22721615,246.78,0.20000000,0
1507055502,22721614,246.78,0.15299100,0
1507055497,22721609,246.78,1.93449500,0
1507055496,22721606,246.78,3.76606300,0
1507055478,22721599,246.78,0.50061000,0
1507055474,22721592,246.78,54.71217600,0
1507055468,22721586,246.78,3.31966100,0
1507055468,22721584,246.78,1.38138000,0
1507055467,22721583,246.78,8.64473700,0
1507055435,22721577,246.78,13.40055400,0
1507055432,22721576,246.78,0.06752000,0
1507055363,22721549,246.78,0.03328000,0
1507055331,22721535,246.78,0.04701581,0
1507055325,22721529,246.78,1.02927814,0
1507055319,22721524,246.78,0.33728405,0
1507055317,22721521,246.78,0.10340600,0
1507055315,22721520,246.78,0.54075000,0
1507055314,22721516,246.78,1.65909143,0
1507055314,22721515,246.78,0.30299788,0
1507055288,22721501,246.78,0.40380000,0
1507055208,22721467,246.78,0.30096686,0
1507055208,22721466,246.55,0.00001314,0
1507055187,22721455,246.55,1.48998686,0
1507055177,22721438,246.78,2.10466524,0
1507055165,22721430,246.78,2.10828767,0
1507055146,22721416,246.78,1.79595000,0
1507055143,22721412,246.78,1.81403300,0
1507055113,22721401,246.78,0.98928300,0
1507055109,22721400,246.78,0.88911700,0
1507055098,22721398,246.78,0.63230408,0
1507055080,22721392,246.78,4.59901348,0
1507055070,22721384,246.78,0.47275576,0
1507055069,22721383,246.78,10.65592100,0
1507055068,22721379,246.78,4.47442841,0
1507055066,22721369,246.78,0.22527800,0
1507055057,22721366,246.78,9.29600800,0
1507055048,22721359,246.78,5.00000000,0
1507055045,22721354,246.78,10.52369900,0
1507055034,22721311,246.78,1.01049518,0
1507055032,22721307,246.78,32.56811500,0
1507055026,22721300,246.78,0.11571200,0
1507055023,22721299,246.78,1.67125300,0
1507055022,22721298,246.78,0.20241200,0
1507055021,22721296,246.78,0.19796836,0
1507055000,22721285,246.78,0.20252300,0
1507054985,22721275,246.78,0.39169600,0
1507054960,22721257,246.78,2.02123349,0
1507054956,22721256,246.78,2.02123349,0
1507054954,22721255,246.78,0.02465400,0
1507054948,22721253,246.78,1.91371570,0
1507054940,22721237,246.78,6.90874500,0
1507054935,22721231,246.78,0.08000000,0
1507054905,22721222,246.78,34.38867400,0
1507054869,22721206,246.78,12.49210700,0
1507054861,22721198,246.78,0.06351500,0
1507054852,22721195,246.78,0.08874301,0
1507054849,22721194,246.78,0.18501200,0
1507054796,22721162,246.78,8.47026000,0
1507054795,22721161,246.78,3.17000875,0
1507054690,22721087,246.78,3.75574000,0
1507054690,22721084,246.78,1.20656331,0
1507054686,22721074,246.78,3.75950200,0
1507054685,22721073,246.78,0.08858092,0
1507054614,22721043,246.78,0.05058100,0
1507054602,22721036,246.78,0.88294800,0
1507054600,22721035,246.78,4.87931800,0
1507054599,22721034,246.78,0.51180700,0
1507054571,22720994,246.78,5.27523200,0
1507054570,22720993,246.78,71.56200000,0
1507054554,22720985,246.78,10.05834360,0
1507054553,22720981,246.78,0.13740984,0
1507054552,22720977,246.78,2.55406265,0
1507054549,22720965,246.78,0.39469266,0
1507054541,22720962,246.78,0.33791231,0
1507054541,22720959,246.78,6.91166220,0
1507054533,22720947,246.78,2.29540800,0
1507054527,22720943,246.78,3.02475500,0
1507054526,22720942,246.78,3.18260800,0
1507054525,22720941,246.78,1.60836800,0
1507054525,22720940,246.78,1.44823600,0
1507054524,22720939,246.78,0.08138500,0
1507054524,22720938,246.78,2.14301600,0
1507054522,22720936,246.78,15.95570900,0
1507054517,22720931,246.78,0.90161900,0
1507054517,22720930,246.78,0.14204300,0
1507054515,22720927,246.78,2.63456300,0
1507054514,22720926,246.78,24.08178100,0
1507054512,22720922,246.78,0.53847000,0
1507054507,22720920,246.78,0.04518194,0
1507054504,22720916,246.78,0.06078800,0
1507054493,22720908,246.78,3.18573340,0
1507054493,22720907,246.77,7.77707260,0
1507054491,22720906,246.77,0.26509500,0
1507054486,22720904,246.77,0.10947300,0
1507054404,22720874,246.77,0.04337000,0
1507054377,22720864,246.78,0.73766435,0
1507054368,22720861,246.78,6.48481500,0
1507054359,22720843,246.78,0.03528400,0
1507054347,22720839,246.78,6.62365900,0
1507054314,22720782,246.78,0.35801183,0
1507054306,22720779,246.78,16.70719900,0
1507054305,22720777,246.78,0.14780000,0
1507054268,22720763,246.78,5.39422200,0
1507054263,22720760,246.78,11.99344563,0
1507054263,22720759,246.77,0.09324137,0
1507054262,22720758,246.77,0.65965863,0
1507054262,22720757,246.77,0.24034137,0
1507054260,22720755,246.77,5.72269900,0
1507054254,22720747,246.77,2.71418800,0
1507054244,22720737,246.77,0.19572200,0
1507054236,22720726,246.77,0.14786000,0
1507054230,22720724,246.77,0.21120700,0
1507054230,22720723,246.77,14.07746800,0
1507054210,22720719,246.77,0.14688600,0
1507054201,22720713,246.77,0.48073000,0
1507054196,22720711,246.77,1.25937536,0
1507054191,22720709,246.77,0.48111000,0
1507054190,22720705,246.77,0.03433500,0
1507054186,22720704,246.77,0.04518377,0
1507054185,22720702,246.77,0.40000000,0
1507054183,22720698,246.77,1.73847100,0
1507054181,22720697,246.77,0.52024700,0
1507054170,22720693,246.77,0.14585100,0
1507054168,22720692,246.77,6.47327400,0
1507054123,22720678,246.77,0.14780000,0
1507054118,22720675,246.77,0.12126000,0
1507054074,22720663,246.77,0.32846200,0
1507054003,22720636,246.77,0.20253100,0
1507053865,22720594,246.78,4.40890200,0
1507053863,22720592,246.78,0.20000000,0
1507053862,22720591,246.78,8.88731968,0
1507053862,22720590,246.77,1.52741632,0
1507053861,22720589,246.77,4.94028000,0
1507053860,22720588,246.77,0.45228000,0
1507053847,22720575,246.77,5.00000000,0
1507053825,22720561,246.77,0.29052682,0
1507053825,22720559,246.76,0.24710000,0
1507053811,22720550,246.20,0.75290000,1
1507053809,22720549,246.21,0.24710000,1
1507053762,22720528,246.21,0.18565902,1
1507053759,22720527,246.77,0.04036000,0
1507053729,22720514,246.77,4.32378700,0
1507053516,22720380,246.77,0.16530669,0
1507053516,22720379,246.77,0.23168369,0
1507053479,22720364,246.77,0.02066619,0
1507053466,22720359,246.77,0.02067000,0
1507053453,22720356,246.77,0.01326383,0
1507053453,22720355,246.67,0.00740236,0
1507053444,22720353,246.67,0.03000000,0
1507053442,22720351,246.67,0.02068000,0
1507053307,22720299,246.77,0.20209102,0
1507053299,22720282,246.24,0.05808236,1
1507053299,22720280,246.47,0.04523877,1
1507053282,22720264,246.77,0.02067000,0
1507053256,22720243,246.77,0.60623252,0
1507053224,22720208,246.77,2.02111278,0
1507053197,22720186,246.77,3.18714060,0
1507053197,22720185,246.50,2.81285940,0
1507053191,22720181,246.50,0.60000000,1
1507053125,22720143,246.78,0.18186239,0
1507053012,22720104,246.59,0.16180049,0
1507052908,22720077,246.60,0.20691000,0
1507052742,22719958,246.48,0.63162029,1
1507052571,22719888,246.70,0.45229023,0
1507052548,22719873,246.70,0.04519660,0
1507052478,22719846,246.79,2.00126000,0
1507052375,22719765,246.79,0.20126000,0
1507052317,22719748,246.78,2.02123349,1
1507052288,22719698,246.79,0.50733800,0
1507052288,22719697,246.79,0.04036500,0
1507052283,22719695,246.79,0.05962800,0
1507052280,22719690,246.79,0.32280700,0
1507052275,22719686,246.79,0.03093100,0
1507052253,22719680,246.79,0.32290611,0
1507052251,22719679,246.78,0.20424630,0
1507052224,22719675,246.79,6.35255014,0
1507052224,22719674,246.79,29.41452486,0
1507052218,22719670,246.79,1.73076170,0
1507052218,22719669,246.78,0.10000000,0
1507052218,22719668,246.76,9.87886730,0
1507052207,22719659,246.49,9.12000000,1
1507052146,22719645,246.70,1.67823267,0
1507051985,22719498,246.65,1.69829880,1
1507051985,22719497,246.65,0.32400000,0
1507051941,22719454,246.66,0.19797633,0
1507051889,22719436,246.54,0.20837217,0
1507051871,22719422,246.58,0.02989527,0
1507051856,22719409,245.40,12.43727826,0
1507051856,22719407,245.50,0.90000000,1
1507051856,22719406,245.50,10.19143747,1
1507051856,22719405,245.50,3.00000000,1
1507051856,22719404,245.50,12.48497556,1
1507051855,22719403,245.50,0.04530113,0
1507051855,22719402,245.51,13.45337510,0
1507051855,22719401,245.65,0.65606627,1
1507051854,22719400,245.66,0.33990970,1
1507051854,22719399,245.88,2.09382800,1
1507051854,22719398,245.91,0.30000000,1
1507051854,22719396,246.00,1.47845500,0
1507051852,22719395,246.00,2.71768826,1
1507051782,22719341,246.00,1.58763561,1
1507051782,22719340,246.15,0.08080439,0
1507051781,22719339,246.15,0.32400000,1
1507051715,22719315,246.79,0.64670368,0
1507051627,22719280,246.78,2.02123349,0
1507051603,22719269,246.71,1.21308419,0
1507051503,22719243,246.66,0.02972255,0
1507051472,22719235,246.00,18.13896569,1
1507051472,22719234,246.00,0.40621951,1
1507051472,22719233,246.00,0.50000000,1
1507051472,22719232,246.00,4.00000000,1
1507051472,22719231,246.00,3.00000000,1
1507051471,22719230,246.00,2.37140312,1
1507051471,22719229,246.02,0.30000000,1
1507051471,22719228,246.05,13.19500000,1
1507051471,22719227,246.08,0.50000000,1
1507051470,22719226,246.15,9.43537745,1
1507051470,22719225,246.20,6.14919843,1
1507051470,22719224,246.21,2.09305000,0
1507051468,22719223,246.24,4.33306600,1
1507051309,22719120,246.18,0.10345190,1
1507051277,22719093,246.79,0.32651300,0
1507051215,22719060,246.79,0.60662912,0
1507051017,22718944,246.80,1.87086709,0
1507051015,22718941,246.79,0.15000000,0
1507050957,22718891,246.80,5.71414100,0
1507050957,22718890,246.79,0.17000000,0
1507050955,22718889,246.78,6.27803000,0
1507050828,22718856,246.50,0.57800000,1
1507050768,22718814,246.80,3.00710800,0
1507050768,22718813,246.80,3.00433088,0
1507050765,22718811,246.80,1.50330531,0
1507050764,22718810,246.79,0.21000000,0
1507050763,22718809,246.79,0.24710000,0
1507050683,22718768,246.12,1.95290000,1
1507050683,22718767,246.15,3.24710000,1
1507050681,22718766,246.15,0.75290000,1
1507050679,22718763,246.16,0.24710000,1
1507050605,22718705,246.80,0.79415683,0
1507050605,22718704,246.79,0.25000000,0
1507050591,22718692,246.79,2.50000000,0
1507050522,22718655,246.79,1.01045423,0
1507050463,22718628,246.79,0.09122770,0
1507050463,22718627,246.79,0.82104930,0
1507050437,22718609,246.78,0.31000000,0
1507050411,22718596,246.79,0.37000000,0
1507050393,22718573,246.78,0.44000000,0
1507050371,22718553,246.80,5.74139219,0
1507050371,22718552,246.79,0.47000000,0
1507050370,22718551,246.78,3.63979173,0
1507050325,22718466,246.80,0.83816856,0
1507050325,22718465,246.79,0.55000000,0
1507050319,22718461,246.78,1.38857374,0
1507050286,22718432,246.77,2.05532000,0
1507050073,22718335,246.97,0.71399380,1
1507050072,22718334,246.97,0.24540000,0
1507050072,22718333,246.97,0.04186620,0
1507049962,22718283,246.34,0.40937211,1
1507049962,22718281,246.50,0.09126138,1
1507049962,22718280,246.51,1.00000000,1
1507049854,22718188,247.11,0.02015297,0
1507049827,22718168,246.61,0.03447120,1
1507049779,22718127,247.00,1.37682400,0
1507049779,22718126,247.00,3.05655000,1
1507049779,22718125,247.01,0.30000000,1
1507049779,22718124,247.22,6.26662600,1
1507049752,22718104,247.08,4.56000000,0
1507049752,22718103,247.09,7.44000000,1
1507049685,22718045,247.18,0.02076142,1
1507049677,22718042,247.15,1.98601596,1
1507049667,22718033,247.33,4.75837000,1
1507049667,22718032,247.33,0.24540000,1
1507049651,22718012,247.28,1.55067523,1
1507049639,22718004,247.39,1.56086648,1
1507049551,22717947,247.45,1.67571646,1
1507049539,22717936,248.48,0.10754000,1
1507049539,22717935,248.47,0.66000000,0
1507049539,22717934,248.47,1.00000000,0
1507049537,22717933,248.46,0.24540000,0
1507049481,22717893,247.34,0.75460000,1
1507049480,22717891,247.40,0.24540000,1
1507049476,22717889,248.46,0.02877727,0
1507049464,22717862,248.46,0.28892177,1
1507049463,22717860,248.46,0.11255130,0
1507049442,22717847,247.49,4.94071720,1
1507049442,22717846,247.69,0.04034880,1
1507049430,22717844,248.39,0.19876001,0
1507049343,22717784,248.46,0.08137379,0
1507049343,22717783,248.46,0.73730929,1
1507049341,22717781,248.29,0.18511720,0
1507049301,22717767,247.72,0.05185290,1
1507049290,22717764,248.01,0.32200000,1
1507049288,22717762,248.48,2.99191081,0
1507049288,22717761,248.47,1.19000000,0
1507049288,22717760,248.47,0.24510000,0
1507049287,22717759,248.33,1.00000000,0
1507049287,22717758,248.32,0.30446910,0
1507049286,22717757,248.31,0.05418213,0
1507049043,22717484,248.21,0.08037549,0
1507049023,22717471,247.23,2.38417193,1
1507049023,22717470,247.23,0.24510000,1
1507049021,22717467,247.26,2.00000000,1
1507049014,22717464,248.23,0.20090239,0
1507049012,22717459,248.74,12.89647050,0
1507049012,22717458,248.74,0.50077160,0
1507049011,22717457,248.24,0.04986661,1
1507049010,22717456,248.24,3.32182900,1
1507049010,22717455,248.24,3.29565511,0
1507048960,22717432,248.35,0.23736662,0
1507048842,22717256,247.45,0.04986661,1
1507048842,22717254,247.48,2.84796079,1
1507048842,22717253,247.55,0.20000000,1
1507048842,22717252,247.57,0.32300000,1
1507048836,22717244,247.57,1.09162885,1
1507048830,22717241,247.75,0.20000000,1
1507048830,22717240,247.78,0.24418304,1
1507048793,22717179,248.20,0.01246001,1
1507048793,22717178,248.24,7.36705545,1
1507048792,22717172,248.24,0.50388501,1
1507048688,22717123,248.24,0.10253746,1
1507048688,22717122,248.25,0.23727950,1
1507048663,22717102,248.79,3.36424293,0
1507048663,22717101,248.78,2.00000000,0
1507048661,22717096,248.77,0.65000000,0
1507048626,22717070,248.77,0.05490000,0
1507048626,22717069,248.77,0.24510000,0
1507048608,22717047,248.73,1.29169283,1
1507048560,22717007,248.26,2.00000000,1
1507048315,22716781,248.26,2.00000000,1
1507048169,22716657,248.24,0.07813117,1
1507048169,22716656,248.25,0.24510000,1
1507048169,22716655,248.31,1.02271624,1
1507048095,22716614,248.79,1.24386028,0
1507048094,22716612,248.78,0.76086660,0
1507047998,22716540,248.79,0.87949500,0
1507047996,22716535,248.79,0.87949400,0
1507047995,22716534,248.79,0.87949100,0
1507047992,22716532,248.79,0.87950500,0
1507047992,22716531,248.79,0.87950200,0
1507047988,22716527,248.79,0.87952300,0
1507047987,22716526,248.79,0.28000000,0
1507047987,22716525,248.79,0.87949600,0
1507047986,22716524,248.79,1.08265000,0
1507047985,22716521,248.79,2.22077630,0
1507047985,22716520,248.79,0.23708570,0
1507047985,22716519,248.77,2.08387200,0
1507047985,22716518,248.77,8.28130100,0
1507047980,22716515,248.35,0.29880600,1
1507047955,22716500,248.77,1.24437900,0
1507047950,22716490,248.77,0.34148800,0
1507047922,22716467,248.77,0.87789200,0
1507047877,22716441,248.77,0.04898500,0
1507047877,22716440,248.68,0.45000000,0
1507047820,22716394,248.75,0.00855664,0
1507047818,22716392,248.74,0.77410560,0
1507047817,22716390,248.74,0.04000000,0
1507047807,22716379,248.75,0.28000000,0
1507047718,22716243,248.77,4.20595500,0
1507047718,22716242,248.58,2.79404500,0
1507047718,22716241,248.58,1.27150700,0
1507047718,22716240,248.58,0.53578400,0
1507047718,22716239,248.51,0.47000000,0
1507047717,22716238,248.50,2.40888127,0
1507047717,22716237,248.50,1.72177500,0
1507047717,22716236,248.50,3.98822000,0
1507047713,22716224,248.38,0.03418510,1
1507047687,22716204,248.50,0.08068410,0
1507047662,22716174,248.50,0.64631791,0
1507047648,22716157,248.50,46.46653875,0
1507047644,22716151,248.50,1.60744700,0
1507047628,22716134,248.50,3.42805600,0
1507047614,22716105,248.50,3.83402203,0
1507047609,22716101,248.48,0.44600000,0
1507047598,22716090,248.50,0.13479211,0
1507047598,22716089,248.42,0.46000000,0
1507047562,22716060,248.50,1.86140500,0
1507047561,22716059,248.50,9.32348800,0
1507047561,22716058,248.50,4.78021700,0
1507047561,22716057,248.50,6.41405810,0
1507047560,22716056,248.49,0.21000000,0
1507047560,22716055,248.48,1.95999990,0
1507047529,22716031,248.50,2.69000000,0
1507047528,22716030,248.49,0.31000000,0
1507047527,22716026,248.50,16.68900000,0
1507047527,22716025,248.49,0.31000000,0
1507047483,22716002,248.50,3.20965795,0
1507047482,22716000,248.50,0.52937567,0
1507047481,22715998,248.49,0.37000000,0
1507047408,22715942,248.50,2.62779479,0
1507047408,22715939,248.49,0.37610000,0
1507047403,22715933,248.49,0.06390000,0
1507047390,22715915,248.50,1.87959242,0
1507047390,22715914,248.49,0.12000000,0
1507047329,22715872,248.50,1.27437690,0
1507047318,22715865,248.50,2.01000000,0
1507047317,22715861,248.50,1.06685779,0
1507047316,22715859,248.49,0.14000000,0
1507047303,22715840,248.50,1.50129000,0
1507047303,22715839,248.49,0.16000000,0
1507047285,22715826,248.50,6.29620000,0
1507047284,22715825,248.49,0.20000000,0
1507047275,22715821,248.49,0.04869500,0
1507047255,22715802,248.50,15.00000000,0
1507047254,22715801,248.50,1.20434608,0
1507047252,22715800,248.50,0.14986100,0
1507047252,22715799,248.49,0.24000000,0
1507047249,22715792,248.50,0.32169100,0
1507047249,22715791,248.50,0.17196700,0
1507047246,22715790,248.50,6.49620000,0
1507047245,22715788,248.50,6.30193500,0
1507047244,22715786,248.50,0.53662300,0
1507047243,22715781,248.50,1.94317054,0
1507047240,22715775,248.50,3.96581700,0
1507047240,22715774,248.49,0.28000000,0
1507047235,22715769,248.50,0.50337900,0
1507047234,22715768,248.50,0.44691200,0
1507047232,22715766,248.50,1.36232000,0
1507047230,22715761,248.50,0.23578500,0
1507047229,22715759,248.50,0.19601300,0
1507047229,22715758,248.49,0.34000000,0
1507047220,22715754,248.50,1.00044600,0
1507047215,22715752,248.50,6.16337400,0
1507047215,22715751,248.49,0.33282600,0
1507047211,22715748,248.49,0.06717400,0
1507047206,22715745,248.50,5.00000000,0
1507047205,22715743,248.50,1.08518627,0
1507047201,22715740,248.50,5.00000000,0
1507047200,22715739,248.50,4.78288200,0
1507047200,22715738,248.49,0.21711800,0
1507047199,22715736,248.49,0.26288200,0
1507047197,22715731,248.50,0.09339700,0
1507047197,22715730,248.50,6.80000000,0
1507047194,22715724,248.50,2.19700300,0
1507047193,22715723,248.50,2.82823797,0
1507047192,22715720,248.50,0.37421700,0
1507047191,22715717,248.50,3.24461000,0
1507047186,22715713,248.50,0.41241589,0
1507047186,22715712,248.49,0.57000000,0
1507047180,22715700,248.50,1.81922600,0
1507047178,22715697,248.50,7.51825800,0
1507047173,22715688,248.50,1.47207000,0
1507047173,22715686,248.50,1.81922500,0
1507047172,22715684,248.50,2.91665300,0
1507047172,22715683,248.49,0.68000000,0
1507047166,22715674,248.50,1.81922500,0
1507047166,22715673,248.50,2.20822000,0
1507047166,22715672,248.49,0.80000000,0
1507047150,22715660,248.50,0.26122600,0
1507047149,22715657,248.50,2.03318900,0
1507047149,22715655,248.49,0.00000500,0
1507047148,22715653,248.49,0.94999500,0
1507047140,22715641,248.50,3.71177000,0
1507047139,22715640,248.50,0.05425100,0
1507047138,22715637,248.50,15.70028891,0
1507047137,22715636,248.49,0.00064909,0
1507047137,22715634,248.49,1.12935091,0
1507047087,22715616,248.50,1.62934400,0
1507047087,22715615,248.49,1.34000000,0
1507047047,22715564,248.49,0.71156600,0
1507047047,22715563,248.49,0.49949300,0
1507046990,22715503,248.50,7.31319900,0
1507046990,22715501,248.49,1.82000000,0
1507046990,22715500,248.48,0.42640100,0
1507046908,22715417,248.49,0.18849095,0
1507046874,22715355,248.04,4.52545869,1
1507046872,22715354,248.05,3.31803983,1
1507046856,22715336,248.50,0.04780400,0
1507046856,22715335,248.50,6.76865100,0
1507046855,22715334,248.49,0.28000000,0
1507046836,22715316,248.50,73.47300000,0
1507046836,22715315,248.49,0.42000000,0
1507046826,22715302,248.50,1.10177062,0
1507046826,22715301,248.49,0.42000000,0
1507046778,22715248,248.50,1.79580177,0
1507046777,22715247,248.50,7.12917505,0
1507046777,22715246,248.50,1.01782496,0
1507046777,22715245,248.49,0.50000000,0
1507046709,22715187,248.50,2.29702000,0
1507046708,22715184,248.50,1.03948500,0
1507046708,22715183,248.50,6.99814900,0
1507046694,22715170,248.50,6.71184600,0
1507046694,22715168,248.50,4.61896800,0
1507046694,22715167,248.50,12.32459600,0
1507046690,22715162,248.50,0.88360500,0
1507046685,22715156,248.50,28.45239900,0
1507046681,22715143,248.50,1.46595573,0
1507046669,22715131,248.50,8.08244900,0
1507046669,22715130,248.50,1.36479100,0
1507046668,22715129,248.50,17.04710000,0
1507046668,22715128,248.50,7.72534600,0
1507046666,22715127,248.50,6.76282400,0
1507046665,22715126,248.50,5.62077300,0
1507046665,22715125,248.50,1.07921000,0
1507046665,22715124,248.50,11.66674200,0
1507046589,22715058,248.50,1.33877086,0
1507046571,22715046,248.50,4.01448692,0
1507046568,22715044,248.50,4.01448692,0
1507046562,22715041,248.50,0.44000000,0
1507046559,22715038,248.50,1.33877086,0
1507046559,22715037,248.50,3.92263656,0
1507046553,22715034,248.50,3.28977867,0
1507046550,22715030,248.50,4.70048290,0
1507046549,22715028,248.50,3.28981891,0
1507046529,22715001,248.50,2.50000000,0
1507046518,22714985,248.50,0.39195971,0
1507046516,22714984,248.50,0.10068500,0
1507046494,22714971,248.50,0.30055000,0
1507046491,22714965,248.50,0.30184300,0
1507046491,22714963,248.50,1.70979268,0
1507046479,22714948,248.50,2.18794300,0
1507046475,22714943,248.50,4.01408451,0
1507046466,22714935,248.50,0.75831817,0
1507046460,22714925,248.50,0.40000000,0
1507046460,22714923,248.49,0.10000000,0
1507046457,22714922,248.50,0.99826300,0
1507046452,22714917,248.50,3.90432890,0
1507046447,22714915,248.50,13.76767900,0
1507046447,22714913,248.49,0.12000000,0
1507046418,22714897,248.50,3.96725623,0
1507046418,22714896,248.49,0.15000000,0
1507046399,22714858,248.50,2.28213000,0
1507046398,22714856,248.50,13.94620000,0
1507046392,22714850,248.50,2.11085000,0
1507046392,22714849,248.49,0.17000000,0
1507046388,22714847,248.42,5.00000000,1
1507046386,22714846,248.50,0.00014700,0
1507046386,22714845,248.49,0.21000000,0
1507046374,22714832,248.50,0.25130600,0
1507046372,22714831,248.50,0.25130600,0
1507046369,22714827,248.50,0.00017500,0
1507046369,22714826,248.49,0.25000000,0
1507046362,22714818,248.50,0.12025193,0
1507046359,22714817,248.50,17.59030000,0
1507046356,22714812,248.50,0.00020300,0
1507046355,22714806,248.49,0.29000000,0
1507046349,22714759,248.50,0.55953908,0
1507046344,22714751,248.50,0.70358148,0
1507046340,22714743,248.50,4.69915493,0
1507046339,22714742,248.49,0.35000000,1
1507046339,22714740,248.50,3.29078470,0
1507046326,22714730,248.49,0.41000000,1
1507046324,22714729,248.50,3.13931590,0
1507046324,22714726,248.50,3.29082494,0
1507046317,22714713,248.50,1.60169015,0
1507046316,22714709,248.50,3.29082494,0
1507046315,22714708,248.50,1.00000000,0
1507046313,22714700,248.49,0.49000000,1
1507046311,22714698,248.50,2.21678068,0
1507046311,22714697,248.50,2.48128772,0
1507046309,22714691,248.50,3.29086519,0
1507046301,22714687,248.50,7.37460000,0
1507046301,22714686,248.49,0.58000000,0
1507046296,22714684,248.50,0.77426753,0
1507046294,22714682,248.50,0.06336000,0
1507046294,22714680,248.49,0.23293247,0
1507046287,22714670,248.49,0.45706753,0
1507046285,22714662,248.50,3.29033245,0
1507046283,22714657,248.57,6.24871800,1
1507046250,22714625,248.94,2.63000000,0
1507046191,22714587,248.62,0.03419670,1
1507046190,22714584,248.62,0.03419670,1
1507046173,22714566,248.94,0.39163949,0
1507046099,22714501,248.95,2.34284801,0
1507046099,22714500,248.95,0.70038160,0
1507046053,22714460,248.95,0.78449969,0
1507046053,22714459,248.95,0.98411328,0
1507046018,22714426,248.95,0.01588672,0
1507046018,22714425,248.95,0.10000000,0
1507046016,22714424,248.92,0.28483047,0
1507045991,22714411,248.92,0.46516953,0
1507045991,22714410,248.89,0.75932100,0
1507045990,22714409,248.85,0.10000000,0
1507045990,22714408,248.85,0.10000000,0
1507045990,22714407,248.84,2.08392000,1
1507045989,22714406,248.80,0.10000000,0
1507045989,22714405,248.77,0.24354040,0
1507045989,22714404,248.75,0.10000000,0
1507045987,22714402,248.70,16.00000000,0
1507045987,22714401,248.70,0.10000000,0
1507045931,22714376,248.67,0.18952829,0
1507045874,22714349,248.67,1.18126000,0
1507045874,22714348,248.67,0.82000000,0
1507045864,22714331,248.66,0.81590000,0
1507045796,22714276,248.67,0.32046487,0
1507045795,22714275,248.65,0.08067976,0
1507045683,22714220,248.30,0.03427840,1
1507045682,22714213,248.30,0.03427840,1
1507045682,22714205,248.30,0.03427840,1
1507045476,22714055,248.30,4.12471833,1
1507045322,22713996,248.68,4.00000000,0
1507045297,22713981,248.69,1.36769809,0
1507045278,22713973,248.68,2.00579057,0
1507045042,22713807,248.69,2.77427200,0
1507044985,22713688,248.50,2.00724346,0
1507044985,22713687,248.50,2.78102700,0
1507044692,22713489,248.68,0.39176146,0
1507044646,22713462,248.67,0.09725358,0
1507044644,22713460,248.60,0.10000000,0
1507044508,22713364,248.44,0.25000000,1
1507044450,22713325,248.44,3.84000000,0
1507044416,22713309,248.30,3.42300000,1
1507044385,22713299,248.39,0.36140746,0
1507044329,22713272,247.62,3.42700000,0
1507044318,22713271,247.61,0.41058322,0
1507044317,22713267,247.61,8.51800000,1
1507044176,22713172,248.37,0.21980000,0
1507044074,22713120,248.45,1.00126000,0
1507043827,22713029,248.55,0.09700068,0
1507043825,22713027,248.50,0.10000000,0
1507043714,22712974,247.67,0.07921828,1
1507043712,22712973,247.90,0.12133172,1
1507043706,22712967,248.47,0.49453265,0
1507043706,22712964,248.40,0.08107891,0
1507043700,22712961,248.40,0.01892109,0
1507043698,22712960,248.22,0.17241254,0
1507043591,22712894,247.99,2.77000000,1
1507043590,22712891,248.00,2.76520351,0
1507043581,22712875,248.00,5.80074600,0
1507043565,22712866,248.00,1.50063349,0
1507043557,22712862,248.00,2.76520400,0
1507043439,22712741,247.99,1.22555000,1
1507043432,22712736,248.00,5.40491500,0
1507043431,22712734,248.00,6.77959300,0
1507043431,22712733,248.00,3.46794000,0
1507043431,22712732,248.00,1.51576500,0
1507043353,22712697,247.90,9.80851150,0
1507043240,22712597,247.90,4.19148850,0
1507043238,22712595,247.89,1.04000000,0
1507043145,22712559,247.96,3.06107234,0
1507043145,22712558,247.96,0.24560000,0
1507043144,22712557,247.95,0.53199878,0
1507043097,22712541,247.32,0.92170213,1
1507042859,22712438,247.46,6.07629600,1
1507042859,22712437,247.47,0.24560000,1
1507042738,22712300,248.22,0.17241000,1
1507042737,22712296,248.22,0.34603883,0
1507042699,22712256,247.45,1.19302239,1
1507042637,22712211,247.97,0.10185200,0
1507042574,22712175,247.97,0.45471332,0
1507042499,22712119,247.97,0.85010283,0
1507042497,22712116,247.96,1.18961667,0
1507042437,22712092,247.97,2.00782352,0
1507042435,22712091,247.96,2.79635400,0
1507042435,22712090,247.96,1.23000000,0
1507042394,22712081,248.22,0.10396117,0
1507042394,22712080,247.70,0.93565045,1
1507042392,22712078,247.70,2.80491230,0
1507042283,22712014,247.80,1.00126000,1
1507042094,22711945,247.86,0.04046980,0
1507041875,22711804,247.58,0.42285321,0
1507041875,22711803,247.50,4.62684700,0
1507041875,22711802,247.50,0.52284331,0
1507041875,22711801,247.37,0.46000000,0
1507041873,22711800,247.36,2.59389924,0
1507041847,22711790,247.34,1.00853077,0
1507041840,22711784,247.34,1.45184766,0
1507041756,22711764,247.33,2.88578500,0
1507041730,22711747,247.16,3.75335800,1
1507041703,22711718,247.27,0.80681037,0
1507041702,22711716,247.26,0.40126000,0
1507041658,22711670,247.34,0.10079243,0
1507041622,22711633,247.35,5.01126000,0
1507041622,22711632,247.21,2.99000000,0
1507041586,22711583,246.92,6.27007400,1
1507041417,22711396,246.75,0.92170213,0
1507041379,22711380,246.60,0.52284331,0
1507041376,22711342,246.60,14.00000000,0
1507041362,22711336,246.60,3.28798100,0
1507041233,22711272,246.60,5.18791569,0
1507041158,22711241,246.60,5.00000000,0
1507041093,22711185,246.60,2.00126000,0
1507040862,22710963,246.54,2.01772532,0
1507040540,22710717,246.58,0.19133296,0
1507040538,22710716,246.57,0.20365515,0
1507040313,22710545,245.94,2.08437600,1
1507040305,22710540,245.92,0.24730000,0
1507040302,22710536,245.94,0.24730000,1
1507040288,22710525,246.10,0.11942957,1
1507040255,22710506,246.59,1.00000000,0
1507040244,22710499,245.79,0.64925000,1
1507040201,22710429,246.57,0.08091009,0
1507040098,22710364,246.57,0.12134485,0
1507039702,22710061,246.59,0.15766694,0
1507039698,22710046,246.57,0.68576569,0
1507039689,22710013,245.92,0.24700000,0
1507039674,22709987,245.95,6.28368400,0
1507039651,22709945,246.00,0.14588802,1
1507039651,22709944,246.00,0.10000000,1
1507039651,22709943,246.00,1.29743355,1
1507039646,22709930,246.00,1.05619300,1
1507039645,22709929,246.01,0.88000000,1
1507039578,22709843,246.00,0.15203248,1
1507039495,22709764,246.00,3.23408886,1
1507039495,22709763,246.03,0.32500000,1
1507039495,22709762,246.04,2.16008053,1
1507039445,22709714,246.00,0.24428030,1
1507039445,22709713,246.05,1.03607970,1
1507039443,22709711,246.05,0.88061600,1
1507039381,22709623,246.07,10.19461157,1
1507039372,22709608,246.07,0.32400000,1
1507039366,22709603,246.05,0.73420000,1
1507039353,22709595,246.13,0.75200000,0
1507039353,22709594,246.13,0.24700000,1
1507039344,22709588,246.05,0.02148300,1
1507039332,22709580,246.08,0.02268300,1
1507039301,22709544,247.09,0.88004371,0
1507039298,22709540,246.06,2.27169598,1
1507039298,22709538,246.30,0.10000000,1
1507039298,22709537,246.31,0.30430402,1
1507039296,22709536,246.35,0.32400000,0
1507039269,22709509,247.31,11.00000000,0
1507039268,22709506,248.25,0.11806689,1
1507039268,22709505,248.25,13.45337510,1
1507039268,22709504,248.25,4.06094200,1
1507039268,22709503,248.25,7.70131188,1
1507039267,22709502,247.32,3.38930087,0
1507039267,22709500,247.24,0.45000000,0
1507039267,22709498,247.10,0.49158547,0
1507039266,22709495,247.07,1.32000000,1
1507039266,22709494,246.82,13.16850000,0
1507039266,22709493,246.82,7.70027579,1
1507039264,22709491,246.64,2.44000000,1
1507039264,22709490,246.64,6.18414600,0
1507038933,22709202,246.30,1.46336000,1
1507038926,22709165,246.43,3.75886057,1
1507038925,22709158,246.43,6.28074500,0
1507038916,22709156,246.30,9.40777677,0
1507038913,22709155,246.30,0.59222323,0
1507038815,22709112,246.34,2.43775678,1
1507038815,22709111,246.40,3.84265422,1
1507038813,22709110,246.33,6.27990700,0
1507038804,22709096,246.40,0.40462463,0
1507038792,22709091,246.43,1.97113742,0
1507038738,22709074,246.16,1.03117891,0
1507038701,22709059,246.38,0.50000000,0
1507038686,22709055,246.48,0.40446947,0
1507038577,22708971,246.00,13.61597181,1
1507038553,22708953,246.00,0.40000000,1
1507038544,22708950,246.25,0.60574629,0
1507038517,22708933,246.25,0.13811168,0
1507038474,22708868,246.07,5.46700285,0
1507038461,22708864,246.29,0.32400000,0
1507038324,22708754,246.01,0.99689613,1
1507038324,22708752,246.07,0.89189000,1
1507038323,22708751,246.09,5.81121387,1
1507038288,22708695,246.07,2.10811000,1
1507038287,22708694,246.20,1.00000000,1
1507038287,22708692,246.44,2.09189000,1
1507038282,22708687,246.50,7.19188212,0
1507038281,22708686,246.51,0.32400000,1
1507038254,22708664,247.10,0.78548761,0
1507038253,22708663,247.10,2.35394284,0
1507038135,22708563,247.30,0.02100000,1
1507038108,22708533,247.46,0.80627172,0
1507038044,22708445,247.59,0.43757825,0
1507037986,22708358,247.60,0.69293214,0
1507037850,22708281,247.60,1.00126000,0
1507037820,22708253,247.65,2.04653963,0
1507037820,22708252,247.64,1.16299730,0
1507037788,22708229,247.65,0.11977478,0
1507037687,22708119,247.49,3.72747398,0
1507037687,22708118,247.40,1.00000000,0
1507037687,22708117,247.39,0.24680000,0
1507037687,22708116,247.38,0.02572602,0
1507037667,22708087,247.39,0.29827398,1
1507037665,22708083,247.30,0.10000000,0
1507037612,22708040,247.20,1.00000000,0
1507037545,22707981,247.24,3.15216884,0
1507037527,22707965,246.52,0.69878378,1
1507037499,22707938,246.53,3.33140390,0
1507037477,22707911,247.14,12.00000000,0
1507037385,22707721,247.15,2.00000000,1
1507037364,22707705,246.50,0.14000000,1
1507037363,22707702,246.51,0.14062299,0
1507037361,22707701,246.53,1.30936701,1
1507037361,22707700,246.55,0.24680000,1
1507037361,22707699,246.70,1.00000000,1
1507037353,22707689,246.53,2.69063299,1
1507037296,22707643,246.50,3.46873061,0
1507037267,22707616,246.50,3.56966295,0
1507037259,22707614,246.50,0.08067976,0
1507037245,22707611,246.50,5.00000000,0
1507037241,22707607,246.50,0.78521600,0
1507037240,22707603,246.50,5.00000000,0
1507037238,22707600,246.50,0.19807204,0
1507037199,22707588,246.50,0.10000000,0
1507037095,22707517,246.50,8.41569075,0
1507037095,22707516,246.50,3.18665966,0
1507036975,22707409,246.50,7.56580406,0
1507036943,22707389,246.50,0.50000000,0
1507036935,22707375,246.50,0.05000000,0
1507036933,22707366,246.50,5.62327000,0
1507036904,22707346,246.50,1.44933000,0
1507036903,22707345,246.50,0.93532500,0
1507036900,22707343,246.50,0.51181700,0
1507036889,22707342,246.50,0.34361055,0
1507036884,22707336,246.50,0.34361055,0
1507036884,22707332,246.50,0.12103552,0
1507036878,22707329,246.50,0.68726166,0
1507036878,22707328,246.50,0.34361055,0
1507036866,22707320,246.50,0.34361055,0
1507036866,22707319,246.50,0.68726166,0
1507036860,22707315,246.50,0.68974113,0
1507036860,22707314,246.49,1.37208443,0
1507036853,22707309,246.49,0.33988217,0
1507036853,22707307,246.49,0.00372838,0
1507036836,22707297,246.49,1.85845762,0
1507036823,22707286,246.39,0.32400000,1
1507036823,22707285,246.59,1.00000000,1
1507036780,22707246,246.59,0.36304728,0
1507036780,22707245,246.58,0.32400000,0
1507036726,22707200,245.55,1.32520806,1
1507036726,22707199,245.77,0.59232240,1
1507036726,22707198,245.86,0.14500754,1
1507036726,22707197,246.26,1.91746200,1
1507036720,22707195,246.26,0.17511800,0
1507036718,22707193,246.27,0.32400000,1
1507036718,22707192,246.76,0.04046828,0
1507036716,22707191,246.78,2.77789030,0
1507036664,22707162,246.86,0.86201316,0
1507036635,22707138,246.60,1.00000000,1
1507036553,22707070,246.60,0.52846517,1
1507036534,22707048,246.59,0.29254900,0
1507036530,22707039,246.60,1.39010139,0
1507036528,22707033,246.59,2.36645882,0
1507036522,22707029,246.12,0.43000000,1
1507036521,22707027,246.13,0.43000000,0
1507036519,22707025,246.12,0.68713059,0
1507036494,22706969,246.12,5.23439144,0
1507036445,22706919,246.12,6.59450674,0
1507036438,22706909,246.12,0.10355423,0
1507036438,22706908,246.12,0.45950172,0
1507036399,22706872,246.09,0.81067902,0
1507036296,22706722,246.06,0.04051857,0
1507036226,22706647,245.50,8.61065618,1
1507036195,22706622,245.50,2.80106439,1
1507036178,22706604,245.50,2.05970609,1
1507036171,22706590,245.50,11.08000000,1
1507036169,22706589,245.51,0.08000000,1
1507036169,22706588,245.52,0.35909801,1
1507036153,22706567,245.50,5.09837424,1
1507036153,22706566,245.56,0.50539783,1
1507036151,22706563,245.64,0.39622793,1
1507036139,22706541,245.64,1.09470487,1
1507036126,22706533,245.75,0.50007383,1
1507036126,22706532,245.77,0.65357908,1
1507036114,22706524,245.95,1.00000000,1
1507036113,22706523,245.96,0.10580470,1
1507036103,22706492,246.00,9.87019000,1
1507036099,22706477,246.00,3.29781000,1
1507036099,22706475,246.00,0.10000000,1
1507036099,22706473,246.00,10.00000000,1
1507036098,22706471,246.00,6.00000000,1
1507036098,22706469,246.00,2.00000000,1
1507036098,22706464,246.03,0.50000000,1
1507036098,22706462,246.10,0.10000000,1
1507036097,22706461,246.20,0.10000000,1
1507036095,22706459,246.21,2.02899358,1
1507036095,22706457,246.21,0.00000004,1
1507036088,22706429,246.25,4.12471833,1
1507036063,22706348,246.32,0.50000000,0
1507036061,22706347,246.31,0.63674752,0
1507035958,22706191,246.21,4.99999996,1
1507035937,22706157,246.20,0.14252000,1
1507035934,22706151,246.20,1.77319339,1
1507035928,22706133,246.20,2.22196100,1
1507035917,22706111,246.67,0.08087401,0
1507035881,22706034,246.21,2.22196017,1
1507035881,22706033,246.22,6.26000000,1
1507035880,22706031,246.24,3.31803983,1
1507035880,22706026,246.30,0.10000000,1
1507035878,22706022,246.40,0.10000000,1
1507035870,22705984,246.70,0.08086745,0
1507035863,22705950,246.70,4.06364004,0
1507035861,22705947,246.69,2.21490300,0
1507035855,22705928,246.43,0.48177200,1
1507035855,22705926,246.43,1.61074800,1
1507035855,22705923,246.50,3.25211500,1
1507035855,22705922,246.50,1.74788500,1
1507035855,22705920,246.50,0.10000000,1
1507035843,22705873,246.51,0.77758823,1
1507035842,22705872,246.55,0.22471270,1
1507035842,22705870,246.60,0.10000000,1
1507035841,22705868,246.63,0.94811564,1
1507035841,22705867,246.70,0.10000000,1
1507035839,22705863,246.80,0.10000000,1
1507035839,22705861,246.80,1.13599222,1
1507035826,22705848,246.80,3.86400778,1
1507035825,22705847,246.80,2.92856222,1
1507035825,22705845,246.80,2.09180300,1
1507035815,22705832,247.00,3.73371397,0
1507035815,22705831,246.99,0.24540000,0
1507035815,22705830,246.82,0.02088603,0
1507035814,22705829,246.90,0.10000000,1
1507035814,22705828,246.95,0.45911397,1
1507035811,22705824,246.95,1.63161803,1
1507035811,22705823,247.00,0.10000000,1
1507035811,22705822,247.00,0.35911397,1
1507035811,22705819,247.00,8.07925247,1
1507035811,22705818,247.01,2.36552853,1
1507035810,22705814,247.10,0.10000000,1
1507035810,22705813,247.20,0.10000000,1
1507035810,22705810,247.26,0.17632073,1
1507035809,22705808,247.30,0.10000000,1
1507035790,22705787,247.40,0.10000000,1
1507035790,22705786,247.40,5.65657859,1
1507035790,22705785,247.41,0.00001612,1
1507035789,22705783,247.41,2.29028734,1
1507035758,22705768,247.41,2.64102514,1
1507035755,22705764,247.41,2.06867140,1
1507035655,22705693,247.40,1.04545500,1
1507035645,22705678,247.40,0.50000000,1
1507035637,22705635,247.40,0.50000000,1
1507035622,22705569,247.40,2.43613578,1
1507035596,22705438,247.40,15.00000000,1
1507035594,22705437,247.40,0.46175201,1
1507035592,22705434,247.41,1.56109600,1
1507035577,22705409,247.40,2.16710481,1
1507035577,22705408,247.43,1.94225790,1
1507035573,22705400,247.44,2.42601000,1
1507035554,22705351,247.60,0.10000000,1
1507035539,22705267,247.41,2.99000000,1
1507035539,22705266,247.47,2.08896700,1
1507035539,22705265,247.49,0.24354040,1
1507035538,22705264,247.50,0.10000000,1
1507035538,22705263,247.57,0.24540000,1
1507035538,22705262,247.73,0.09508237,1
1507035538,22705261,248.00,0.10000000,1
1507035538,22705260,248.00,0.40000000,1
1507035538,22705259,248.10,0.10000000,1
1507035507,22705247,248.20,0.10000000,1
1507035507,22705246,248.20,1.17759193,1
1507035507,22705245,248.20,2.06257047,1
1507035504,22705236,248.30,0.00050000,1
1507035503,22705234,248.30,0.09950000,1
1507035498,22705230,248.42,0.20074873,0
1507035477,22705205,248.72,3.60948054,0
1507035454,22705173,248.40,0.10000000,1
1507035439,22705146,248.64,3.89633498,0
1507035402,22705122,248.41,0.10000000,0
1507035394,22705117,248.41,8.09144500,0
1507035394,22705114,248.50,0.10000000,1
1507035336,22705025,248.79,3.60831994,0
1507035272,22704981,248.91,0.88433570,1
1507035270,22704979,248.82,0.12166600,0
1507035077,22704923,248.77,0.19933400,1
1507035075,22704921,248.70,0.80192600,0
1507034927,22704837,248.11,0.80192600,1
1507034927,22704836,248.40,2.08707400,1
1507034925,22704833,248.43,4.00000000,1
1507034922,22704829,248.44,4.67270714,0
1507034910,22704802,248.47,2.75530000,0
1507034910,22704801,248.46,0.24470000,0
1507034904,22704794,248.46,7.98735200,1
1507034900,22704792,248.54,0.24470000,0
1507034899,22704791,248.57,0.32100000,1
1507034850,22704705,249.11,1.00000000,0
1507034836,22704699,249.10,0.01999197,0
1507034713,22704635,248.60,1.22584298,0
1507034595,22704605,248.60,0.19658085,0
1507034569,22704596,248.60,1.03348266,0
1507034563,22704590,248.60,0.78154836,0
1507034503,22704568,248.58,0.19590190,0
1507034453,22704538,248.74,1.00000000,0
1507034436,22704532,248.77,1.20368212,0
1507034403,22704498,248.62,0.20058724,0
1507034384,22704486,248.62,2.00607353,0
1507034294,22704425,248.79,7.21103044,0
1507034137,22704254,249.50,1.27900000,0
1507034137,22704253,249.49,0.32100000,0
1507034079,22704173,249.63,0.39959140,0
1507033618,22703964,248.03,5.20000000,1
1507033618,22703963,248.03,3.38746678,1
1507033618,22703962,248.04,8.38000000,0
1507033618,22703961,248.11,0.64614683,1
1507033617,22703960,248.20,0.23708570,1
1507033617,22703959,248.30,0.50017048,1
1507033617,22703958,248.33,10.00933757,1
1507033616,22703957,248.40,2.08605900,1
1507033616,22703956,248.46,3.44321920,1
1507033612,22703955,248.45,4.67900000,1
1507033612,22703954,248.94,0.32100000,1
1507033612,22703953,249.00,1.00000000,1
1507033474,22703897,249.49,0.09816835,1
1507033462,22703894,249.49,1.06700650,1
1507033434,22703879,249.49,1.75494500,1
1507033400,22703831,249.49,0.07988015,0
1507033330,22703816,249.49,5.50979999,0
1507033310,22703774,249.66,1.88812785,0
1507033310,22703773,249.48,0.98699819,0
1507033308,22703772,249.40,1.12215679,0
1507033283,22703759,249.40,0.86014434,0
1507033281,22703756,249.39,0.17974768,0
1507033222,22703726,249.48,0.50226000,0
1507032992,22703602,250.00,0.01769887,1
1507032860,22703502,250.24,0.02397698,0
1507032816,22703478,250.00,0.32829100,1
1507032815,22703477,250.00,0.52133100,1
1507032800,22703472,250.00,2.52198000,1
1507032734,22703437,250.28,0.03987534,0
1507032541,22703287,249.38,4.13725281,0
1507032541,22703286,249.38,0.24360000,1
1507032539,22703285,250.30,0.20759089,0
1507032514,22703280,250.30,0.03983220,0
1507032488,22703253,250.30,3.29053136,0
1507032450,22703227,250.30,0.44000000,0
1507032441,22703211,250.30,3.87460686,0
1507032347,22703111,250.41,0.19907352,0
1507032336,22703091,250.41,0.13750737,0
1507032336,22703090,250.34,0.31249263,0
1507032307,22703067,250.34,0.03195654,0
1507032298,22703061,250.34,1.99229048,0
1507032253,22703043,250.35,2.02284801,0
1507032193,22703014,250.39,0.19589440,0
1507032191,22703013,250.20,1.00000000,0
1507032089,22702954,250.54,18.84705037,1
1507032089,22702953,250.53,0.64569874,0
1507032089,22702952,250.50,0.10000000,0
1507032088,22702951,250.45,0.10000000,0
1507032088,22702950,250.35,0.10000000,0
1507032087,22702949,250.31,6.25345400,0
1507032087,22702947,250.30,0.03203000,0
1507032087,22702946,250.30,1.49093280,0
1507032086,22702945,250.25,0.10000000,0
1507032086,22702944,250.15,0.10000000,0
1507032086,22702943,250.05,0.10000000,0
1507032084,22702940,250.00,2.38759500,0
1507032084,22702939,250.00,0.62605446,0
1507032084,22702938,250.00,1.42385600,0
1507032084,22702936,250.00,0.04135100,0
1507032084,22702935,250.00,3.52956000,0
1507032070,22702925,250.00,11.47044000,0
1507032070,22702924,249.95,0.10000000,0
1507032069,22702922,249.85,0.10000000,0
1507032069,22702920,249.75,0.10000000,0
1507032069,22702917,249.65,0.10000000,0
1507032067,22702915,249.55,0.10000000,0
1507032062,22702903,249.50,5.28194070,0
1507032059,22702898,249.50,0.53401000,0
1507032051,22702883,249.50,1.99919840,0
1507032048,22702875,249.50,5.18285090,0
1507032048,22702874,249.49,0.28000000,0
1507032047,22702873,249.45,0.10000000,0
1507032047,22702872,249.38,4.44168610,0
1507032045,22702869,249.38,5.46285130,0
1507032045,22702868,249.35,0.10000000,0
1507032045,22702867,249.34,6.75657870,0
1507032045,22702866,249.32,0.77857000,0
1507032044,22702864,249.32,7.03657900,0
1507032044,22702863,249.32,0.18485100,0
1507032044,22702861,249.31,3.00000000,0
1507032038,22702853,249.25,0.10000000,0
1507032038,22702852,249.15,0.10000000,0
1507032037,22702851,249.12,0.11817071,0
1507032037,22702850,249.10,0.00000039,0
1507032037,22702849,249.10,2.08768500,0
1507032011,22702815,249.10,0.02408671,0
1507031652,22702596,249.10,0.76555811,0
1507031586,22702570,249.10,0.20000000,0
1507031530,22702536,249.00,0.23444189,1
1507031530,22702535,249.00,0.12433011,1
1507031449,22702507,249.10,0.02998795,0
1507031448,22702504,249.09,4.00000000,1
1507031447,22702500,249.09,4.00000000,0
1507031266,22702368,249.10,1.00108390,0
1507031246,22702350,248.99,0.62605446,1
1507031243,22702347,249.00,0.06600000,1
1507031217,22702338,249.00,0.21425695,0
1507031198,22702329,249.00,0.06008032,0
1507031170,22702312,248.99,1.42385600,1
1507031166,22702310,248.99,0.04135100,1
1507031143,22702296,249.00,0.72566273,0
1507031143,22702295,249.00,1.25604924,0
1507031141,22702293,248.99,0.02500000,0
1507031067,22702190,249.00,1.22983936,0
1507030994,22702145,249.00,1.00126000,0
1507030966,22702125,249.00,6.51285140,0
1507030965,22702124,248.95,3.00000000,0
1507030965,22702123,248.95,0.10000000,0
1507030965,22702122,248.85,0.10000000,0
1507030963,22702121,248.83,0.26521220,0
1507030910,22702098,248.83,0.12024274,0
1507030897,22702092,248.83,0.15740552,0
1507030863,22702067,248.83,1.10000000,0
1507030803,22702041,248.28,0.02500000,1
1507030797,22702024,248.83,0.36688375,0
1507030797,22702023,248.83,0.55671342,0
1507030797,22702022,248.73,1.13000000,0
1507030771,22702011,248.71,3.75674000,1
1507030763,22702005,248.71,1.06677000,1
1507030747,22702002,248.71,1.31881283,0
1507030672,22701973,248.51,0.63747937,0
1507030672,22701972,248.50,0.23712046,0
1507030670,22701970,248.44,0.12489274,0
1507030628,22701940,248.49,0.12040726,0
1507030555,22701896,247.70,0.23712046,1
1507030555,22701894,247.71,0.24530000,1
1507030544,22701865,248.53,0.03000000,1
1507030510,22701852,248.54,0.80264746,0
1507030498,22701845,248.54,0.40134385,0
1507030486,22701835,248.53,0.27000000,1
1507030473,22701830,248.53,0.32000000,1
1507030463,22701826,248.53,0.38000000,0
1507030417,22701790,248.57,0.80259082,0
1507030332,22701745,248.72,1.46530234,1
1507030330,22701744,248.71,0.54000000,0
1507030320,22701734,248.72,26.15620200,0
1507030243,22701676,248.82,0.08017522,0
1507030223,22701661,248.56,0.12037335,0
1507030203,22701553,248.01,1.33441000,1
1507030179,22701517,248.43,5.15145780,0
1507030121,22701500,248.83,0.34328658,0
1507030121,22701499,248.75,0.10000000,0
1507030120,22701498,248.72,6.26095600,0
1507030120,22701497,248.65,0.10000000,0
1507030120,22701496,248.55,0.09542507,0
1507030119,22701495,248.37,6.26095600,0
1507030104,22701494,248.35,4.01650896,0
1507030005,22701469,248.52,1.25736359,0
1507030005,22701468,248.45,0.10000000,0
1507030005,22701467,248.35,0.10000000,0
1507030004,22701466,248.25,0.10000000,0
1507030004,22701465,248.24,0.24540000,1
1507030004,22701464,248.15,0.10000000,0
1507030002,22701461,248.00,4.98585161,0
1507030001,22701460,247.80,0.83622847,1
1507029999,22701459,247.82,0.24540000,1
1507029877,22701390,248.00,19.32774194,0
1507029871,22701386,248.00,3.23745485,0
1507029835,22701342,248.00,1.28633064,0
1507029834,22701339,248.00,1.16262096,0
1507029834,22701338,247.99,0.65362752,0
1507029832,22701335,247.90,0.24345761,0
1507029820,22701301,247.80,0.40000000,1
1507029819,22701297,247.70,27.47325709,0
1507029716,22701242,247.70,1.00000000,0
1507029709,22701239,247.70,1.00000000,0
1507029670,22701210,247.70,1.00000000,0
1507029544,22701172,247.70,3.60263156,0
1507029531,22701168,247.70,2.40258345,0
1507029521,22701163,247.70,1.00000000,0
1507029516,22701162,247.70,1.00000000,0
1507029512,22701161,247.70,3.91312170,0
1507029470,22701150,247.70,1.00000000,0
1507029458,22701143,247.68,4.60538124,1
1507029455,22701142,247.68,0.50000000,1
1507029433,22701129,247.68,4.00465846,0
1507029376,22701100,247.70,1.99309648,0
1507029376,22701099,247.70,1.15962858,0
1507029374,22701098,247.70,0.10056520,0
1507029371,22701097,247.68,1.00126000,0
1507029256,22701003,246.63,4.75657870,0
1507029255,22701002,246.63,5.00000000,0
1507029254,22701000,246.63,3.19851599,0
1507029247,22700996,246.63,1.25735477,0
1507029244,22700994,246.63,0.38121000,0
1507029239,22700991,246.63,12.00000000,0
1507029239,22700990,246.63,46.64488406,0
1507029237,22700987,246.63,5.35445810,0
1507029237,22700985,246.63,3.19851599,0
1507029236,22700982,246.63,2.51462717,0
1507029235,22700979,246.63,3.19827271,0
1507029234,22700977,246.63,4.87935300,0
1507029234,22700976,246.63,5.35401208,0
1507029233,22700971,246.63,3.19827271,0
1507029231,22700954,246.63,3.19827271,0
1507029230,22700951,246.63,5.35368771,0
1507029229,22700949,246.63,3.19827271,0
1507029228,22700946,246.63,3.19819162,0
1507029227,22700944,246.63,5.35364716,0
1507029226,22700937,246.63,3.19819162,0
1507029224,22700934,246.63,4.97863196,0
1507029223,22700931,246.63,3.19819162,0
1507029220,22700926,246.63,0.40445201,0
1507029212,22700913,246.63,0.75808296,0
1507029211,22700910,246.63,0.40445201,0
1507029207,22700906,246.63,3.08182800,0
1507029207,22700904,246.63,1.44767465,0
1507029206,22700902,246.63,4.99736447,0
1507029205,22700897,246.63,3.19819162,0
1507029204,22700894,246.63,57.67536300,0
1507029203,22700893,246.63,19.01463700,0
1507029193,22700887,246.63,0.60635742,0
1507029188,22700886,246.63,2.00000000,0
1507029178,22700881,246.63,0.10108259,0
1507029175,22700878,246.63,0.65079400,0
1507029172,22700876,246.63,0.94037300,0
1507029171,22700875,246.63,3.10997000,0
1507029168,22700874,246.63,2.79303789,0
1507029167,22700872,246.63,3.11308700,0
1507029162,22700864,246.63,0.96850245,0
1507029159,22700861,246.63,5.00000000,0
1507029155,22700860,246.63,20.00000000,0
1507029154,22700859,246.63,20.00000000,0
1507029122,22700833,246.63,6.08655500,0
1507029119,22700828,246.63,0.44007400,0
1507029118,22700827,246.63,2.10071767,0
1507029117,22700826,246.63,3.19819162,0
1507029116,22700823,246.63,3.19815107,0
1507029115,22700821,246.63,4.99229615,0
1507029114,22700819,246.63,3.19815107,0
1507029113,22700816,246.63,0.15048300,0
1507029103,22700810,246.63,0.40445201,0
1507029095,22700807,246.63,0.38340835,0
1507029095,22700806,246.63,3.19815107,0
1507029084,22700770,246.63,1.05344038,0
1507029083,22700768,246.63,1.09912879,0
1507029077,22700767,246.63,8.06792500,0
1507029072,22700762,246.63,0.20008250,0
1507029072,22700761,246.62,0.23147150,0
1507029062,22700750,246.63,0.08089040,0
1507029052,22700733,246.63,0.83317628,0
1507029049,22700732,246.63,1.99546006,0
1507029028,22700728,246.63,1.62988907,0
1507028963,22700680,246.63,0.24194136,0
1507028959,22700675,246.63,0.32627000,0
1507028947,22700662,246.63,3.66136500,0
1507028947,22700660,246.63,7.35029300,0
1507028943,22700655,246.63,0.49886900,0
1507028936,22700648,246.63,3.00000000,0
1507028928,22700646,246.63,3.92458800,0
1507028926,22700645,246.63,4.02496482,0
1507028926,22700643,246.60,9.65458518,0
1507028923,22700642,246.60,0.17173560,0
1507028918,22700637,246.60,0.17367922,0
1507028891,22700614,246.63,0.14267000,0
1507028884,22700603,246.63,3.42769277,0
1507028841,22700549,246.63,3.04558750,0
1507028841,22700548,246.63,2.51179604,0
1507028840,22700547,246.62,0.23849917,0
1507028753,22700456,245.96,4.70735107,0
1507028753,22700455,246.00,4.00000000,1
1507028753,22700453,246.00,3.19953199,0
1507028752,22700451,246.00,1.54776586,0
1507028752,22700450,246.26,0.48000000,1
1507028752,22700449,246.29,5.05155191,1
1507028751,22700448,246.31,0.23849917,1
1507028751,22700447,246.31,1.00000000,1
1507028705,22700430,246.63,0.30625942,0
1507028682,22700422,246.63,1.56686069,0
1507028680,22700421,246.63,3.19531281,0
1507028680,22700419,246.63,4.98637636,0
1507028679,22700417,246.63,3.19531281,0
1507028674,22700413,246.63,4.04452013,0
1507028671,22700411,246.63,0.36358107,0
1507028664,22700404,246.63,2.06029274,0
1507028653,22700400,246.63,0.36252686,0
1507028648,22700394,246.63,52.12600000,0
1507028623,22700364,246.63,1.01110976,0
1507028618,22700360,246.63,1.63400000,0
1507028553,22700326,246.63,3.75400000,0
1507028548,22700323,246.63,6.86716944,0
1507028544,22700319,246.63,0.18187300,0
1507028543,22700318,246.63,1.01626900,0
1507028542,22700317,246.63,1.27152300,0
1507028538,22700310,246.63,1.62007700,0
1507028531,22700294,246.63,2.29900000,0
1507028525,22700289,246.63,1.64419749,0
1507028524,22700287,246.63,0.52506750,0
1507028515,22700266,246.63,2.92454283,0
1507028508,22700259,246.63,4.83100000,0
1507028501,22700256,246.63,1.89000000,0
1507028497,22700254,246.63,1.00000000,0
1507028480,22700252,246.63,3.94898000,0
1507028477,22700248,246.63,0.34444309,0
1507028476,22700246,246.63,0.56776400,0
1507028461,22700238,246.63,0.04096269,0
1507028452,22700232,246.63,3.00000000,0
1507028448,22700229,246.63,8.30171000,0
1507028446,22700225,246.63,7.09005393,0
1507028442,22700224,246.63,1.03514000,0
1507028441,22700223,246.63,0.74177175,0
1507028429,22700214,246.63,0.26364200,0
1507028413,22700179,246.63,5.00000000,0
1507028409,22700132,246.63,2.04314155,0
1507028389,22700065,246.63,4.04249280,0
1507028373,22700047,246.63,0.76725500,0
1507028372,22700046,246.63,0.76725500,0
1507028371,22700045,246.63,0.76725500,0
1507028370,22700044,246.63,0.76725500,0
1507028370,22700043,246.63,0.50061000,0
1507028369,22700042,246.63,0.76725500,0
1507028321,22699976,246.63,20.22470908,0
1507028304,22699974,246.63,0.50000000,0
1507028301,22699973,246.63,10.00000000,0
1507028298,22699971,246.63,7.34249300,0
1507028293,22699968,246.63,0.59175367,0
1507028293,22699967,246.63,2.48517200,0
1507028283,22699965,246.63,1.21577424,0
1507028282,22699964,246.63,3.38640879,0
1507028248,22699938,246.63,14.42586800,0
1507028247,22699937,246.63,21.74857200,0
1507028245,22699935,246.63,0.28142500,0
1507028244,22699932,246.63,1.38748000,0
1507028242,22699928,246.63,21.78792100,0
1507028238,22699920,246.63,2.00997437,0
1507028235,22699918,246.63,1.00000000,0
1507028233,22699917,246.63,0.19987592,0
1507028224,22699904,246.63,0.48000000,0
1507028206,22699894,246.42,0.55276965,1
1507028206,22699893,246.42,6.12919052,1
1507028206,22699892,246.42,3.31803983,1
1507028172,22699886,246.63,11.78501380,0
1507028168,22699884,246.63,0.04042493,0
1507028137,22699875,246.63,0.16797300,0
1507028134,22699874,246.30,60.00000000,1
1507028128,22699872,246.63,6.61500000,0
1507028121,22699870,246.63,0.43295531,0
1507028121,22699869,246.63,47.23402255,0
1507028114,22699863,246.60,0.10754712,0
1507028091,22699853,246.63,0.08673000,0
1507028091,22699852,246.63,1.02566300,0
1507028090,22699851,246.63,6.00000000,0
1507028081,22699850,246.63,2.68235819,0
1507028079,22699848,246.63,3.19535336,0
1507028057,22699844,246.63,2.17495844,0
1507028056,22699841,246.63,3.19535336,0
1507028055,22699838,246.63,0.78473827,0
1507028054,22699835,246.62,0.23851354,0
1507028034,22699822,246.63,1.63374285,0
1507027959,22699797,246.63,5.01415075,0
1507027958,22699796,246.63,3.19535336,0
1507027954,22699792,246.63,2.53598041,0
1507027953,22699791,246.63,6.04101361,0
1507027946,22699788,246.63,4.04203000,0
1507027906,22699756,246.63,3.85534700,0
1507027902,22699742,246.63,2.02600000,0
1507027897,22699741,246.63,1.87175200,0
1507027863,22699726,246.63,4.96234850,0
1507027852,22699725,246.63,1.12197800,0
1507027847,22699723,246.63,0.32729189,0
1507027843,22699710,246.63,2.16636799,0
1507027775,22699681,246.63,6.00000000,0
1507027774,22699678,246.63,0.24345761,0
1507027756,22699673,246.63,50.99427200,0
1507027752,22699671,246.63,0.50000000,0
1507027713,22699604,246.63,2.99619458,0
1507027710,22699602,246.63,1.24000000,0
1507027710,22699600,246.63,4.00000000,0
1507027709,22699599,246.63,4.00000000,0
1507027708,22699597,246.63,0.19727016,0
1507027705,22699591,246.63,7.84138700,0
1507027703,22699588,246.63,2.78074300,0
1507027703,22699586,246.63,14.16200000,0
1507027703,22699583,246.63,17.05989900,0
1507027697,22699579,246.63,2.00126000,0
1507027691,22699575,246.63,10.00000000,0
1507027690,22699574,246.63,0.54343197,0
1507027675,22699559,246.60,6.03906735,1
1507027673,22699558,246.61,5.96093265,1
1507027671,22699557,246.63,0.90000000,0
1507027653,22699539,246.63,0.32911649,0
1507027652,22699538,246.63,2.02246280,0
1507027632,22699516,246.63,1.80000000,0
1507027614,22699481,246.63,3.00750000,0
1507027613,22699476,246.63,0.32907594,0
1507027606,22699458,246.63,1.29159200,0
1507027593,22699456,246.63,0.16916600,0
1507027583,22699450,246.63,1.18906174,0
1507027583,22699448,246.63,0.31873656,0
1507027582,22699446,246.63,2.01282000,0
1507027574,22699440,246.63,0.90000000,0
1507027571,22699439,246.63,0.05000000,0
1507027551,22699432,246.61,0.99906735,1
1507027547,22699430,246.61,3.04000000,1
1507027545,22699428,246.62,10.00000000,1
1507027530,22699420,246.63,0.90000000,0
1507027516,22699408,246.63,10.05000000,0
1507027491,22699308,246.63,0.48379327,0
1507027491,22699306,246.63,0.51902473,0
1507027490,22699304,246.63,7.37410000,0
1507027453,22699286,246.62,0.11000000,0
1507027440,22699283,246.63,9.87000000,0
1507027440,22699282,246.62,0.13000000,0
1507027413,22699279,246.63,9.84000000,0
1507027413,22699278,246.62,0.16000000,0
1507027401,22699272,246.62,0.19000000,0
1507027381,22699253,246.63,4.04452013,0
1507027373,22699250,246.63,4.05545200,0
1507027373,22699249,246.62,0.22000000,0
1507027350,22699234,246.63,0.73900174,0
1507027348,22699233,246.62,0.26000000,0
1507027335,22699229,246.63,0.59145500,0
1507027332,22699224,246.63,3.00000000,0
1507027331,22699223,246.62,0.31000000,1
1507027319,22699211,246.62,0.37000000,1
1507027316,22699207,246.63,2.94897686,0
1507027305,22699202,246.62,0.44000000,1
1507027303,22699199,246.63,0.08000000,0
1507027298,22699198,246.63,9.80000000,0
1507027292,22699197,246.62,0.52000000,1
1507027283,22699193,246.63,49.38000000,0
1507027283,22699192,246.62,0.62000000,0
1507027265,22699183,246.62,0.25065191,1
1507027256,22699170,246.63,0.87818200,0
1507027252,22699164,246.62,0.97000000,1
1507027239,22699137,246.62,1.15000000,1
1507027235,22699110,246.63,2.30028788,0
1507027226,22699075,246.62,1.37000000,1
1507027212,22699073,246.62,1.63000000,1
1507027209,22699070,246.63,5.99225372,0
1507027202,22699059,246.63,0.06000000,0
1507027199,22699055,246.62,1.93000000,1
1507027192,22699052,246.62,2.30000000,0
1507027192,22699051,246.62,0.43000000,0
1507027192,22699050,246.62,8.65934809,0
1507027141,22699010,246.62,1.75932400,0
1507027132,22699003,246.61,2.02768690,1
1507027122,22698999,246.61,0.24740000,0
1507027090,22698973,246.58,0.67500000,1
1507027090,22698971,246.57,0.32500000,0
1507027009,22698915,246.56,5.05994484,0
1507026982,22698905,246.30,4.96574006,1
1507026904,22698842,246.17,2.15473047,0
1507026845,22698783,246.55,0.24274010,0
1507026831,22698781,245.60,0.80559200,1
1507026829,22698780,246.37,0.20647806,0
1507026765,22698758,245.42,0.42386000,0
1507026765,22698757,245.42,0.24740000,1
1507026763,22698755,245.46,0.32500000,1
1507026740,22698736,246.52,0.21753633,1
1507026739,22698735,246.26,0.16328063,0
1507026739,22698734,245.97,3.13753728,0
1507026738,22698731,245.97,0.39659911,0
1507026737,22698730,245.95,0.33000000,1
1507026737,22698729,245.95,0.10176234,0
1507026708,22698691,245.39,0.08958265,1
1507026697,22698677,245.88,0.24770000,1
1507026697,22698675,245.97,1.68000000,0
1507026696,22698674,245.87,10.32000000,0
1507026691,22698668,245.45,0.75761600,1
1507026690,22698667,245.50,0.12300000,1
1507026660,22698613,245.54,3.12893700,1
1507026639,22698586,245.51,3.13394800,1
1507026636,22698578,245.75,0.88492370,0
1507026617,22698562,245.40,2.00000000,1
1507026436,22698465,245.19,1.05861464,1
1507026219,22698341,245.21,6.94999933,0
1507026219,22698340,245.21,3.52041067,1
1507026213,22698331,245.21,0.34422437,1
1507026212,22698330,245.21,5.54187263,1
1507026212,22698328,245.21,8.28031655,1
1507026212,22698327,245.21,1.91259945,1
1507026197,22698318,245.21,3.52041100,1
1507026189,22698312,245.22,0.95472425,1
1507026189,22698311,245.22,1.52969000,1
1507026152,22698251,245.21,0.35716000,1
1507026144,22698246,245.21,2.04296300,1
1507026140,22698245,245.21,0.02474800,1
1507026124,22698237,245.21,5.97161377,1
1507026124,22698236,245.57,3.70738623,1
1507026124,22698235,245.57,0.29261377,0
1507026113,22698225,245.21,4.93507602,1
1507026097,22698218,245.21,0.68875654,1
1507026094,22698216,245.21,0.85984800,1
1507026057,22698187,245.67,0.20356576,0
1507026028,22698168,245.50,0.20781823,0
1507025932,22698098,245.21,0.33288357,1
1507025932,22698097,245.21,1.66711643,1
1507025930,22698095,245.22,1.76669190,1
1507025930,22698094,245.23,0.24770000,1
1507025930,22698093,245.23,0.50012791,1
1507025930,22698092,245.24,0.03000000,1
1507025930,22698091,245.37,0.20000000,1
1507025929,22698090,245.39,0.03203000,1
1507025929,22698089,245.40,0.65630219,1
1507025916,22698070,245.77,3.55222683,0
1507025890,22698058,245.40,4.34369781,1
1507025890,22698057,245.53,0.00000019,1
1507025890,22698055,245.53,9.57052200,1
1507025806,22698026,245.53,8.42947781,0
1507025737,22697973,245.52,2.00905689,1
1507025714,22697962,245.52,2.96000000,0
1507025621,22697875,245.51,2.02768690,1
1507025621,22697874,245.51,0.49937510,1
1507025621,22697873,245.53,1.16425819,0
1507025620,22697872,245.52,0.32500000,0
1507025610,22697860,245.53,0.40626400,0
1507025604,22697845,246.35,0.99407347,0
1507025490,22697757,245.51,0.50062490,1
1507025490,22697756,245.53,13.45337510,1
1507025490,22697755,245.72,0.32500000,1
1507025357,22697605,246.36,0.19933950,1
1507025357,22697603,246.36,7.46505596,1
1507025357,22697602,246.35,6.14760279,1
1507025357,22697601,246.05,0.32500000,0
1507025356,22697600,246.05,1.44158520,1
1507025356,22697599,245.98,0.48000000,0
1507025354,22697597,245.97,3.79000000,0
1507025343,22697589,245.44,1.29843837,0
1507025343,22697588,245.44,1.14922273,0
1507025340,22697587,246.31,1.96936271,1
1507025339,22697586,246.23,0.47000000,0
1507025330,22697571,245.85,0.32500000,1
1507025329,22697560,246.01,3.63208005,1
1507025327,22697555,246.00,1.19000000,1
1507025326,22697553,245.81,0.48000000,0
1507025238,22697467,245.75,1.01473042,0
1507025224,22697447,245.78,4.05834249,0
1507025209,22697429,245.41,0.65188519,1
1507025208,22697428,245.76,2.03450521,0
1507025207,22697426,245.42,0.14603363,0
1507025171,22697371,245.43,4.12526073,1
1507025068,22697152,245.51,2.02234206,1
1507025053,22697127,246.28,2.94297224,0
1507025053,22697126,246.24,0.48000000,0
1507025053,22697125,246.23,0.70228849,0
1507024956,22696988,245.50,4.14264420,1
1507024949,22696978,245.45,0.79392962,1
1507024949,22696976,245.46,0.10000000,1
1507024949,22696974,245.48,0.09607038,1
1507024946,22696971,245.48,1.51229142,0
1507024946,22696969,245.64,1.49093280,1
1507024945,22696967,245.70,1.46382678,1
1507024945,22696965,245.75,0.78294900,1
1507024941,22696963,246.01,0.21881221,0
1507024941,22696962,246.00,1.00000000,1
1507024876,22696879,246.61,0.39494792,0
1507024756,22696773,246.62,2.02234206,0
1507024710,22696727,246.61,1.21341389,0
1507024625,22696682,246.62,0.40446841,0
1507024616,22696679,246.62,2.15451744,0
1507024616,22696678,246.59,1.98812676,0
1507024575,22696654,246.58,2.40391099,1
1507024573,22696653,246.29,0.15737135,0
1507024416,22696577,246.31,0.64796395,0
1507024338,22696530,246.30,0.60747056,0
1507024314,22696506,246.31,0.43465551,0
1507024312,22696505,246.30,0.24740000,0
1507024299,22696501,245.85,2.06233529,1
1507024298,22696499,245.85,0.04000000,1
1507024262,22696465,245.78,0.05760321,1
1507024202,22696434,246.41,0.15490443,0
1507024106,22696355,246.25,0.20250954,0
1507024079,22696329,245.75,1.21705100,1
1507024079,22696328,245.77,0.24740000,1
1507024054,22696310,245.94,0.10000000,0
1507024026,22696282,245.93,0.00000030,1
1507024021,22696277,245.94,2.00000000,1
1507023963,22696214,245.93,0.99999970,1
1507023963,22696213,246.00,9.00000000,1
1507023961,22696212,246.20,0.00000030,1
1507023943,22696183,246.20,4.13281700,1
1507023935,22696180,246.09,0.16111659,0
1507023935,22696179,246.05,0.91743150,0
1507023897,22695985,246.09,0.17802430,0
1507023895,22695978,246.08,0.22693208,0
1507023814,22695922,246.09,0.08106790,0
1507023599,22695829,246.00,0.30486037,0
1507023587,22695825,246.08,1.39000000,0
1507023575,22695821,245.70,1.30000000,1
1507023574,22695820,245.72,0.77855600,0
1507023569,22695817,245.71,0.22000000,1
1507023477,22695732,246.09,0.07988015,0
1507023418,22695710,245.97,0.61599936,0
1507023417,22695709,245.97,0.63000000,1
1507023366,22695688,246.10,0.79500000,0
1507023366,22695687,246.09,0.61000000,0
1507023320,22695669,246.33,1.37705265,0
1507023320,22695668,246.30,1.93572240,0
1507023320,22695667,246.30,3.53313103,0
1507023317,22695665,246.30,3.84522143,0
1507023309,22695659,246.28,3.67273672,0
1507023309,22695658,246.28,1.38386173,0
1507023309,22695657,246.00,1.13719765,0
1507023308,22695656,246.00,0.10000000,1
1507023307,22695655,246.00,1.50000000,1
1507023307,22695654,246.00,2.00000000,1
1507023307,22695653,246.00,0.10000000,1
1507023307,22695652,246.00,1.00000000,1
1507023307,22695651,246.00,1.60602812,1
1507023307,22695650,246.00,2.00000000,1
1507023307,22695649,246.10,2.00974421,1
1507023307,22695648,246.10,0.78673398,1
1507023298,22695640,246.10,0.11326602,1
1507023296,22695639,246.20,0.17916328,0
1507023280,22695625,246.17,0.10000000,0
1507023189,22695485,246.30,3.31809600,0
1507023174,22695480,246.01,4.20000000,1
1507023174,22695479,246.01,1.00000000,1
1507023174,22695478,246.10,0.10000000,0
1507023174,22695476,246.10,0.10000000,1
1507023172,22695474,246.20,0.10000000,1
1507023164,22695469,246.30,4.92592800,0
1507023160,22695467,246.30,0.10000000,1
1507023160,22695466,246.40,0.10000000,1
1507023101,22695447,246.49,0.10000000,0
1507023074,22695417,246.50,0.10000000,1
1507023072,22695414,246.59,0.04066235,0
1507023054,22695406,246.61,0.35207527,0
1507023001,22695365,246.62,1.89615600,0
1507022992,22695355,246.62,0.10000000,0
1507022983,22695301,246.61,2.99393151,0
1507022940,22695256,246.61,0.99906735,0
1507022937,22695252,246.62,0.26515746,0
1507022935,22695251,246.04,3.35037147,1
1507022928,22695249,246.01,0.10000000,1
1507022928,22695248,246.01,0.90000000,0
1507022926,22695246,246.61,1.83888929,0
1507022926,22695245,246.61,1.15649444,0
1507022925,22695243,246.01,1.19753444,1
1507022925,22695242,246.10,0.11817071,1
1507022925,22695241,246.10,0.10000000,1
1507022924,22695240,246.20,1.00000000,1
1507022924,22695239,246.20,0.10000000,1
1507022924,22695238,246.20,0.08042140,1
1507022923,22695237,246.24,1.00000000,1
1507022922,22695236,246.24,0.40600000,1
1507022922,22695235,246.63,2.15326602,0
1507022920,22695234,246.62,3.96000000,0
1507022906,22695226,246.62,0.19053286,0
1507022894,22695213,246.61,1.48291592,0
1507022887,22695209,246.40,1.28934161,0
1507022887,22695208,246.40,1.77670216,0
1507022887,22695207,246.40,1.32923641,0
1507022878,22695193,246.25,0.15558092,1
1507022878,22695189,246.25,20.77074444,1
1507022878,22695188,246.30,0.10000000,1
1507022876,22695187,246.40,2.50471982,1
1507022870,22695177,246.40,0.36907026,1
1507022870,22695176,246.40,0.00457493,1
1507022869,22695174,246.62,0.59295370,0
1507022869,22695173,246.62,0.69142811,0
1507022840,22695150,246.40,0.39088317,0
1507022838,22695147,246.40,0.00457493,1
1507022820,22695136,246.40,0.09542507,1
1507022820,22695135,246.42,2.00421004,1
1507022808,22695128,246.42,2.99578996,1
1507022808,22695127,246.50,2.99838565,1
1507022807,22695126,246.50,2.00000000,1
1507022807,22695125,246.50,0.10000000,1
1507022807,22695124,246.51,0.03000000,1
1507022799,22695121,246.60,0.10000000,1
1507022784,22695118,246.65,0.40036489,0
1507022767,22695101,246.65,0.90000000,0
1507022765,22695093,246.70,0.50000000,1
1507022765,22695091,246.70,0.10000000,1
1507022739,22695056,246.71,0.20000000,0
1507022721,22695045,246.71,0.02157000,0
1507022714,22695037,246.77,0.89344069,1
1507022654,22694988,246.77,0.20655931,1
1507022653,22694987,246.80,0.10000000,1
1507022653,22694986,246.81,3.60344069,1
1507022650,22694977,247.00,2.31475250,0
1507022649,22694974,246.81,3.71655931,0
1507022649,22694973,246.88,1.48344069,1
1507022647,22694972,247.00,1.78000000,1
1507022646,22694970,247.00,2.72448147,1
1507022646,22694968,247.00,0.30660986,1
1507022646,22694967,247.00,0.10000000,1
1507022646,22694966,247.00,1.02094046,1
1507022646,22694965,247.00,1.00000000,1
1507022646,22694964,247.03,0.80909201,1
1507022646,22694963,247.10,0.10000000,1
1507022646,22694962,247.10,0.16179000,1
1507022645,22694961,247.17,1.00000000,1
1507022645,22694960,247.20,0.10000000,1
1507022645,22694958,247.27,0.04233000,1
1507022645,22694957,247.28,0.08007050,1
1507022645,22694956,247.30,0.10000000,1
1507022645,22694955,247.31,0.04039465,1
1507022645,22694954,247.32,0.50000000,1
1507022645,22694953,247.39,0.08003520,1
1507022644,22694952,247.40,0.10000000,1
1507022644,22694951,247.41,1.42645700,1
1507022644,22694950,247.50,0.10000000,1
1507022644,22694949,247.50,1.50000000,1
1507022644,22694948,247.55,12.62459370,1
1507022643,22694946,247.55,8.90000000,1
1507022643,22694945,247.55,0.99000000,1
1507022640,22694942,247.55,6.62474700,1
1507022640,22694941,247.55,6.90694400,1
1507022640,22694940,247.55,13.95371530,1
1507022640,22694939,247.60,0.10000000,1
1507022640,22694938,247.70,0.10000000,1
1507022639,22694937,247.71,2.01723792,1
1507022639,22694936,247.74,0.64564821,1
1507022639,22694935,247.80,0.54929857,1
1507022639,22694934,247.88,0.10000000,1
1507022580,22694881,248.08,1.00000000,1
1507022454,22694789,248.63,1.41129389,1
1507022454,22694788,248.46,0.43000000,0
1507022453,22694787,248.40,10.20564019,0
1507022439,22694774,247.90,8.63805729,1
1507022439,22694773,247.91,6.79476710,1
1507022376,22694731,247.87,0.37000000,1
1507022294,22694683,248.44,0.67926000,1
1507022293,22694682,248.44,0.32200000,0
1507022227,22694601,248.56,0.91865448,1
1507022226,22694600,248.63,0.91839279,0
1507022224,22694596,248.51,0.24520000,0
1507022138,22694524,247.82,6.65860800,0
1507022125,22694521,247.82,3.50264600,1
1507022125,22694520,247.86,0.50000000,1
1507022125,22694519,247.89,0.24520000,1
1507022125,22694518,248.58,0.25854637,1
1507022121,22694516,248.58,0.40011021,0
1507022121,22694515,248.57,3.13556076,0
1507022121,22694514,248.11,0.40578266,0
1507022120,22694513,248.11,0.32200000,1
1507022120,22694512,248.11,0.50000000,1
1507022106,22694508,248.50,1.00000000,1
1507022106,22694507,248.55,0.20000000,1
1507022079,22694501,248.58,0.00002102,0
1507022078,22694499,248.57,0.60889822,1
1507022077,22694498,248.57,0.08187605,0
1507022054,22694463,248.58,0.05986877,0
1507021990,22694386,248.46,0.50000000,0
1507021969,22694374,248.48,0.20000000,0
1507021869,22694276,248.48,0.04012395,0
1507021804,22694188,248.08,1.97173776,0
1507021804,22694187,248.08,0.32200000,1
1507021784,22694180,248.03,1.16382300,1
1507021776,22694175,249.18,12.77356913,1
1507021776,22694174,248.83,0.43000000,0
1507021775,22694173,248.82,10.42000000,1
1507021775,22694172,248.82,0.27305614,0
1507021775,22694171,248.82,13.25337473,1
1507021774,22694170,247.97,2.85000000,0
1507021772,22694169,247.92,10.41991900,1
1507021761,22694168,248.10,0.47308116,1
1507021752,22694167,248.46,0.19624590,0
1507021666,22694131,248.10,1.00000000,1
1507021664,22694130,248.51,3.53472309,0
1507021664,22694129,248.51,0.36000000,0
1507021647,22694125,248.51,0.10000000,0
1507021627,22694110,248.23,0.46930200,1
1507021533,22694084,249.08,1.11919865,0
1507021533,22694083,248.81,0.46000000,0
1507021532,22694082,248.79,0.32100000,1
1507021532,22694081,248.79,0.15128955,0
1507021448,22694055,248.53,0.15127820,1
1507021434,22694049,248.53,0.42281255,1
1507021434,22694048,248.54,0.49791145,1
1507021434,22694047,248.57,0.32100000,1
1507021416,22694035,249.01,1.52806044,1
1507021415,22694034,249.01,2.40049600,1
1507021415,22694033,249.01,8.33191900,1
1507021415,22694032,249.01,10.62592400,1
1507021414,22694031,249.01,7.73194882,1
1507021414,22694030,249.02,0.25805118,1
1507021363,22694022,249.32,4.01196637,0
1507021363,22694021,249.31,0.55000000,0
1507021335,22694005,249.02,0.47000000,0
1507021311,22693991,249.01,0.40195670,1
1507021283,22693980,249.00,11.95031763,0
1507021283,22693979,248.99,9.41000000,0
1507021283,22693978,248.98,4.89900570,0
1507021148,22693885,248.51,0.65781052,1
1507021148,22693884,248.53,1.03159048,1
1507021022,22693834,248.50,9.38514201,0
1507021022,22693833,248.50,4.96824099,1
1507020946,22693804,248.36,0.40163472,0
1507020917,22693783,248.35,0.10000000,0
1507020852,22693757,248.35,9.00000000,0
1507020792,22693721,248.35,0.88231725,0
1507020791,22693720,248.34,0.12100000,0
1507020780,22693717,248.33,1.00418798,0
1507020680,22693646,247.80,0.10000000,1
1507020653,22693637,248.15,0.08820205,1
1507020653,22693636,248.16,11.61148032,1
1507020653,22693635,248.20,0.30000000,1
1507020637,22693630,248.65,1.00126000,0
1507020607,22693618,248.65,1.05425297,0
1507020578,22693602,248.16,58.20937200,1
1507020553,22693594,248.67,10.00000000,0
1507020547,22693589,248.67,3.93826485,0
1507020538,22693586,248.16,0.54015100,1
1507020537,22693585,248.69,10.00000000,0
1507020524,22693575,248.69,0.10000000,0
1507020497,22693562,248.70,0.21385901,0
1507020422,22693476,248.80,19.75570000,0
1507020422,22693475,248.79,0.24430000,0
1507020381,22693416,248.16,1.75643200,1
1507020374,22693407,248.90,0.10000000,1
1507020246,22693264,248.81,2.61692100,0
1507020218,22693232,248.83,0.10000000,0
1507020199,22693214,248.93,0.20000000,0
1507020153,22693164,248.14,2.38330859,1
1507020141,22693150,249.45,0.34090051,0
1507020139,22693148,248.70,1.44545908,1
1507020139,22693147,248.71,0.32100000,1
1507020134,22693136,249.50,3.06810455,0
1507020131,22693130,248.70,2.46492100,1
1507020130,22693129,248.73,0.63000000,1
1507020130,22693127,248.70,0.81518694,1
1507020129,22693125,248.80,3.51918606,1
1507020129,22693124,248.90,3.66608000,1
1507020129,22693122,248.91,0.24430000,1
1507020129,22693120,248.90,1.33392000,1
1507020074,22693072,248.80,1.48081394,1
1507020074,22693071,249.01,0.01281140,1
1507020073,22693067,249.01,0.17833197,1
1507020072,22693060,249.01,1.82614850,1
1507020071,22693059,249.09,1.72756350,1
1507020071,22693057,249.09,0.49955479,1
1507020071,22693054,249.10,0.40250789,1
1507020070,22693052,249.09,0.02025000,1
1507020068,22693048,249.10,1.74339867,1
1507020068,22693047,249.10,8.23672700,1
1507020067,22693043,249.09,0.09585371,1
1507020066,22693042,249.44,1.05573929,1
1507020066,22693040,249.48,0.37622254,0
1507020065,22693039,249.47,8.46000000,1
1507020064,22693036,249.47,0.11238446,0
1507020063,22693028,249.44,0.26696531,1
1507020060,22693019,249.44,0.59658779,1
1507020059,22693018,249.44,0.18826200,1
1507020058,22693017,249.44,1.59543200,1
1507020057,22693015,249.44,0.23968800,1
1507020055,22693010,249.44,1.48759000,1
1507020052,22693008,249.43,0.93000000,0
1507020007,22692975,249.19,0.90000000,1
1507020006,22692974,249.19,7.65700000,0
1507019999,22692964,249.19,0.05000000,0
1507019985,22692953,249.19,10.00000000,0
1507019974,22692945,249.19,0.20000000,0
1507019944,22692914,249.00,1.70000000,0
1507019924,22692884,249.00,0.10000000,0
1507019833,22692802,248.99,0.06012354,0
1507019805,22692790,249.24,2.69639704,1
1507019805,22692789,249.00,1.10000000,0
1507019803,22692786,248.89,0.32200000,0
1507019674,22692697,248.94,0.19980718,0
1507019621,22692644,248.82,1.04231975,0
1507019586,22692600,248.86,2.54520613,1
1507019585,22692597,248.00,1.17203400,1
1507019584,22692596,248.20,10.00000000,1
1507019583,22692590,248.14,2.55988700,1
1507019550,22692556,249.01,0.80117264,0
1507019538,22692546,248.77,2.27484000,1
1507019538,22692544,249.00,5.70844200,1
1507019524,22692536,249.00,0.23416900,1
1507019523,22692535,249.00,0.45738900,1
1507019508,22692524,249.19,0.55712508,1
1507019507,22692523,248.63,0.24400000,0
1507019347,22692388,248.94,0.20032940,1
1507019242,22692321,248.00,3.95805744,1
1507019242,22692320,248.03,0.10000000,1
1507019242,22692319,248.05,14.95000000,1
1507019135,22692267,248.94,1.00126000,0
1507019049,22692218,248.01,0.00178732,1
1507019048,22692217,248.02,3.98870380,1
1507019036,22692197,248.32,6.52000000,1
1507019036,22692196,248.34,0.32200000,1
1507019036,22692195,248.34,0.24400000,1
1507019036,22692194,248.35,9.69468695,1
1507018990,22692157,249.31,1.05880229,1
1507018990,22692156,249.28,0.23253300,0
1507018990,22692155,249.06,0.45000000,0
1507018988,22692153,249.05,0.32100000,0
1507018982,22692149,248.18,0.23253300,1
1507018972,22692112,249.30,1.00028079,0
1507018937,22692081,248.15,0.38793800,1
1507018826,22691974,248.25,0.00152592,1
1507018826,22691973,248.25,1.00000000,0
1507018825,22691971,248.50,0.99847408,1
1507018824,22691969,248.50,2.85662000,1
1507018823,22691968,248.65,0.32100000,1
1507018820,22691966,248.52,0.00070000,1
1507018820,22691965,248.70,1.00000000,1
1507018817,22691964,249.22,0.92055212,0
1507018744,22691943,249.22,3.00184576,0
1507018692,22691927,249.27,0.61693328,0
1507018635,22691893,249.37,1.27178512,1
1507018635,22691892,248.99,1.37225791,0
1507018635,22691891,248.96,0.24520000,1
1507018634,22691890,248.78,0.43000000,0
1507018592,22691876,248.85,4.19248000,1
1507018591,22691875,248.73,0.80752000,0
1507018568,22691858,247.85,10.00000000,1
1507018481,22691667,247.80,4.35070143,1
1507018481,22691665,247.80,0.10000000,1
1507018462,22691632,247.81,0.24520000,1
1507018462,22691631,247.90,0.10000000,1
1507018462,22691629,247.91,0.28104685,1
1507018455,22691617,247.91,0.04000000,1
1507018455,22691614,248.67,1.77319339,0
1507018452,22691612,248.67,0.04030266,0
1507018452,22691611,248.63,5.06000000,1
1507018450,22691610,248.63,0.44000000,0
1507018449,22691606,247.91,0.67895315,1
1507018449,22691605,247.95,0.50000000,1
1507018438,22691580,248.00,0.10000000,1
1507018438,22691579,248.00,4.17323097,1
1507018436,22691575,248.02,2.16398861,1
