date,tid,price,amount,type
1507075118,22731236,292.21,10.16160897,0
1507075118,22731235,292.00,4.00000000,0
1507075118,22731234,292.00,3.60000000,0
1507075118,22731233,291.99,2.23839065,0
1507075118,22731232,291.73,0.00000038,0
1507075054,22731220,291.73,0.69122862,0
1507075053,22731219,291.71,0.42823638,0
1507075020,22731202,291.71,0.22722700,0
1507074845,22731085,291.47,0.30975719,0
1507074788,22731075,291.47,20.00000000,0
1507074305,22730992,291.40,3.83012377,1
1507074305,22730991,291.40,14.81491600,1
1507074303,22730990,291.40,2.39669351,1
1507074303,22730989,291.39,76.69000000,0
1507074303,22730988,291.38,2.05916672,0
1507074303,22730987,291.36,0.20910000,0
1507074244,22730951,291.48,0.30221627,0
1507074242,22730950,291.38,0.04000000,0
1507074239,22730949,290.82,1.23881002,1
1507074239,22730948,290.82,0.10000000,1
1507074239,22730947,290.97,0.10000000,1
1507074239,22730946,291.06,0.10000000,1
1507074137,22730932,291.08,0.14090000,1
1507074135,22730930,291.09,0.20910000,1
1507073814,22730882,291.15,1.03800027,1
1507073800,22730879,291.26,0.10000000,1
1507073800,22730878,291.41,0.10000000,1
1507073800,22730876,291.50,1.27100000,1
1507073585,22730823,291.52,1.05949038,1
1507073431,22730763,291.49,1.25000000,0
1507073390,22730759,291.47,1.41816075,0
1507073313,22730746,291.47,2.58183925,0
1507073313,22730745,291.46,2.07082275,0
1507073294,22730739,291.46,1.69379400,0
1507073212,22730722,291.25,0.56122523,1
1507073036,22730696,291.00,1.00000000,1
1507072920,22730674,291.00,63.52620632,1
1507072920,22730673,291.01,2.01717693,1
1507072920,22730672,291.02,3.76461675,1
1507072583,22730559,291.49,2.75000000,0
1507072168,22730426,291.49,0.47509126,0
1507072131,22730412,291.48,13.38396010,1
1507072130,22730410,291.48,1.34000000,1
1507072117,22730406,291.43,1.73209690,1
1507072116,22730405,291.44,0.65473096,0
1507072116,22730404,291.44,0.68937317,0
1507072103,22730342,291.43,3.54394300,0
1507072081,22730334,291.42,2.52260800,1
1507072077,22730333,291.42,0.02133500,1
1507072069,22730332,291.42,1.00000000,1
1507072059,22730327,291.39,1.00000000,0
1507072042,22730325,291.38,1.61004700,0
1507072029,22730323,291.38,0.26050672,0
1507071980,22730316,291.38,1.32780973,0
1507071980,22730315,291.38,0.04000000,0
1507071980,22730314,291.34,0.12000000,0
1507071804,22730280,290.66,0.04000000,1
1507071782,22730275,290.61,0.04000000,1
1507071763,22730264,290.68,0.12000000,1
1507071752,22730263,290.65,0.04000000,1
1507071382,22730172,291.39,19.07993025,0
1507071382,22730171,291.33,0.69000100,0
1507071382,22730170,291.32,0.23000000,0
1507071250,22730110,291.33,2.80999900,0
1507071238,22730102,291.24,0.10343879,0
1507071238,22730101,291.23,0.23000000,0
1507071225,22730091,291.21,0.10343879,0
1507071225,22730090,291.18,0.10343879,0
1507071225,22730089,291.15,0.10343879,0
1507071225,22730088,291.14,0.23000000,0
1507071217,22730085,291.14,0.23000000,0
1507071204,22730075,290.73,30.00000000,0
1507071204,22730074,290.61,0.10366337,0
1507071204,22730073,290.58,0.10366337,0
1507071204,22730072,290.55,0.10366337,0
1507071204,22730070,290.52,0.10366337,0
1507071145,22730042,290.26,2.62320700,0
1507071138,22730038,290.25,7.48950431,0
1507071138,22730037,290.24,2.06725469,0
1507071130,22730034,290.27,1.66779231,0
1507071130,22730033,290.00,3.00000000,0
1507071130,22730032,289.99,0.20990000,0
1507071001,22729966,289.59,0.99373169,1
1507071001,22729965,289.60,0.20990000,1
1507070903,22729941,289.86,1.21672807,0
1507070902,22729940,289.85,3.78327200,0
1507070848,22729925,289.96,11.52937870,0
1507070202,22729757,289.96,4.02496896,0
1507070179,22729756,289.99,2.02455257,1
1507070178,22729751,289.99,2.00000000,1
1507069973,22729702,289.73,0.15194734,0
1507069958,22729696,289.65,2.86751929,0
1507069768,22729660,289.67,9.59408042,0
1507069603,22729572,289.49,0.02072610,0
1507069459,22729514,289.38,0.99569082,0
1507069411,22729511,288.30,1.00000000,1
1507069405,22729506,288.32,0.80812952,1
1507069340,22729494,288.56,0.10368727,0
1507069211,22729442,288.56,3.09876628,0
1507069125,22729422,288.56,0.13127700,0
1507069103,22729407,288.56,0.72120519,0
1507069101,22729399,288.56,0.31736400,0
1507069101,22729396,288.56,1.25750798,0
1507069095,22729385,288.58,2.15998063,0
1507069095,22729384,288.57,9.84000000,0
1507069085,22729381,288.64,0.52574141,0
1507069007,22729334,289.93,8.33024957,0
1507069006,22729331,288.65,0.27700000,0
1507068965,22729305,288.65,0.13127200,0
1507068919,22729296,288.43,0.27700000,1
1507068919,22729295,288.46,2.36954494,1
1507068906,22729292,288.39,0.61265474,1
1507068906,22729291,288.42,11.20993826,1
1507068900,22729284,289.47,0.07855186,0
1507068900,22729283,289.45,2.36954494,0
1507068900,22729282,288.60,0.64880320,0
1507068888,22729281,288.46,1.72710000,0
1507068867,22729263,288.46,1.98168955,0
1507068858,22729260,288.46,0.44910000,0
1507068836,22729254,288.46,0.13150700,0
1507068769,22729226,288.46,0.13152500,0
1507068635,22729204,288.46,0.13141900,0
1507068368,22729060,288.58,2.70590478,0
1507068319,22729052,288.49,10.50000000,1
1507068295,22729046,288.60,9.35119680,0
1507068175,22729005,288.67,0.25000000,0
1507068158,22728999,288.67,1.30000000,0
1507068043,22728940,288.86,1.25769260,0
1507068041,22728934,288.83,8.60680158,0
1507068037,22728929,288.50,1.00000000,1
1507068036,22728928,288.94,10.97635624,0
1507068009,22728921,288.50,1.73300000,1
1507067995,22728908,288.52,2.06700000,1
1507067995,22728907,288.52,1.73300000,1
1507067994,22728906,288.84,0.87011674,1
1507067994,22728905,288.84,1.73300000,1
1507067991,22728902,288.77,3.50000000,1
1507067990,22728901,289.00,1.00000000,1
1507067952,22728889,289.26,10.18867326,0
1507067952,22728888,289.43,0.30000000,1
1507067952,22728887,289.59,0.10366337,1
1507067952,22728886,289.62,0.10366337,1
1507067948,22728879,290.08,0.79960000,0
1507067948,22728878,290.08,0.17000000,0
1507067872,22728839,289.65,0.78767326,0
1507067872,22728835,289.65,0.10366337,1
1507067872,22728834,289.68,0.10366337,1
1507067871,22728830,289.75,1.00000000,1
1507067775,22728755,289.88,1.79359280,1
1507067772,22728754,289.86,0.27500000,0
1507067750,22728746,290.00,1.63326058,1
1507067750,22728745,290.17,0.09142916,1
1507067294,22728618,290.17,0.47943921,1
1507067294,22728617,290.20,0.14000000,1
1507067294,22728616,290.21,0.14000000,1
1507067294,22728615,290.22,0.14000000,1
1507067293,22728613,290.22,0.10343879,1
1507067293,22728611,290.23,0.27500000,1
1507067256,22728580,290.25,0.10343879,1
1507067256,22728579,290.28,0.10343879,1
1507067255,22728576,290.31,0.10343879,1
1507067188,22728541,290.95,0.74899608,0
1507067188,22728540,290.90,8.14100000,0
1507066603,22728287,290.80,18.63437212,0
1507066603,22728286,290.79,0.24000000,0
1507066603,22728285,290.79,2.06334468,0
1507066603,22728284,290.79,0.20880000,0
1507066602,22728283,290.67,0.27400000,0
1507066602,22728282,290.59,3.57948320,0
1507066419,22728185,290.22,16.81724572,1
1507066206,22728113,290.17,0.10000000,1
1507066195,22728112,290.17,4.64556100,1
1507066195,22728111,290.30,0.10000000,1
1507066195,22728110,290.55,0.10000000,1
1507066195,22728109,290.75,0.10000000,1
1507066186,22728108,290.76,0.14546338,1
1507066135,22728086,290.84,20.50000000,1
1507065911,22728002,290.76,0.34453662,1
1507065911,22728001,290.78,0.65546338,1
1507065909,22728000,291.07,10.00000000,0
1507065899,22727997,290.80,0.65473096,1
1507065899,22727996,290.80,0.23513817,1
1507065899,22727995,290.80,0.45423500,1
1507065899,22727994,290.80,0.69122900,1
1507065764,22727929,290.80,0.20880000,1
1507065764,22727928,290.80,0.27400000,1
1507065764,22727927,290.83,7.58599900,1
1507065747,22727918,291.18,7.58599900,0
1507065734,22727915,290.78,3.37144500,1
1507065669,22727872,290.78,0.41182700,1
1507065669,22727871,290.90,0.10000000,1
1507065669,22727870,291.33,0.00003300,1
1507065665,22727869,291.33,0.23996700,1
1507065388,22727744,291.97,2.00939425,1
1507065388,22727743,291.94,0.12050930,0
1507065387,22727742,291.37,7.87009645,0
1507065278,22727713,291.88,0.73937180,0
1507065278,22727712,291.87,0.20810000,0
1507065278,22727711,291.87,0.42000996,0
1507065133,22727653,291.62,0.47611369,0
1507065125,22727638,291.62,2.70274600,0
1507064837,22727531,291.38,1.62156300,1
1507064820,22727523,291.38,13.38243300,1
1507064738,22727502,291.40,1.52654072,1
1507064738,22727501,291.40,3.59886965,1
1507064694,22727496,291.99,3.36607480,1
1507064694,22727495,291.99,0.52535983,0
1507064693,22727494,291.98,0.17458963,0
1507064628,22727480,291.42,0.49190000,0
1507064628,22727479,291.43,0.20810000,1
1507064599,22727470,291.45,0.17458963,1
1507064588,22727465,291.67,1.16210210,0
1507064587,22727464,291.67,13.57948320,0
1507064533,22727452,292.44,0.55949481,0
1507064533,22727451,291.84,0.24988701,0
1507064533,22727450,291.84,0.20916301,0
1507064528,22727442,291.84,0.06893699,0
1507064525,22727440,292.42,0.20950000,0
1507064518,22727430,292.43,10.36000000,0
1507064499,22727405,292.15,0.65255348,0
1507064499,22727402,292.09,0.55414998,0
1507064499,22727399,292.09,0.84316931,0
1507064493,22727388,292.09,1.69315095,0
1507064484,22727375,292.09,10.36000000,0
1507064482,22727368,292.08,0.01770267,1
1507064479,22727348,292.08,19.10244167,1
1507064479,22727347,292.08,0.00449833,1
1507064478,22727346,292.09,20.00000000,0
1507064468,22727304,292.08,0.12462167,1
1507064467,22727298,292.09,2.05287327,0
1507064465,22727277,292.08,1.22985710,1
1507064457,22727247,292.08,0.40928653,1
1507064453,22727234,292.09,1.46000000,0
1507064452,22727232,292.09,2.78000000,0
1507064451,22727227,292.09,0.25665649,0
1507064451,22727226,292.06,0.00005721,0
1507064451,22727225,292.06,0.10309072,0
1507064448,22727219,292.05,0.04000000,0
1507064445,22727207,292.03,0.25245000,1
1507064445,22727205,292.04,0.04000000,0
1507064441,22727200,292.03,0.00010733,0
1507064441,22727199,292.03,0.10304060,0
1507064438,22727191,292.01,0.04000000,0
1507064436,22727188,292.00,0.00018730,0
1507064435,22727187,292.00,0.10296063,0
1507064435,22727186,292.00,1.00000000,0
1507064433,22727178,291.97,0.00025664,0
1507064432,22727176,291.97,0.10289129,0
1507064430,22727166,291.93,0.56032896,0
1507064428,22727147,291.93,0.09336817,0
1507064424,22727122,291.92,0.60036353,0
1507064424,22727118,291.91,0.58537080,0
1507064424,22727110,291.66,1.63581370,0
1507064423,22727097,291.92,0.36004600,0
1507064422,22727087,291.92,1.55080407,0
1507064422,22727086,291.80,0.02443299,0
1507064422,22727084,291.76,0.04000000,0
1507064422,22727082,291.76,0.04557602,0
1507064421,22727080,291.70,0.04000000,0
1507064421,22727078,291.69,0.04000000,0
1507064421,22727075,291.69,0.10327897,0
1507064421,22727073,291.66,0.10327897,0
1507064421,22727071,291.63,0.10327897,0
1507064421,22727068,291.58,0.00000001,0
1507064420,22727063,291.58,4.83999999,0
1507064420,22727059,291.57,5.50000000,0
1507064420,22727054,291.56,0.04000000,0
1507064420,22727052,291.41,0.04000000,0
1507064419,22727049,291.40,0.04000000,0
1507064419,22727048,291.40,22.60000000,0
1507064419,22727046,291.39,0.04000000,0
1507064419,22727045,291.33,6.67990801,0
1507064417,22727011,291.33,0.20950000,0
1507064416,22727005,291.33,0.27810000,0
1507064414,22726992,291.33,0.02799811,0
1507064414,22726990,291.33,0.16685563,0
1507064414,22726986,291.22,0.13960189,0
1507064414,22726982,291.15,0.04000000,0
1507064413,22726981,291.14,0.04000000,0
1507064413,22726980,290.78,3.79426853,0
1507064413,22726978,290.62,0.36000000,0
1507064413,22726977,290.62,2.06455165,0
1507064412,22726972,290.59,13.57948320,0
1507064412,22726971,290.12,0.20950000,0
1507064410,22726953,290.13,0.17541217,0
1507064408,22726945,290.13,1.64400343,0
1507064278,22726856,290.00,0.36673942,1
1507064127,22726802,290.78,0.36673942,0
1507064069,22726778,289.91,1.39054335,0
1507064069,22726777,289.94,13.57948320,0
1507064069,22726776,290.13,3.39048150,1
1507064068,22726775,290.50,30.13957549,1
1507064068,22726774,290.52,0.13991646,1
1507064068,22726773,290.85,0.10000000,1
1507064066,22726772,291.00,0.10000000,1
1507064001,22726758,291.11,0.12888598,0
1507064000,22726757,290.95,0.04000000,0
1507064000,22726756,290.94,0.04000000,0
1507064000,22726755,290.80,0.04000000,0
1507063998,22726752,290.79,0.04000000,0
1507063781,22726687,290.50,6.00000000,1
1507063677,22726634,290.50,1.00190000,1
1507063617,22726627,290.50,0.87694850,1
1507063578,22726618,290.50,0.64473944,1
1507063549,22726605,290.50,18.00191777,1
1507063549,22726604,290.51,0.20950000,1
1507063507,22726600,290.50,1.78858223,1
1507063503,22726595,290.50,1.05421249,1
1507063502,22726594,290.51,2.05861885,1
1507063502,22726593,290.53,3.78323805,1
1507063356,22726553,290.50,40.49212408,0
1507063275,22726508,290.50,35.93090000,0
1507063275,22726507,290.50,11.30250200,0
1507063275,22726506,290.49,0.11825100,0
1507063274,22726505,290.49,0.04174900,0
1507063265,22726503,290.49,0.16888800,0
1507063257,22726502,290.50,0.02347676,0
1507063257,22726501,290.50,0.17990200,0
1507063255,22726500,290.49,0.19039400,0
1507063251,22726498,290.49,0.02960600,0
1507063235,22726494,290.50,0.22565300,0
1507063211,22726488,290.50,0.16281300,0
1507063207,22726486,290.50,1.00152000,0
1507063196,22726473,290.50,0.43496000,0
1507063195,22726471,290.50,0.24351000,0
1507063190,22726467,290.50,40.48648800,0
1507063184,22726457,290.50,1.39847900,0
1507063182,22726455,290.50,0.09685300,0
1507063132,22726408,290.50,4.80768800,0
1507063132,22726407,290.49,0.26000000,0
1507063085,22726381,290.50,1.69000000,0
1507063085,22726380,290.49,0.31000000,0
1507062799,22726114,290.49,0.04410000,0
1507062675,22726038,290.50,6.32313116,0
1507062675,22726037,290.49,0.38000000,0
1507062662,22726026,290.49,0.00069682,0
1507062662,22726025,290.49,0.44930318,0
1507062662,22726024,290.49,0.69208213,0
1507062662,22726023,290.48,0.10061970,0
1507062439,22725916,290.54,0.10000000,1
1507062439,22725915,290.69,0.10000000,1
1507062016,22725719,290.80,0.01783254,0
1507062016,22725718,290.79,0.04000000,0
1507062016,22725717,290.64,0.04000000,0
1507062016,22725716,290.63,0.04000000,0
1507062016,22725715,290.59,0.04000000,0
1507062016,22725714,290.48,0.33762746,0
1507061806,22725673,290.48,0.35527402,0
1507061806,22725672,290.43,0.04000000,0
1507061806,22725671,290.34,0.01119653,0
1507061804,22725670,290.28,0.04000000,0
1507061377,22725462,289.98,1.80430100,0
1507061346,22725445,289.98,1.29513817,0
1507061346,22725444,289.96,0.42713190,0
1507061346,22725443,289.96,2.06925093,0
1507061346,22725442,289.95,7.91000000,0
1507061098,22725360,289.73,0.38963111,1
1507061098,22725359,289.74,3.79152130,1
1507061098,22725358,289.75,5.00000000,1
1507061098,22725356,290.08,0.00860104,1
1507061098,22725355,290.23,0.10000000,1
1507060815,22725190,290.34,0.02880347,0
1507060814,22725188,290.33,0.69134793,0
1507060814,22725187,290.14,0.04000000,0
1507060808,22725180,290.13,2.89439122,0
1507060801,22725171,290.13,0.89436888,0
1507060801,22725170,289.99,0.27500000,0
1507060801,22725169,289.99,0.04000000,0
1507060801,22725168,289.77,0.00000012,0
1507060653,22725087,289.77,6.36278100,0
1507060570,22725059,289.77,5.26899377,0
1507060570,22725058,289.74,7.55174023,0
1507060564,22725053,289.77,1.83653900,0
1507060497,22725031,289.77,0.40000000,0
1507060184,22724900,289.69,0.38424941,1
1507060150,22724882,289.69,0.17930700,0
1507060124,22724826,289.70,0.48331100,0
1507060027,22724782,289.55,0.30709852,1
1507060026,22724781,289.55,0.69290148,1
1507059976,22724767,289.77,2.06792601,0
1507059975,22724760,289.77,0.27500000,0
1507059974,22724758,289.81,3.78876010,1
1507059837,22724689,290.79,2.00000000,0
1507059654,22724607,290.75,1.03672700,0
1507059647,22724599,290.80,0.64000000,0
1507059647,22724598,290.80,3.77525400,0
1507059634,22724591,290.67,0.11894197,0
1507059583,22724537,290.42,2.51632870,0
1507059583,22724536,290.37,0.20970000,0
1507059583,22724535,290.33,2.06661385,0
1507059583,22724534,290.33,0.27500000,0
1507059580,22724530,290.30,3.24618300,0
1507059562,22724499,289.56,2.27768596,1
1507059562,22724498,289.57,0.23000000,1
1507059550,22724480,289.67,0.67480000,1
1507059550,22724479,289.67,0.67480000,1
1507059550,22724477,289.67,0.00001642,1
1507059550,22724476,289.68,0.23000000,1
1507059543,22724466,289.55,0.67478358,0
1507059542,22724461,289.53,0.29706082,1
1507059540,22724453,289.55,0.08260000,0
1507059539,22724447,289.55,2.56000000,0
1507059538,22724444,289.55,0.20970000,0
1507059538,22724443,289.67,1.70029795,1
1507059538,22724442,289.70,11.12210847,1
1507059538,22724440,290.04,0.27500000,1
1507059499,22724369,290.29,3.74444400,1
1507059498,22724367,290.33,1.69509000,1
1507059432,22724289,290.55,0.76228473,1
1507059420,22724268,290.72,0.03081000,0
1507059092,22724059,290.68,0.36970000,1
1507058930,22724007,291.16,0.05821541,0
1507058908,22723993,291.60,8.93563100,1
1507058908,22723992,291.26,0.68973186,0
1507058907,22723991,291.25,0.22000000,1
1507058907,22723990,290.97,0.68907782,0
1507058907,22723989,290.85,3.77623106,0
1507058906,22723988,290.68,0.08079100,0
1507058906,22723987,290.56,0.27500000,1
1507058905,22723986,290.55,2.93999990,0
1507058905,22723985,290.47,1.11000000,1
1507058904,22723983,290.45,2.06583115,1
1507058903,22723981,290.45,13.38299330,0
1507058872,22723960,290.36,2.53439460,0
1507058693,22723888,289.75,0.08079100,1
1507058591,22723806,290.24,0.03540690,0
1507058380,22723731,289.53,3.93464500,1
1507058380,22723730,289.56,37.78535500,1
1507058380,22723729,289.57,3.05000000,1
1507058379,22723728,289.57,5.00000000,1
1507058379,22723727,289.58,0.23000000,1
1507058377,22723725,290.68,0.16108300,0
1507058338,22723718,289.56,36.41864500,1
1507058338,22723717,289.57,3.37000000,1
1507058338,22723716,289.67,0.23000000,1
1507058338,22723715,289.68,4.98135500,1
1507058338,22723714,289.69,5.00000000,1
1507058258,22723663,290.32,4.84000000,1
1507058258,22723662,290.33,0.68907782,1
1507058258,22723661,290.33,0.68973186,1
1507058258,22723660,290.35,5.00000000,1
1507058220,22723617,290.33,10.92839000,1
1507058220,22723616,290.33,5.00000000,1
1507058220,22723615,290.34,0.27500000,1
1507058211,22723606,290.33,9.14000000,0
1507058210,22723603,290.33,1.30032143,1
1507058210,22723602,290.51,0.18631857,1
1507058201,22723586,290.65,2.76950769,1
1507058194,22723579,290.66,0.06366500,1
1507058179,22723562,290.70,0.08079100,1
1507058166,22723555,290.68,1.00672337,1
1507058166,22723554,291.04,0.00025664,1
1507058005,22723402,291.04,0.10289129,1
1507058005,22723401,291.07,0.00018730,1
1507058004,22723399,291.07,0.10296063,1
1507058004,22723398,291.10,0.00010733,1
1507058003,22723394,291.10,0.10304060,1
1507058003,22723393,291.12,0.00005721,1
1507058000,22723390,291.12,0.10309072,1
1507057537,22723071,291.62,4.85018174,1
1507057537,22723070,291.60,4.84000000,0
1507057536,22723069,291.60,0.10327897,0
1507057536,22723068,291.50,1.00000000,0
1507057536,22723067,291.33,0.10336600,0
1507057535,22723065,290.89,0.68861353,0
1507057535,22723062,290.88,1.28503851,0
1507057533,22723061,290.87,0.27500000,0
1507057414,22722944,290.51,12.09428100,1
1507057408,22722942,290.51,0.09569000,1
1507057406,22722938,290.51,0.09064800,1
1507057399,22722925,290.88,2.48766500,0
1507057390,22722913,290.52,4.70596000,1
1507056946,22722644,290.27,4.84000000,1
1507056946,22722643,290.29,0.27500000,1
1507056945,22722642,290.35,3.77270351,1
1507056942,22722634,290.41,2.12724495,1
1507056855,22722567,290.88,7.19832795,1
1507056846,22722564,290.88,0.90000000,1
1507056830,22722550,290.88,7.39782900,1
1507056827,22722546,290.88,0.73575000,1
1507056819,22722540,290.88,3.76809305,0
1507056710,22722472,290.34,1.48410000,0
1507056703,22722467,290.34,3.76809305,0
1507056696,22722458,290.43,2.22933000,1
1507056675,22722443,290.43,0.69238000,0
1507056674,22722442,290.42,0.20950000,0
1507056667,22722439,290.49,0.20950000,1
1507056585,22722384,290.63,1.22570877,0
1507056584,22722382,290.63,2.54095700,0
1507056264,22722083,291.06,2.82709600,1
1507056263,22722081,290.99,0.17290400,0
1507056214,22722042,291.13,0.10277196,0
1507056213,22722041,290.60,0.02222000,1
1507055778,22721814,290.62,1.48998648,0
1507055778,22721813,290.62,0.51749152,0
1507055777,22721812,290.61,0.03327000,0
1507055777,22721811,290.35,0.05934800,0
1507055776,22721810,290.35,2.21365200,0
1507055729,22721749,290.30,0.76341332,1
1507055718,22721741,290.34,0.58784600,0
1507055558,22721635,290.40,0.10336600,1
1507055469,22721589,290.52,3.76666577,1
1507055368,22721551,290.55,0.03327000,1
1507055317,22721522,290.52,0.10340600,1
1507055213,22721476,290.56,0.30092000,1
1507055000,22721286,290.57,0.20252300,1
1507054970,22721268,291.43,19.90663281,0
1507054970,22721267,291.33,1.70000000,0
1507054969,22721266,291.10,0.68876894,0
1507054969,22721265,290.89,8.00000000,0
1507054969,22721264,290.88,3.76401385,0
1507054967,22721263,290.87,0.20930000,0
1507054839,22721187,290.89,0.10209600,0
1507054820,22721178,290.34,3.15719045,1
1507054771,22721143,290.24,0.43732787,1
1507054767,22721141,290.17,1.13285905,1
1507054766,22721140,290.17,0.92886792,1
1507054766,22721139,290.17,0.68876894,1
1507054760,22721134,290.25,0.68861353,1
1507054760,22721133,290.40,0.27500000,1
1507054760,22721132,290.48,0.81148496,1
1507054759,22721131,290.48,4.18851504,1
1507054711,22721103,291.29,0.01709636,0
1507054708,22721098,290.36,4.24250493,1
1507054696,22721093,290.28,3.76401385,0
1507054696,22721092,290.29,0.20930000,1
1507054555,22720986,291.00,10.05834360,1
1507054553,22720983,291.00,2.55406265,1
1507054552,22720978,291.00,3.76369954,1
1507054540,22720956,291.00,7.24780963,1
1507054538,22720952,290.49,0.27500000,0
1507054537,22720949,290.31,4.00000000,0
1507054422,22720882,290.16,1.49438400,1
1507054422,22720881,290.27,0.27500000,1
1507054409,22720877,290.25,0.04336000,1
1507054241,22720727,290.30,0.14783000,1
1507054178,22720696,291.06,0.09079298,0
1507054143,22720685,291.18,0.80087643,0
1507054143,22720684,291.18,0.04557602,0
1507054143,22720683,291.17,0.15000000,0
1507054143,22720682,291.06,0.20253100,0
1507054129,22720680,290.38,0.14777000,1
1507053986,22720634,290.83,0.03606918,0
1507053967,22720625,290.94,19.88744690,1
1507053966,22720622,290.94,0.23000000,0
1507053855,22720579,290.95,4.30152947,1
1507053854,22720578,290.95,30.00000000,0
1507053840,22720572,290.95,8.84623400,0
1507053826,22720565,291.09,15.09296093,0
1507053826,22720564,291.00,1.00000000,0
1507053826,22720563,290.93,0.00000026,0
1507053826,22720562,290.93,8.30024600,1
1507053825,22720560,290.89,7.75100000,0
1507053825,22720558,290.72,0.04557602,0
1507053824,22720557,290.69,2.10839000,0
1507053765,22720534,290.60,0.18565035,1
1507053764,22720532,290.60,0.04035000,1
1507053718,22720506,290.39,0.04557602,0
1507053695,22720492,290.06,2.10839000,1
1507053695,22720491,290.40,1.00000000,1
1507053686,22720481,290.45,0.76521463,1
1507053685,22720480,290.45,1.00000000,1
1507053680,22720471,290.45,0.29925000,1
1507053492,22720374,290.93,4.83999974,0
1507053492,22720373,290.86,0.10357413,0
1507053492,22720372,290.83,0.10357413,0
1507053480,22720366,290.80,0.10357413,0
1507053480,22720365,290.77,0.10357413,0
1507052496,22719847,290.46,10.00000000,0
1507052121,22719634,290.25,7.69357100,1
1507052120,22719631,290.25,2.30642900,1
1507052038,22719554,290.59,24.25427701,0
1507052038,22719553,290.44,0.10372414,0
1507052038,22719552,290.41,0.09140328,0
1507052038,22719551,290.41,0.01232086,0
1507052038,22719550,290.38,0.10372414,0
1507052038,22719549,290.35,0.10372414,0
1507052038,22719548,290.00,0.20799100,0
1507052037,22719547,290.00,0.79200900,0
1507052037,22719546,290.00,18.47982643,0
1507051943,22719456,290.00,1.03310000,0
1507051854,22719397,290.00,1.03310000,0
1507051799,22719351,290.00,0.78693300,0
1507051553,22719252,290.00,0.59030300,0
1507051421,22719204,290.00,2.78031100,0
1507051412,22719201,290.00,1.88000000,0
1507051412,22719200,289.99,0.12000000,0
1507051396,22719199,290.00,0.04986207,0
1507051346,22719150,290.00,0.52282759,0
1507051305,22719113,290.00,1.72190542,0
1507051305,22719112,289.99,0.19309058,0
1507051305,22719111,289.98,0.23000000,0
1507051205,22719052,289.28,0.19309058,1
1507051156,22719040,290.00,2.04159179,0
1507051156,22719039,289.81,7.75041721,0
1507051154,22719038,288.92,9.79200900,1
1507051152,22719037,289.00,0.20799100,1
1507051146,22719033,289.15,0.09689400,1
1507051130,22719023,289.80,1.77464800,0
1507051111,22719019,289.83,13.60394804,0
1507051067,22718972,289.92,0.21217700,0
1507050932,22718886,289.88,6.46967806,0
1507050932,22718885,289.87,6.46000000,0
1507050932,22718884,289.81,2.07032194,0
1507050848,22718862,289.77,0.98453000,0
1507050838,22718859,289.00,0.79200900,1
1507050565,22718682,289.32,10.62487821,1
1507050565,22718681,289.32,2.06612179,1
1507050502,22718647,290.00,15.11758800,0
1507050486,22718640,290.00,3.96265170,0
1507050486,22718639,289.91,2.06960781,0
1507050486,22718638,289.88,6.03983549,0
1507050403,22718579,289.70,3.75000000,0
1507050396,22718575,289.33,6.03983549,1
1507050369,22718548,289.07,0.29284634,1
1507050368,22718546,289.42,0.10372414,1
1507050368,22718545,289.55,0.09893952,1
1507050247,22718404,289.43,0.80079458,1
1507050247,22718403,289.45,0.10372414,1
1507050247,22718402,289.48,0.09140328,1
1507050246,22718401,289.48,0.01232086,1
1507050246,22718400,289.51,0.10372414,1
1507050097,22718347,290.00,9.68861700,1
1507050097,22718346,290.00,3.47645300,1
1507050097,22718345,290.00,5.40392800,1
1507050096,22718344,290.00,2.63100200,1
1507049948,22718268,290.00,0.69471058,1
1507049947,22718267,290.00,2.77860000,1
1507049897,22718205,290.47,0.89069439,0
1507049896,22718204,290.02,0.03447120,0
1507049827,22718169,289.44,0.03447120,1
1507049600,22717986,290.45,0.08321569,0
1507049598,22717984,290.44,0.23000000,0
1507049543,22717944,290.46,0.10755353,0
1507049540,22717939,290.45,1.25629267,0
1507049240,22717723,289.45,0.26206900,1
1507049228,22717716,289.64,2.06793306,1
1507049224,22717706,289.96,0.74768932,1
1507049224,22717705,289.96,0.00000018,1
1507049155,22717617,290.00,1.00000000,0
1507049155,22717616,290.00,3.62745150,0
1507049145,22717611,289.96,2.88011000,1
1507049143,22717604,289.94,7.18000000,0
1507049143,22717603,289.90,13.31741420,0
1507049143,22717602,289.90,2.06967920,0
1507049119,22717571,289.30,0.02147800,1
1507049118,22717570,289.48,0.10000000,1
1507049118,22717569,289.49,0.10000000,1
1507049098,22717529,289.50,1.00000000,1
1507049098,22717528,289.55,0.10000000,1
1507049098,22717527,289.75,0.10000000,1
1507049098,22717526,289.77,0.10000000,1
1507049097,22717524,289.79,0.10000000,1
1507049071,22717507,289.84,0.10357413,1
1507049071,22717506,289.87,0.10357413,1
1507049071,22717505,289.89,0.10000000,1
1507049071,22717504,289.90,0.10000000,1
1507049071,22717503,289.90,0.10357413,1
1507049071,22717502,289.93,0.10357413,1
1507049071,22717501,289.98,0.10000000,1
1507048954,22717428,290.00,0.00000015,1
1507048951,22717426,290.00,1.51780924,1
1507048951,22717425,290.00,0.02443299,1
1507048951,22717423,290.00,0.79265677,1
1507048937,22717403,290.44,2.35838727,0
1507048910,22717385,290.00,0.05900000,1
1507048886,22717373,290.42,0.26206900,1
1507048872,22717344,290.00,6.81834323,1
1507048872,22717343,290.00,0.65046777,1
1507048869,22717328,290.00,0.34953223,1
1507048868,22717326,290.24,0.10000000,1
1507048868,22717325,290.24,0.10000000,1
1507048868,22717322,290.27,0.10000000,1
1507048868,22717320,290.30,0.60655777,1
1507048843,22717259,290.30,7.33920900,1
1507048842,22717258,290.43,0.10000000,1
1507048842,22717257,290.54,0.10000000,1
1507048842,22717255,290.64,0.10000000,1
1507048830,22717239,290.67,0.10327897,1
1507048830,22717238,290.70,0.10327897,1
1507048830,22717237,290.72,0.10000000,1
1507048820,22717228,290.73,0.10327897,1
1507048819,22717227,290.75,0.10327897,1
1507048818,22717226,290.99,0.37969713,0
1507048818,22717225,290.98,0.27400000,0
1507048808,22717209,290.79,0.10000000,1
1507048808,22717207,290.83,0.10000000,1
1507048808,22717206,290.99,0.10000000,1
1507048808,22717205,290.99,0.10000000,1
1507048808,22717204,291.00,2.34762390,1
1507048798,22717194,291.00,6.19675000,1
1507048797,22717187,291.00,1.45562610,1
1507048796,22717185,291.00,1.00000000,1
1507048796,22717184,291.05,1.34750990,1
1507048796,22717183,291.12,0.02000000,1
1507048794,22717181,291.12,0.08000000,1
1507048793,22717177,291.14,0.10000000,1
1507048793,22717176,291.18,0.10000000,1
1507048793,22717175,291.29,0.10000000,1
1507048792,22717174,291.30,6.65000000,1
1507048785,22717167,291.51,0.27400000,1
1507048784,22717166,291.54,0.10000000,1
1507048784,22717164,291.74,0.10000000,1
1507048763,22717154,291.89,0.02000000,1
1507048745,22717144,291.89,0.08000000,1
1507048682,22717115,291.96,6.50000000,1
1507048612,22717051,292.00,0.11000000,1
1507048525,22716979,291.60,0.36000000,1
1507048453,22716877,291.49,0.71243400,1
1507048409,22716851,291.43,8.72313787,0
1507048408,22716850,291.43,8.32647583,1
1507048402,22716848,292.09,7.77504128,0
1507048402,22716847,292.08,2.05423172,0
1507048390,22716834,291.90,0.04000000,0
1507048390,22716833,291.70,0.04000000,0
1507048390,22716832,291.68,0.27400000,0
1507048390,22716831,291.55,0.04000000,0
1507048081,22716593,291.25,0.09735876,1
1507048081,22716592,291.51,0.65258776,1
1507048081,22716591,291.51,0.09980348,1
1507048078,22716590,291.51,0.55275000,1
1507048068,22716586,291.46,0.27400000,1
1507048068,22716585,291.47,0.10000000,1
1507048065,22716582,291.48,12.79800000,1
1507048065,22716581,291.48,0.10000000,1
1507048043,22716578,291.51,0.67829199,1
1507047964,22716507,291.63,11.31629490,1
1507047964,22716506,291.64,4.00000000,1
1507047964,22716505,291.64,3.07000000,1
1507047964,22716504,291.66,1.61370510,1
1507047937,22716483,291.56,0.64239926,0
1507047936,22716482,291.61,0.10294671,1
1507047936,22716481,291.63,0.10294671,1
1507047936,22716480,291.66,0.10294671,1
1507047935,22716479,291.69,0.10294671,1
1507047935,22716478,291.73,0.10000000,1
1507047933,22716474,291.77,0.06581490,1
1507047875,22716436,292.12,6.60800000,1
1507047818,22716391,292.15,1.37254835,0
1507047713,22716223,291.77,0.03418510,1
1507047663,22716176,292.19,15.00000000,0
1507047655,22716172,292.19,6.48000000,0
1507047655,22716171,291.94,0.07550000,0
1507047653,22716164,291.88,0.44000000,1
1507047651,22716162,291.93,0.10000000,1
1507047650,22716160,291.94,0.17450000,0
1507047645,22716154,292.02,0.10000000,1
1507047644,22716153,292.08,0.10000000,1
1507047640,22716148,292.19,3.68950000,0
1507047639,22716146,292.19,0.10000000,0
1507047618,22716132,292.18,0.17750800,0
1507047604,22716094,292.38,0.48000000,0
1507047591,22716086,292.11,1.58659446,1
1507047591,22716085,292.19,1.58595154,1
1507047571,22716068,292.59,0.96320000,0
1507047571,22716067,292.54,0.46000000,0
1507047571,22716066,292.49,0.04000000,0
1507047568,22716063,292.10,0.43000000,1
1507047514,22716020,292.19,4.50000000,0
1507047465,22715980,292.22,0.35200000,1
1507047461,22715979,292.22,0.75000000,1
1507047446,22715970,292.33,1.07574800,1
1507047422,22715953,292.78,0.04000000,0
1507047422,22715952,292.71,2.32678097,0
1507047414,22715949,292.71,1.42859054,0
1507047414,22715948,292.69,2.04995046,0
1507047403,22715932,292.43,0.27300000,0
1507047393,22715919,292.10,2.17854100,1
1507047393,22715917,292.11,0.27300000,1
1507047377,22715901,292.74,0.05000000,0
1507047366,22715893,292.23,1.03784514,1
1507047342,22715879,292.23,4.33864320,1
1507047342,22715878,292.23,5.00000000,1
1507047331,22715874,292.76,1.03335100,0
1507047317,22715862,292.40,3.48537151,1
1507047305,22715847,292.71,2.10465164,0
1507047304,22715844,292.70,0.24119830,0
1507047274,22715820,292.26,0.46000000,1
1507047265,22715815,292.24,0.17068700,1
1507047251,22715797,292.17,0.33000000,1
1507047240,22715776,292.12,0.27000000,1
1507047209,22715746,292.33,0.09894800,1
1507047178,22715696,292.28,1.47177000,1
1507047163,22715671,292.28,0.30000000,1
1507047149,22715656,292.28,2.03319400,1
1507047148,22715654,292.28,0.94999500,1
1507047145,22715652,292.28,0.44000000,1
1507047145,22715651,292.28,3.71102000,1
1507047117,22715625,292.71,1.65780000,0
1507047117,22715624,292.71,0.20830000,0
1507047082,22715611,292.13,0.45000000,1
1507047031,22715547,292.62,1.45106281,1
1507047013,22715534,292.13,0.49551000,1
1507047011,22715528,292.12,0.24119830,1
1507047010,22715527,292.08,2.20251700,1
1507047009,22715526,292.04,0.20830000,1
1507047008,22715524,292.05,0.15153990,1
1507047008,22715523,292.22,0.10000000,1
1507047008,22715521,292.36,0.25172540,1
1507047007,22715520,292.36,1.79925200,1
1507046999,22715514,292.78,0.14044502,0
1507046999,22715513,292.74,0.20820000,0
1507046999,22715512,292.68,0.46319798,0
1507046996,22715509,292.42,2.05184324,0
1507046995,22715508,292.35,9.55768000,1
1507046992,22715507,292.35,11.07978732,1
1507046992,22715506,292.37,0.10000000,1
1507046991,22715505,292.42,0.23000000,0
1507046987,22715499,292.46,1.77856300,1
1507046986,22715497,292.46,0.27300000,1
1507046968,22715491,292.48,2.10000000,0
1507046968,22715490,291.27,2.21777312,1
1507046968,22715489,291.61,1.72000000,1
1507046964,22715483,292.46,1.37289004,0
1507046952,22715475,291.59,5.50000000,1
1507046943,22715468,291.68,0.05000000,0
1507046942,22715467,291.68,2.54960000,0
1507046935,22715459,291.68,10.44000000,0
1507046934,22715457,291.62,1.21215150,1
1507046930,22715448,291.61,3.60321700,1
1507046930,22715447,291.61,1.30678300,1
1507046921,22715428,292.00,11.60231170,1
1507046921,22715427,292.00,1.82581687,1
1507046921,22715426,292.03,0.20820000,1
1507046921,22715425,292.16,0.27300000,1
1507046920,22715424,292.18,2.05230913,1
1507046902,22715404,292.90,0.04000000,0
1507046902,22715403,292.83,2.04897039,0
1507046902,22715401,292.65,0.04000000,0
1507046902,22715400,292.50,4.52326626,0
1507046902,22715399,292.49,10.41000000,0
1507046898,22715392,292.46,0.20780000,0
1507046898,22715391,292.45,0.04000000,0
1507046898,22715390,292.30,0.04000000,0
1507046880,22715375,292.00,2.19200000,1
1507046878,22715371,292.03,3.35062900,1
1507046878,22715370,292.08,5.28000000,1
1507046877,22715369,292.39,4.69483438,1
1507046877,22715368,292.40,0.10266562,1
1507046875,22715364,292.43,0.10266562,1
1507046875,22715363,292.44,3.75135660,1
1507046875,22715361,292.46,0.10266562,1
1507046875,22715360,292.49,0.10266562,1
1507046875,22715358,292.50,7.75000000,1
1507046851,22715328,292.97,0.05010000,0
1507046826,22715300,293.00,6.97700100,0
1507046818,22715296,292.92,1.39607400,0
1507046807,22715285,292.94,1.70217097,0
1507046797,22715272,292.55,0.10000000,1
1507046784,22715254,292.96,0.16965400,0
1507046740,22715225,292.97,0.48053700,0
1507046727,22715210,292.55,1.09156387,1
1507046727,22715209,292.57,3.74843613,1
1507046720,22715203,292.56,2.57473232,1
1507046719,22715202,292.71,2.04423568,1
1507046709,22715189,292.74,14.32140000,1
1507046709,22715185,292.75,8.40700000,1
1507046687,22715160,293.00,4.02969386,0
1507046676,22715140,293.00,0.33993174,0
1507046669,22715135,293.00,20.00000000,0
1507046657,22715120,293.00,4.01595238,0
1507046639,22715102,293.00,6.87100000,0
1507046636,22715098,293.00,5.49687100,0
1507046636,22715097,292.99,0.09269000,0
1507046552,22715033,292.88,4.99999693,1
1507046548,22715023,292.90,7.98989686,1
1507046499,22714974,292.69,0.09269000,1
1507046499,22714973,292.70,0.20780000,1
1507046463,22714931,292.99,6.21470800,0
1507046408,22714874,292.99,1.53503282,0
1507046408,22714873,292.96,7.98921100,0
1507046407,22714872,292.75,0.04000000,0
1507046407,22714871,292.74,3.74739998,0
1507046407,22714870,292.55,0.04000000,0
1507046407,22714869,292.40,0.04000000,0
1507046350,22714762,292.10,2.43755312,1
1507046350,22714761,292.12,0.04000000,1
1507046350,22714760,292.12,0.04000000,1
1507046349,22714758,292.27,0.04000000,1
1507046349,22714756,292.27,0.04000000,1
1507046349,22714755,292.76,14.96119688,1
1507046348,22714753,292.76,2.04946031,0
1507046341,22714744,292.30,0.70358900,0
1507046338,22714739,292.30,7.98921100,0
1507046320,22714721,292.28,6.42999056,0
1507046314,22714705,292.86,1.52808837,0
1507046314,22714704,292.83,13.57948320,0
1507046314,22714703,292.28,4.89242843,0
1507046309,22714689,292.28,5.50755536,1
1507046305,22714688,292.31,2.48102720,1
1507046287,22714672,292.32,0.45706753,1
1507046286,22714668,292.32,3.29033245,1
1507046229,22714614,292.92,3.00000000,0
1507046210,22714604,292.93,6.80020322,0
1507046208,22714601,292.93,2.93160660,0
1507046208,22714600,292.92,0.06839340,0
1507046191,22714589,292.38,0.03419670,1
1507046191,22714585,292.38,0.03419670,1
1507046179,22714575,292.97,14.41975471,0
1507046179,22714574,292.96,0.29197300,0
1507046169,22714563,292.38,0.29197300,1
1507046117,22714517,293.06,0.70000000,0
1507046099,22714503,293.24,0.40000000,1
1507046099,22714498,293.00,0.00002457,1
1507046098,22714497,293.00,0.69997543,1
1507046064,22714473,292.70,0.86455077,0
1507046060,22714469,292.70,0.18223547,0
1507046060,22714468,292.68,11.93500000,0
1507046060,22714467,292.61,0.04929176,0
1507046060,22714466,292.61,0.05366200,0
1507046060,22714465,292.58,0.10295376,0
1507046060,22714464,292.55,0.10295376,0
1507046060,22714463,292.52,0.10295376,0
1507046059,22714462,292.09,0.10283520,0
1507046053,22714458,292.03,3.57246757,0
1507046037,22714437,292.00,0.05550000,1
1507046003,22714418,292.03,2.35000000,0
1507045982,22714393,292.03,2.32398900,0
1507045958,22714386,292.03,7.76475100,0
1507045957,22714384,292.03,19.32921700,0
1507045949,22714381,292.03,0.72328213,0
1507045930,22714375,292.03,0.17078246,0
1507045909,22714360,292.03,0.50000000,0
1507045864,22714336,292.00,1.24749126,1
1507045683,22714224,291.55,0.03427840,1
1507045683,22714218,291.55,0.03427840,1
1507045682,22714204,291.55,0.03427840,1
1507045546,22714103,292.07,0.15923741,1
1507045546,22714102,292.07,9.03674300,1
1507045546,22714101,291.91,1.00000000,1
1507045544,22714098,291.91,3.44200418,0
1507045304,22713985,291.98,0.31361737,0
1507045124,22713932,291.86,3.77189400,1
1507045124,22713931,291.86,13.95721000,1
1507045124,22713930,291.86,2.27089600,1
1507044987,22713693,291.86,0.01706298,0
1507044905,22713581,291.43,11.09845600,1
1507044883,22713569,291.58,1.42683930,1
1507044882,22713566,291.59,0.10295376,1
1507044882,22713565,291.60,2.98637006,1
1507044881,22713564,291.61,0.10295376,1
1507044881,22713563,291.62,3.75562155,1
1507044881,22713562,291.64,0.10295376,1
1507044881,22713561,291.67,0.04929176,1
1507044844,22713549,291.67,0.05366200,1
1507044761,22713513,292.16,0.02175617,1
1507044641,22713458,292.17,1.20811913,0
1507044641,22713457,292.13,2.85829400,0
1507044641,22713456,292.12,8.22600000,0
1507044640,22713455,292.00,0.09798960,0
1507044640,22713454,292.00,0.64650900,0
1507044614,22713440,291.62,0.42450000,1
1507044612,22713437,291.65,0.30550000,1
1507044521,22713374,291.65,0.10000000,1
1507044467,22713349,291.65,0.09326000,1
1507044466,22713347,291.65,1.99434000,1
1507044228,22713194,291.64,1.11639800,1
1507044226,22713193,291.64,1.31739600,1
1507044107,22713135,292.00,2.02621513,0
1507044107,22713134,292.00,2.58873300,0
1507044107,22713133,291.99,3.63601087,0
1507043922,22713063,291.99,0.11315456,0
1507043753,22712995,291.42,3.69916543,1
1507043626,22712906,291.42,0.05000000,1
1507043608,22712902,292.00,0.41126700,0
1507043288,22712660,291.50,6.16852012,0
1507043280,22712654,291.50,1.00000000,0
1507043269,22712647,291.50,2.40147988,0
1507043269,22712646,291.27,0.10342812,0
1507043264,22712638,291.24,0.10342812,0
1507043264,22712637,291.21,0.10342812,0
1507043263,22712636,291.18,0.10342812,0
1507043255,22712615,291.00,1.00000000,0
1507043254,22712611,290.95,3.75849300,0
1507043085,22712538,290.84,5.07000000,0
1507043018,22712516,290.36,3.75849300,1
1507042963,22712486,290.77,3.75540500,0
1507042954,22712479,290.76,0.20960000,0
1507042931,22712471,290.78,1.42959000,0
1507042928,22712470,290.22,7.50052571,1
1507042927,22712469,290.25,0.10342812,1
1507042927,22712468,290.28,0.10342812,1
1507042927,22712467,290.29,4.00926181,1
1507042927,22712466,290.31,0.10342812,1
1507042927,22712465,290.34,0.10342812,1
1507042842,22712412,290.29,0.83073819,1
1507042842,22712411,290.30,2.05966181,1
1507042841,22712409,290.31,0.20960000,1
1507042693,22712252,290.83,0.54000000,0
1507042637,22712210,290.83,0.54932434,0
1507042635,22712208,290.71,2.53984722,0
1507042482,22712106,290.71,5.62963284,0
1507042482,22712105,290.65,11.37036716,0
1507042078,22711899,290.73,0.85440099,0
1507042061,22711882,290.74,0.34309005,0
1507041677,22711695,290.81,4.84000000,0
1507041675,22711692,290.78,1.01162500,0
1507041578,22711572,289.99,3.22422510,1
1507041578,22711570,290.01,3.19629170,1
1507041578,22711569,290.12,13.57948320,1
1507041555,22711546,290.31,0.05000000,0
1507041472,22711466,289.51,3.70111650,1
1507041436,22711425,289.46,1.36910005,1
1507041396,22711386,290.13,0.75547621,1
1507041396,22711385,290.13,4.56495088,0
1507041356,22711329,290.13,0.27504912,0
1507041269,22711285,290.10,0.24000000,0
1507041269,22711284,290.00,1.00000000,0
1507041257,22711281,290.00,6.54000000,0
1507041124,22711211,289.99,0.33599826,0
1507041124,22711209,289.94,0.05000000,0
1507041115,22711200,289.93,0.65697606,0
1507041115,22711199,289.93,0.65697606,0
1507041115,22711198,289.77,0.10396074,0
1507041115,22711197,289.75,0.10396074,0
1507041103,22711189,289.73,1.53000000,0
1507041091,22711183,289.72,0.10396074,0
1507041089,22711178,289.69,0.10396074,0
1507041089,22711177,289.69,0.65748477,0
1507041086,22711175,289.43,0.10408304,0
1507041083,22711169,289.40,0.10408304,0
1507041080,22711168,289.38,0.10408304,0
1507041073,22711158,289.36,4.83999996,0
1507041073,22711157,289.35,0.10408304,0
1507041056,22711125,289.29,4.84000000,0
1507041014,22711095,289.00,4.84000000,0
1507041011,22711090,289.00,6.22856400,0
1507041002,22711075,289.00,0.40360000,0
1507040982,22711050,289.00,0.17650800,0
1507040972,22711046,289.00,1.00000000,0
1507040945,22711029,289.00,1.69234700,0
1507040944,22711026,289.00,0.60000000,0
1507040938,22711022,289.00,14.46969000,0
1507040937,22711021,289.00,0.90561900,0
1507040885,22710989,289.00,7.71937500,0
1507040878,22710980,289.00,8.65284900,0
1507040872,22710975,289.00,5.85987900,0
1507040871,22710973,289.00,7.33827200,0
1507040867,22710969,289.00,5.83416900,0
1507040863,22710964,289.00,5.35779600,0
1507040860,22710962,289.00,3.22588201,0
1507040840,22710940,289.00,1.45285200,0
1507040827,22710927,289.00,1.76636700,0
1507040822,22710923,289.00,2.01969800,0
1507040819,22710919,288.99,1.81000000,0
1507040713,22710847,289.00,1.05148608,0
1507040705,22710845,289.00,1.00000000,0
1507040704,22710844,288.99,2.07619641,0
1507040704,22710843,288.99,0.27700000,0
1507040704,22710841,288.98,1.40000000,0
1507040683,22710825,289.00,1.71773356,0
1507040579,22710741,288.98,1.45271000,0
1507040563,22710735,288.38,1.72023380,1
1507040563,22710734,288.38,0.26526620,1
1507040520,22710701,288.37,0.74497913,1
1507040438,22710636,288.40,19.30139050,1
1507040438,22710635,288.40,0.27700000,1
1507040438,22710634,288.42,0.10408304,1
1507040437,22710633,288.45,0.10408304,1
1507040437,22710632,288.48,0.10408304,1
1507040437,22710630,288.51,0.10408304,1
1507040435,22710627,289.00,0.09072800,0
1507040431,22710622,289.00,4.40128400,0
1507040425,22710617,289.00,3.15188600,0
1507040425,22710616,289.00,2.00000000,0
1507040423,22710614,289.00,0.60272700,0
1507040417,22710613,289.00,0.75702800,0
1507040416,22710612,289.00,2.74731100,0
1507040406,22710604,289.00,1.00200200,0
1507040406,22710603,289.00,0.29327900,0
1507040401,22710595,289.00,1.35288394,0
1507040392,22710590,288.99,0.02782400,0
1507040387,22710589,288.99,0.48198100,0
1507040384,22710585,289.00,25.56154700,0
1507040354,22710575,289.47,6.54000000,1
1507040343,22710563,289.31,0.21060000,0
1507040343,22710562,289.31,0.27600000,0
1507040343,22710561,289.28,10.58437572,0
1507040319,22710547,288.62,0.03775900,1
1507040308,22710542,288.65,0.21060000,1
1507040296,22710530,288.84,0.27600000,1
1507040265,22710513,289.57,0.56972681,0
1507040265,22710511,289.53,0.34886987,0
1507040265,22710510,289.53,0.91859668,0
1507040265,22710509,289.53,1.57982525,0
1507040264,22710508,289.51,0.16320590,0
1507040219,22710461,289.13,1.02337937,0
1507040026,22710297,288.38,3.15979200,1
1507040006,22710291,289.07,4.74774548,1
1507040006,22710290,289.03,0.25225452,0
1507039922,22710213,288.69,1.81449152,1
1507039922,22710212,288.76,0.10396074,1
1507039922,22710211,288.79,0.10396074,1
1507039906,22710207,288.81,0.25225452,1
1507039906,22710206,288.82,0.10396074,1
1507039906,22710205,288.85,0.10396074,1
1507039906,22710204,289.36,0.55000000,0
1507039741,22710100,289.34,4.91972960,0
1507039741,22710099,289.03,0.00000044,0
1507039735,22710093,289.02,1.17533100,0
1507039730,22710088,289.03,2.58466900,0
1507039697,22710038,289.00,0.80421500,0
1507039697,22710036,289.00,0.19578500,0
1507039697,22710035,288.98,0.80421500,0
1507039676,22709992,288.98,2.20157000,0
1507039676,22709990,288.98,1.00000000,0
1507039674,22709988,288.98,0.99421500,0
1507039672,22709981,288.99,0.40025600,0
1507039669,22709974,288.99,0.40904500,0
1507039668,22709973,288.93,0.50662756,0
1507039668,22709972,288.93,1.57000000,0
1507039668,22709971,288.66,3.00000000,0
1507039653,22709947,288.66,2.00000000,0
1507039650,22709939,288.65,2.81575000,0
1507039650,22709938,288.65,0.21100000,0
1507039645,22709928,288.54,0.28614626,0
1507039638,22709916,288.57,3.58325064,0
1507039633,22709907,288.57,1.41674936,0
1507039630,22709898,288.63,2.83688200,0
1507039619,22709883,288.13,4.48650000,1
1507039574,22709841,287.95,14.64529327,1
1507039574,22709840,287.96,1.00634668,1
1507039574,22709839,288.00,1.00000000,1
1507039574,22709838,288.00,4.00000000,1
1507039574,22709837,288.01,0.21100000,1
1507039574,22709836,288.02,0.15203805,1
1507039572,22709835,288.28,7.43732200,1
1507039542,22709817,288.75,4.01849351,0
1507039522,22709798,288.50,0.00000031,1
1507039469,22709745,288.90,3.00000000,1
1507039467,22709743,289.04,0.09673443,0
1507039467,22709742,288.84,5.00000000,0
1507039467,22709741,288.73,0.21060000,0
1507039466,22709739,288.74,4.70601100,0
1507039466,22709738,288.73,0.27600000,0
1507039422,22709670,288.98,4.96071000,0
1507039409,22709655,288.98,0.03929000,0
1507039379,22709619,289.04,1.00000000,0
1507039375,22709611,289.05,4.17622400,0
1507039366,22709601,288.50,24.86520100,1
1507039324,22709572,288.50,32.13479869,1
1507039324,22709571,288.51,0.28581331,1
1507039311,22709551,288.51,8.70000000,1
1507039311,22709550,288.52,0.21060000,1
1507039311,22709549,288.56,2.64037488,1
1507039299,22709543,288.52,4.97626530,1
1507039299,22709542,288.81,0.45000000,1
1507039299,22709541,288.88,7.58672717,1
1507039278,22709518,289.12,5.00000000,0
1507039269,22709508,289.11,0.11563525,0
1507039267,22709501,289.11,20.99504000,0
1507039267,22709499,289.11,7.70132475,0
1507039254,22709483,288.51,1.86594699,1
1507039254,22709482,288.52,0.21917001,1
1507039200,22709379,289.59,3.33635367,1
1507039187,22709375,288.62,12.40951500,1
1507039179,22709366,289.00,0.00000018,1
1507039179,22709364,289.05,0.65748477,1
1507039179,22709363,289.08,0.27600000,1
1507039145,22709341,289.04,1.99638192,1
1507039029,22709269,289.30,1.81127500,0
1507038955,22709227,289.82,0.37595749,0
1507038954,22709226,289.64,0.65697606,0
1507038903,22709144,289.63,0.10000000,0
1507038881,22709133,289.26,2.00000000,1
1507038847,22709126,289.23,16.70501718,0
1507038847,22709125,289.20,3.28970548,0
1507038789,22709088,289.19,1.03167467,0
1507038737,22709073,289.23,7.00000000,0
1507038734,22709068,289.20,0.07048500,0
1507038568,22708965,289.00,0.65697588,1
1507038568,22708964,289.00,0.65697606,1
1507038568,22708963,289.00,0.65697606,1
1507038568,22708962,289.02,0.10000000,1
1507038467,22708866,289.00,1.50000000,1
1507038456,22708860,289.00,0.06700000,1
1507038456,22708859,289.00,1.00000000,1
1507038456,22708858,289.00,3.00000000,1
1507038449,22708849,289.11,0.10000000,1
1507038416,22708806,289.83,3.44130532,0
1507038344,22708761,289.95,0.40400000,1
1507038344,22708760,289.90,9.59600000,0
1507038313,22708745,290.10,0.59499986,1
1507038242,22708647,290.44,0.06171000,1
1507038242,22708646,290.27,1.49000000,0
1507038241,22708645,290.20,0.20970000,0
1507038240,22708644,290.16,1.26892000,0
1507038239,22708643,290.16,1.76141000,0
1507038238,22708642,290.16,1.76141000,0
1507038237,22708641,290.17,1.85506000,0
1507038209,22708624,290.10,1.72644200,1
1507038199,22708615,290.10,1.84675900,1
1507038199,22708614,290.10,3.43324100,1
1507038177,22708603,290.10,1.99855814,1
1507038177,22708602,290.21,0.20970000,0
1507038175,22708600,290.21,0.79174186,1
1507038159,22708581,290.17,0.05290300,1
1507038159,22708579,290.68,0.27202700,1
1507038021,22708386,290.92,3.56190705,0
1507037997,22708362,290.68,0.19000000,1
1507037683,22708110,290.66,3.36665100,0
1507037526,22707964,290.00,4.61793103,0
1507037442,22707841,290.00,1.56899200,0
1507037441,22707839,290.00,65.04573900,0
1507037432,22707809,289.99,0.06471100,0
1507037431,22707806,289.99,0.29329800,0
1507037406,22707767,290.00,0.06095500,0
1507037404,22707754,290.00,0.16000000,0
1507037404,22707752,289.99,1.84000000,0
1507037384,22707717,290.00,3.25254235,0
1507037384,22707716,290.00,1.00000000,0
1507037384,22707714,290.00,1.00000000,0
1507037384,22707713,289.99,2.19000000,0
1507037384,22707712,289.98,15.28800000,0
1507037384,22707710,289.97,0.60603350,0
1507037356,22707690,289.95,2.69733000,0
1507037323,22707665,289.52,0.62864000,1
1507037312,22707655,289.95,1.32018321,0
1507037312,22707654,289.95,1.56131360,0
1507037298,22707647,289.52,0.60000000,1
1507037235,22707599,289.98,5.18111593,0
1507037233,22707598,289.88,2.06982200,0
1507037142,22707536,289.61,0.21050000,0
1507037142,22707535,289.61,0.27600000,0
1507037142,22707534,289.60,4.00000000,0
1507037055,22707483,289.03,0.09000000,1
1507037035,22707438,289.00,1.95202700,1
1507037027,22707431,289.01,4.00000000,1
1507037001,22707418,289.00,0.79072300,1
1507037001,22707417,289.01,0.21050000,1
1507036995,22707414,289.00,2.98566334,1
1507036907,22707354,289.00,24.13824009,1
1507036907,22707352,289.06,3.09983991,1
1507036906,22707351,289.19,0.27600000,1
1507036865,22707318,289.26,1.43946000,0
1507036865,22707317,289.26,1.43946000,0
1507036863,22707316,289.26,1.43946000,0
1507036851,22707306,289.04,23.00000000,1
1507036850,22707305,289.24,2.00000000,1
1507036815,22707282,289.26,0.16754000,0
1507036804,22707273,289.93,1.92763771,1
1507036580,22707106,289.00,22.67207950,1
1507036580,22707105,289.03,4.99402950,1
1507036550,22707065,289.48,0.45000000,0
1507036540,22707058,289.06,12.40728100,1
1507036532,22707042,289.15,2.80000000,1
1507036497,22706975,289.15,0.20000000,1
1507036488,22706966,289.00,0.13127300,1
1507036477,22706948,289.42,1.02345126,0
1507036477,22706947,289.42,8.75976600,0
1507036468,22706941,289.00,6.91531700,1
1507036418,22706892,289.42,4.29352984,0
1507036418,22706891,289.41,2.94000000,0
1507036418,22706890,289.41,0.21070000,0
1507036417,22706889,289.38,12.55049282,0
1507036403,22706875,288.11,12.55049282,0
1507036402,22706874,288.12,0.21070000,1
1507036390,22706866,288.44,0.23000000,1
1507036388,22706858,288.30,1.00000000,1
1507036378,22706833,289.44,1.16574946,0
1507036378,22706832,289.44,2.40997320,0
1507036378,22706831,289.42,3.50000000,0
1507036378,22706830,289.41,12.91900000,0
1507036371,22706815,289.43,1.01222760,0
1507036366,22706803,288.57,2.07787690,0
1507036361,22706799,288.49,10.52000000,1
1507036361,22706795,288.50,4.70663733,0
1507036360,22706794,288.50,2.08000000,0
1507036349,22706788,288.48,7.03500000,0
1507036349,22706787,288.47,2.07993899,0
1507036311,22706733,288.50,1.04320000,0
1507036299,22706728,288.01,8.43759871,0
1507036298,22706727,288.02,2.08240129,1
1507036287,22706718,288.48,8.70930996,0
1507036258,22706703,288.48,0.93554820,0
1507036258,22706702,288.44,3.43990446,0
1507036241,22706684,288.01,1.52292233,1
1507036238,22706678,288.13,0.64352345,0
1507036197,22706633,288.28,1.70204676,0
1507036180,22706609,288.01,3.28112973,1
1507036180,22706608,288.03,1.90214127,1
1507036167,22706587,288.45,4.71211098,0
1507036163,22706584,288.03,1.52294000,1
1507036099,22706483,288.26,8.43753198,1
1507036099,22706481,288.26,2.08195982,1
1507036099,22706479,288.26,3.06000000,1
1507036064,22706351,288.49,0.63728378,0
1507036051,22706334,288.00,2.81482000,1
1507036050,22706330,288.00,1.72315300,1
1507036050,22706329,288.00,1.00000000,1
1507036033,22706302,288.19,8.04695667,1
1507035992,22706245,288.57,8.39636829,1
1507035991,22706243,288.32,3.01681531,0
1507035976,22706221,288.31,6.77000000,0
1507035975,22706219,288.31,0.04800000,1
1507035974,22706217,288.31,6.77200000,1
1507035957,22706188,288.32,4.99999996,0
1507035944,22706170,288.55,11.17453987,1
1507035943,22706169,288.56,0.10000000,1
1507035943,22706168,288.56,0.10000000,1
1507035942,22706167,288.66,0.75391038,1
1507035936,22706156,288.67,1.08650708,0
1507035926,22706128,288.66,0.03450000,1
1507035923,22706121,288.67,8.45000000,0
1507035917,22706112,288.66,18.55269200,1
1507035915,22706106,288.66,2.78453306,1
1507035915,22706104,288.66,2.40441200,1
1507035909,22706088,289.00,1.00000000,1
1507035909,22706087,289.00,11.44667765,1
1507035908,22706084,289.00,2.04737400,1
1507035908,22706082,289.00,2.56444400,1
1507035906,22706078,289.00,1.88138972,1
1507035904,22706076,289.00,0.99034000,1
1507035903,22706071,289.00,0.26473800,1
1507035891,22706055,289.00,0.54440100,1
1507035889,22706049,289.00,1.90141000,1
1507035887,22706046,289.00,4.21362803,1
1507035875,22706006,289.00,3.55778547,1
1507035874,22706001,289.00,7.32230129,1
1507035873,22705999,289.06,0.10000000,1
1507035873,22705998,289.06,0.10000000,1
1507035873,22705996,289.07,2.07435471,1
1507035873,22705995,289.07,0.02560000,1
1507035864,22705955,289.51,0.10000000,1
1507035864,22705954,289.51,0.10000000,1
1507035808,22705807,289.91,0.10000000,1
1507035808,22705806,289.91,0.10000000,1
1507035793,22705792,289.96,10.00000000,0
1507035789,22705781,289.97,8.04695667,0
1507035754,22705763,290.04,2.06867140,0
1507035725,22705750,290.00,5.24345700,1
1507035653,22705690,290.00,4.75595300,1
1507035649,22705683,290.00,0.02459000,1
1507035638,22705643,290.00,4.97600000,1
1507035614,22705509,290.00,1.00000000,1
1507035614,22705507,290.00,3.00000000,1
1507035614,22705506,290.00,0.85700000,1
1507035608,22705492,290.00,0.14300000,1
1507035600,22705447,290.13,2.06327280,1
1507035600,22705446,290.26,0.10000000,1
1507035600,22705445,290.26,0.10000000,1
1507035555,22705353,290.30,2.06213600,1
1507035505,22705242,290.87,1.25544466,0
1507035505,22705240,290.91,0.00001286,1
1507035505,22705238,290.91,0.27400000,0
1507035504,22705235,290.90,2.06256446,0
1507035490,22705225,290.50,1.00000000,1
1507035490,22705224,290.56,0.10000000,1
1507035490,22705223,290.80,0.23000000,1
1507035478,22705211,290.56,0.10000000,1
1507035478,22705210,290.66,0.06607694,1
1507035478,22705209,290.71,0.20890000,1
1507035478,22705208,290.75,0.23000000,1
1507035478,22705207,290.78,12.13491940,1
1507035454,22705174,291.10,0.18010356,0
1507035448,22705159,290.70,2.76363477,1
1507035394,22705113,291.20,11.07000520,0
1507035320,22705023,290.70,2.00000000,1
1507035275,22704983,291.52,0.88481064,0
1507035071,22704917,291.13,1.64000000,1
1507035070,22704916,291.14,0.27400000,1
1507035063,22704912,291.12,13.57948300,1
1507035062,22704911,291.12,10.41217300,1
1507035062,22704910,291.12,10.62786080,1
1507035062,22704909,291.15,13.57948320,1
1507035060,22704908,291.11,9.80100000,0
1507035060,22704907,291.08,12.57948320,0
1507035013,22704879,290.66,8.25200000,1
1507034923,22704832,291.25,4.63851386,0
1507034923,22704831,291.24,0.03427583,0
1507034915,22704814,291.25,2.75563948,0
1507034905,22704799,291.27,7.98770899,0
1507034904,22704797,291.27,0.56583238,0
1507034901,22704793,291.27,1.25382740,0
1507034899,22704790,290.66,0.10132203,1
1507034899,22704789,290.71,0.99867797,1
1507034898,22704788,290.81,0.10000000,1
1507034898,22704787,290.81,0.10000000,1
1507034898,22704786,291.01,0.10000000,1
1507034898,22704785,291.01,0.10000000,1
1507034898,22704784,291.16,0.10000000,1
1507034898,22704783,291.16,0.10000000,1
1507034702,22704631,291.26,1.00000000,0
1507034662,22704625,291.27,5.14353418,0
1507034662,22704624,291.26,10.43000000,0
1507034662,22704623,291.25,1.00000000,0
1507034662,22704622,291.23,0.27300000,0
1507034581,22704601,290.66,0.26610100,1
1507034574,22704598,290.75,1.00000000,1
1507034383,22704485,291.28,0.91032683,0
1507034275,22704410,290.66,0.15000000,1
1507034264,22704401,290.66,2.10080000,1
1507034261,22704395,290.66,4.24420000,1
1507034248,22704383,290.66,14.96250000,1
1507034209,22704342,290.66,6.33887038,1
1507034209,22704341,290.92,0.04602640,1
1507034209,22704340,291.00,0.00000022,1
1507034184,22704324,291.66,1.00000000,0
1507034177,22704317,291.00,17.48558600,1
1507034163,22704300,291.00,17.51441378,1
1507034163,22704299,291.01,6.13000000,1
1507034162,22704296,291.06,7.43630322,1
1507034141,22704263,291.49,8.61503300,1
1507034141,22704262,291.51,0.02650000,1
1507034140,22704261,291.49,5.00000000,1
1507034139,22704257,291.50,0.00777583,1
1507034138,22704256,291.50,1.00000000,1
1507034138,22704255,291.70,0.20042417,1
1507034127,22704203,291.70,1.35846669,1
1507034127,22704202,291.74,0.20042396,1
1507034127,22704201,292.01,0.00000035,1
1507034087,22704177,292.01,0.99999965,1
1507034087,22704176,292.02,0.09581535,1
1507033938,22704129,292.08,4.30414000,1
1507033708,22704032,292.98,1.00881419,0
1507033698,22704027,292.53,1.53280200,1
1507033698,22704026,292.53,1.91663700,1
1507033697,22704025,292.53,1.00000000,1
1507033658,22703997,292.42,0.19840000,0
1507033658,22703996,292.42,2.58000000,0
1507033627,22703975,292.55,1.34750000,0
1507033328,22703814,292.06,0.11909271,1
1507033283,22703760,292.61,19.78332009,0
1507033283,22703757,292.39,0.20790000,0
1507033190,22703718,292.01,2.37762500,1
1507033183,22703717,292.00,4.95000000,1
1507033183,22703716,292.01,3.05000000,1
1507033176,22703714,292.00,2.95790700,1
1507033139,22703693,292.01,0.18040700,1
1507033096,22703676,292.63,5.25937190,0
1507033062,22703660,292.65,0.23800000,0
1507033048,22703644,292.01,2.02722753,1
1507033048,22703643,292.01,3.39000000,1
1507032974,22703587,292.29,0.46000000,1
1507032973,22703586,292.35,0.89128826,1
1507032973,22703585,292.38,4.46881760,1
1507032971,22703584,292.42,0.26930000,1
1507032963,22703578,292.98,0.99587003,0
1507032950,22703567,292.48,0.07558381,0
1507032950,22703566,292.48,0.27300000,1
1507032901,22703518,292.45,0.38078600,1
1507032856,22703500,292.58,0.29339100,0
1507032856,22703498,292.65,0.20790000,1
1507032855,22703496,292.58,1.29870900,1
1507032855,22703495,292.64,5.00000000,1
1507032829,22703484,292.61,2.00000000,1
1507032793,22703466,292.64,0.15197800,1
1507032792,22703465,292.61,0.30432000,1
1507032791,22703464,292.61,0.15250000,1
1507032657,22703365,293.41,19.99996608,0
1507032656,22703364,292.45,3.40477964,1
1507032656,22703363,293.00,26.87522036,1
1507032654,22703362,293.00,3.68000000,1
1507032634,22703360,293.00,3.59000000,1
1507032631,22703359,293.00,52.00000000,1
1507032630,22703358,293.00,9.73000000,1
1507032626,22703353,293.00,1.91000000,1
1507032625,22703348,293.00,30.21477964,1
1507032625,22703346,293.01,0.71670536,1
1507032625,22703344,293.02,3.75540500,1
1507032622,22703343,293.49,10.11339665,0
1507032591,22703322,293.49,3.22970000,0
1507032559,22703300,293.49,0.63181512,0
1507032526,22703282,293.04,6.88383800,1
1507032514,22703276,293.49,16.64046608,0
1507032507,22703272,293.52,0.43000000,1
1507032497,22703266,293.53,3.25950000,0
1507032468,22703237,293.53,0.10000000,0
1507032449,22703226,294.00,0.27745456,0
1507032449,22703225,293.82,0.88800669,0
1507032449,22703224,293.70,0.04554787,0
1507032449,22703222,293.50,1.00000000,0
1507032449,22703221,293.39,0.09536437,0
1507032449,22703220,293.38,17.69362651,0
1507032417,22703183,293.37,4.36932358,1
1507032403,22703176,293.38,2.19200000,0
1507032398,22703172,293.38,0.10000000,0
1507032397,22703171,293.38,1.17695869,0
1507032391,22703167,293.37,2.99217832,1
1507032380,22703158,293.37,2.08860000,1
1507032374,22703154,293.38,0.10000000,0
1507032371,22703148,293.38,1.12662149,0
1507032364,22703143,293.38,0.25936391,0
1507032361,22703142,293.38,0.55000000,0
1507032360,22703141,293.38,0.55000000,0
1507032360,22703140,293.38,0.55000000,0
1507032359,22703138,293.38,0.55000000,0
1507032359,22703137,293.38,0.55000000,0
1507032359,22703135,293.38,0.55000000,0
1507032358,22703133,293.38,0.55000000,0
1507032358,22703131,293.38,0.55000000,0
1507032357,22703130,293.38,0.55000000,0
1507032357,22703129,293.38,0.55000000,0
1507032357,22703128,293.38,0.55000000,0
1507032355,22703125,293.38,0.55000000,0
1507032354,22703124,293.38,0.55000000,0
1507032354,22703123,293.38,0.55000000,0
1507032353,22703122,293.38,0.55000000,0
1507032353,22703121,293.38,0.55000000,0
1507032352,22703120,293.38,0.55000000,0
1507032352,22703119,293.38,0.55000000,0
1507032351,22703118,293.38,0.39053419,0
1507032339,22703102,293.38,15.28080224,0
1507032339,22703100,293.38,0.25000000,0
1507032337,22703094,293.38,4.46909586,0
1507032335,22703087,293.38,0.47000000,0
1507032310,22703068,293.38,7.53713116,0
1507032290,22703058,293.38,0.34186369,0
1507032232,22703030,293.38,0.22000000,0
1507032223,22703028,293.35,1.00000000,0
1507032178,22702999,293.38,0.03300226,0
1507032178,22702998,293.37,0.46951237,0
1507032178,22702997,293.34,1.47915183,0
1507032122,22702976,293.35,0.67500000,0
1507032106,22702969,292.56,2.15415183,0
1507032104,22702965,293.37,0.84584817,1
1507032098,22702961,293.38,1.26455382,0
1507032090,22702955,293.38,0.20450000,0
1507032084,22702937,293.38,0.38000000,0
1507032082,22702934,293.37,0.12000000,1
1507032064,22702908,293.37,0.53390000,1
1507032063,22702904,293.38,0.13532144,0
1507032059,22702896,293.38,3.81196409,0
1507032056,22702891,293.37,0.16000000,1
1507032055,22702889,293.37,2.68371200,1
1507032052,22702884,293.38,3.81196409,0
1507032051,22702882,293.38,1.03559144,0
1507032051,22702881,293.37,0.00000048,0
1507032051,22702880,293.37,1.65974752,1
1507032049,22702878,293.37,0.19000000,0
1507032049,22702877,292.99,13.30266243,0
1507032043,22702860,293.17,0.94933757,1
1507032043,22702859,293.00,1.00000000,0
1507032042,22702858,292.95,0.04000000,0
1507032042,22702857,292.75,1.00000000,0
1507032038,22702854,292.74,3.76996011,1
1507032035,22702845,292.73,12.09948320,1
1507032034,22702844,292.70,0.04000000,0
1507032034,22702843,292.69,0.04000000,0
1507032034,22702842,292.69,0.04000000,0
1507032034,22702840,292.59,0.04000000,0
1507032034,22702839,292.50,3.00000000,0
1507032033,22702838,292.50,0.04000000,0
1507032033,22702837,292.39,0.04000000,0
1507032033,22702836,292.39,0.04000000,0
1507032033,22702835,292.39,0.04000000,0
1507032033,22702834,292.35,0.04000000,0
1507032033,22702833,292.24,0.04000000,0
1507032033,22702832,292.15,0.15705663,0
1507032016,22702819,292.15,0.03419476,0
1507031858,22702709,291.80,1.00000000,1
1507031857,22702706,291.81,4.39972000,1
1507031857,22702705,291.81,0.60028000,1
1507031857,22702704,291.89,0.20000000,1
1507031857,22702703,291.89,0.19972000,1
1507031767,22702647,291.89,0.00028000,1
1507031767,22702646,292.04,0.20000000,1
1507031766,22702645,292.04,0.20000000,1
1507031717,22702619,292.15,16.58696957,0
1507031684,22702609,292.15,3.41299639,0
1507031656,22702601,292.15,1.54692441,0
1507031656,22702600,292.14,1.41007559,0
1507031652,22702597,292.14,5.79700361,0
1507031621,22702577,292.15,6.93091141,0
1507031534,22702539,292.15,1.21883800,0
1507031448,22702505,292.15,0.11210883,0
1507031448,22702503,292.14,0.04000000,0
1507031434,22702496,292.14,0.04000000,0
1507031434,22702495,292.07,0.05623257,0
1507031434,22702494,292.07,0.26469740,0
1507031392,22702472,292.07,1.72661700,0
1507031363,22702467,292.07,2.99300000,0
1507031229,22702341,292.07,2.61557700,0
1507031226,22702340,292.07,6.09042300,0
1507031085,22702208,292.07,0.12000000,0
1507031074,22702195,292.03,0.72000000,0
1507031065,22702187,292.04,1.48000000,0
1507031005,22702155,292.07,10.70849453,0
1507031005,22702154,292.06,0.20880000,0
1507031003,22702152,291.94,0.04000000,0
1507031003,22702151,291.94,0.04000000,0
1507030972,22702133,291.49,0.79299613,1
1507030972,22702132,291.49,0.60110387,1
1507030972,22702131,291.50,0.20880000,1
1507030971,22702130,291.63,0.04000000,1
1507030971,22702129,291.68,0.04000000,1
1507030970,22702127,291.83,0.04000000,1
1507030929,22702108,292.09,2.99258478,0
1507030928,22702107,291.49,0.03525600,1
1507030927,22702106,291.59,0.04000000,1
1507030927,22702105,291.79,0.00686300,1
1507030926,22702103,291.79,0.03313700,1
1507030926,22702102,291.94,0.00788500,1
1507030895,22702091,291.94,0.03211500,1
1507030660,22701964,292.05,1.27457200,0
1507030648,22701961,291.82,0.10000000,0
1507030648,22701960,291.78,0.10000000,0
1507030648,22701959,291.75,0.10000000,0
1507030648,22701957,291.73,0.10000000,0
1507030648,22701956,291.71,0.10000000,0
1507030648,22701955,291.56,0.10000000,0
1507030581,22701914,291.50,0.99750000,1
1507030553,22701891,291.16,12.45051792,1
1507030522,22701862,292.05,1.76808252,1
1507030520,22701857,292.05,0.23000000,0
1507030495,22701843,292.06,0.50000000,0
1507030495,22701842,292.06,0.50000000,0
1507030495,22701840,292.06,0.50000000,0
1507030495,22701839,292.06,0.50000000,0
1507030495,22701838,292.06,0.50000000,0
1507030494,22701837,292.06,0.50000000,0
1507030439,22701809,292.05,6.13726000,1
1507030439,22701808,292.05,1.49994900,1
1507030438,22701805,292.05,0.46000000,0
1507030394,22701778,292.07,3.42495850,0
1507030394,22701777,292.06,8.09929850,0
1507030363,22701763,292.05,0.02732409,0
1507030306,22701725,292.08,5.06059430,0
1507030306,22701724,292.08,1.71290368,0
1507030306,22701723,292.07,0.80000000,0
1507030306,22701722,292.06,0.04074233,0
1507030300,22701716,292.08,5.04571142,0
1507030300,22701715,292.07,7.04754865,0
1507030299,22701714,292.07,1.68245135,0
1507030298,22701713,292.07,0.80000000,0
1507030298,22701712,292.01,1.76594633,0
1507030254,22701682,291.81,6.42663638,0
1507030026,22701475,291.32,0.16835767,0
1507029824,22701304,291.86,0.02000000,0
1507029821,22701302,291.07,0.06871908,1
1507029780,22701280,291.10,0.06871908,1
1507029762,22701272,291.72,0.60000000,0
1507029742,22701261,291.10,0.06871199,1
1507029715,22701241,291.78,0.50835615,0
1507029605,22701189,291.89,3.93572921,0
1507029250,22700997,290.84,3.19849375,0
1507029236,22700983,290.84,8.55225685,1
1507029234,22700975,290.84,3.19825086,1
1507029233,22700969,290.82,4.12200435,1
1507029233,22700967,290.83,0.00002681,1
1507029232,22700962,290.83,4.42997319,1
1507029230,22700952,290.82,3.19822784,1
1507029228,22700947,290.82,8.55183275,1
1507029227,22700943,290.82,3.19822784,1
1507029225,22700935,290.82,8.55171130,1
1507029222,22700928,290.82,7.25374602,1
1507029222,22700927,290.82,0.92295487,1
1507029207,22700905,291.00,0.00003136,1
1507029206,22700901,291.00,1.44683437,1
1507029204,22700896,291.00,8.19037183,1
1507029151,22700854,290.75,0.51166800,1
1507029116,22700824,290.76,5.29885005,1
1507029115,22700820,290.77,3.19815563,1
1507029113,22700817,290.76,8.19032759,1
1507029090,22700804,290.76,3.58153436,1
1507029048,22700731,290.54,1.99546006,1
1507029012,22700716,290.79,1.43182700,0
1507028963,22700682,290.31,0.32620000,1
1507028961,22700679,290.87,0.43051605,0
1507028960,22700678,290.86,0.24197425,0
1507028960,22700677,290.86,2.82750970,0
1507028918,22700639,290.92,0.17161500,0
1507028913,22700636,290.33,3.99999992,1
1507028912,22700635,290.50,5.32042709,1
1507028911,22700634,290.60,0.00000008,1
1507028901,22700630,290.66,0.20000000,0
1507028900,22700629,290.66,0.17202229,1
1507028874,22700590,290.65,1.22865479,0
1507028874,22700588,290.65,0.17202821,1
1507028753,22700452,290.63,1.25021221,1
1507028690,22700427,290.60,5.32042701,1
1507028690,22700426,290.61,0.20910000,1
1507028690,22700425,290.70,0.55824999,1
1507028683,22700423,290.70,1.56686069,1
1507028680,22700418,290.70,3.19531641,1
1507028678,22700415,290.73,8.18062127,1
1507028667,22700410,291.57,3.74306438,0
1507028667,22700409,291.56,0.20930000,0
1507028667,22700408,291.55,0.36256262,0
1507028658,22700402,290.70,2.06025550,1
1507028651,22700399,291.56,1.56618561,0
1507028651,22700398,291.54,0.04000000,0
1507028651,22700397,291.54,0.04000000,0
1507028651,22700396,291.53,0.36208739,0
1507028512,22700264,291.24,2.91911640,0
1507028512,22700263,291.21,9.64088360,0
1507028502,22700257,290.24,0.56711536,1
1507028486,22700253,291.24,3.93856800,0
1507028474,22700241,291.39,0.34443198,0
1507028449,22700231,290.53,8.09241000,1
1507028449,22700230,290.54,0.20930000,1
1507028074,22699846,290.33,5.87755038,0
1507028055,22699839,290.33,5.37017746,1
1507028031,22699821,290.35,1.63370000,0
1507027957,22699794,290.33,8.20927414,1
1507027843,22699713,290.38,0.97850534,0
1507027843,22699712,290.37,0.32727166,0
1507027775,22699680,290.38,2.22863590,0
1507027774,22699679,290.30,1.52000000,0
1507027650,22699531,290.47,16.83175178,0
1507027649,22699530,290.46,0.32903189,0
1507027610,22699460,290.47,19.66088940,0
1507027610,22699459,290.46,0.32897360,0
1507027580,22699444,290.47,16.53264327,0
1507027579,22699443,290.46,0.31872636,0
1507027525,22699415,290.44,0.18431111,0
1507027495,22699312,289.54,7.37262000,1
1507027491,22699307,290.66,4.95359134,1
1507027490,22699303,290.66,0.34188820,1
1507027489,22699302,290.66,2.06725469,1
1507027489,22699301,290.48,1.00000000,0
1507027489,22699300,290.34,2.47000000,0
1507027489,22699299,290.25,9.15712901,0
1507027462,22699293,290.25,6.41038004,0
1507027462,22699292,290.19,13.57948320,0
1507027400,22699270,289.06,1.55128753,1
1507027397,22699262,289.04,0.30574961,1
1507027397,22699261,289.09,1.91292206,1
1507027393,22699260,289.13,2.46289768,0
1507027384,22699254,289.33,0.40528890,1
1507027380,22699252,290.25,11.08672655,0
1507027380,22699251,290.14,0.82982580,0
1507027368,22699248,290.11,1.91292206,0
1507027352,22699236,290.25,1.34576440,0
1507027352,22699235,290.14,2.50565260,0
1507027318,22699208,290.00,3.00000000,1
1507027256,22699171,290.20,11.13754122,1
1507027255,22699169,290.20,0.87818200,1
1507027255,22699168,290.20,3.99686983,1
1507027255,22699167,290.23,12.01572317,1
1507027252,22699165,290.19,0.97000000,0
1507027250,22699163,289.96,3.00727019,0
1507027168,22699029,289.79,0.40068300,1
1507027118,22698989,289.75,8.83623997,0
1507027025,22698920,288.84,10.40000000,1
1507026950,22698880,289.78,3.64524032,0
1507026922,22698854,289.41,1.99906707,0
1507026908,22698843,289.41,0.34858381,1
1507026854,22698790,289.51,1.72291113,0
1507026809,22698774,289.60,6.92986628,0
1507026809,22698773,289.00,2.01844272,0
1507026808,22698772,288.97,3.43569100,0
1507026793,22698767,288.42,3.43569100,1
1507026722,22698707,289.00,7.14186324,0
1507026722,22698706,288.99,1.27000000,0
1507026722,22698704,288.98,11.34800000,0
1507026722,22698703,288.82,0.23000000,0
1507026674,22698639,288.39,6.16961200,0
1507026674,22698637,288.39,2.56258800,0
1507026673,22698636,288.39,0.84845432,0
1507026663,22698624,288.43,6.58044251,0
1507026662,22698620,288.42,4.15172200,0
1507026661,22698616,288.43,0.29800000,0
1507026656,22698610,288.43,2.50895400,0
1507026656,22698609,288.43,6.45074473,0
1507026640,22698592,288.49,0.78280841,0
1507026639,22698590,288.49,4.85332955,0
1507026639,22698589,288.00,14.35372528,0
1507026511,22698500,288.00,0.33958333,0
1507026425,22698454,287.99,0.40196500,0
1507026393,22698438,287.96,0.21140000,0
1507026363,22698423,287.50,1.52751304,0
1507026363,22698421,287.50,0.21140000,0
1507026362,22698419,287.50,1.12161000,0
1507026350,22698410,287.50,2.08891477,0
1507026350,22698409,287.50,0.00000023,0
1507026348,22698408,287.50,4.73108500,0
1507026318,22698390,287.44,0.21140000,0
1507026299,22698379,287.47,0.21140000,0
1507026267,22698368,287.47,0.46830000,0
1507026265,22698367,287.47,0.71831600,0
1507026264,22698366,287.47,2.30526000,0
1507026259,22698365,286.84,1.00000000,1
1507026253,22698364,286.86,2.09033576,1
1507026253,22698363,286.86,0.21140000,1
1507026252,22698362,286.86,3.33345390,1
1507026235,22698353,287.50,5.46183100,0
1507026235,22698352,287.49,0.21180000,0
1507026235,22698351,287.49,4.73000000,0
1507026235,22698350,287.49,2.08891500,0
1507026228,22698349,287.49,4.73108500,0
1507026204,22698320,287.49,1.53224000,0
1507026194,22698317,287.50,2.17613602,0
1507026194,22698316,287.46,13.57948320,0
1507026194,22698315,287.46,2.08724692,0
1507026182,22698310,286.75,19.15781689,1
1507026181,22698309,286.76,0.21180000,1
1507026181,22698308,286.76,10.49000000,1
1507026181,22698307,286.81,13.57948320,1
1507026179,22698306,287.50,0.34689800,0
1507026179,22698305,287.37,4.73479900,0
1507026151,22698250,287.37,5.90720100,0
1507026151,22698249,287.33,0.21140000,0
1507026151,22698248,287.32,0.29177904,0
1507026151,22698247,287.26,13.57948320,0
1507026109,22698222,286.72,4.93508000,1
1507026093,22698211,286.12,4.93508001,0
1507026093,22698209,286.12,0.68875654,0
1507026093,22698204,286.69,9.67900000,1
1507026091,22698203,286.72,9.28695915,1
1507025972,22698148,286.81,0.99850000,1
1507025963,22698144,286.75,0.16516300,1
1507025963,22698143,286.79,0.23000000,1
1507025954,22698139,286.77,0.21140000,1
1507025954,22698138,286.77,2.96000000,1
1507025954,22698137,286.90,0.27800000,1
1507025954,22698136,286.94,0.23000000,1
1507025954,22698135,286.94,1.00508351,1
1507025951,22698127,286.94,1.08498200,1
1507025951,22698126,286.97,1.63017800,1
1507025925,22698083,287.36,2.08797327,0
1507025904,22698067,286.90,3.27000000,1
1507025880,22698050,287.63,0.06935753,0
1507025779,22698008,286.93,0.32013100,0
1507025765,22698000,287.35,2.08651547,0
1507025765,22697999,288.16,5.00000000,0
1507025685,22697927,287.49,0.01377904,1
1507025683,22697924,287.51,0.13622096,1
1507025609,22697859,288.20,17.84286614,0
1507025609,22697858,288.19,1.55000000,0
1507025609,22697857,288.18,0.59699710,0
1507025594,22697834,288.19,0.63555346,0
1507025594,22697833,288.19,1.44902210,0
1507025593,22697832,288.19,10.44000000,0
1507025593,22697831,288.18,0.10213500,0
1507025452,22697742,287.54,0.10213500,1
1507025386,22697649,287.48,2.08710171,0
1507025385,22697645,287.51,5.00000000,1
1507025383,22697644,287.49,0.53558903,0
1507025383,22697642,287.50,2.08563397,1
1507025377,22697638,287.50,2.08564783,1
1507025371,22697632,287.44,2.53000000,1
1507025364,22697623,287.65,0.65746000,0
1507025357,22697606,287.65,1.44342082,0
1507025330,22697567,287.65,3.63215713,0
1507025248,22697479,287.97,6.75310300,0
1507025248,22697478,287.97,1.32205430,0
1507025248,22697477,287.97,2.08355037,0
1507025243,22697471,287.96,0.81840304,0
1507025243,22697470,287.26,0.23000000,0
1507025223,22697445,287.25,2.53602339,0
1507025209,22697431,286.53,2.08610092,1
1507025209,22697430,286.66,0.23000000,1
1507025176,22697381,287.96,5.33470802,1
1507025163,22697333,287.99,2.21768550,0
1507025162,22697321,287.27,0.21170000,0
1507025134,22697232,287.47,3.00838348,0
1507025106,22697186,286.53,4.60908243,1
1507025105,22697185,286.57,0.21170000,1
1507025096,22697176,288.02,1.59782764,0
1507025094,22697174,288.02,5.00926443,1
1507025093,22697173,288.02,2.28524185,0
1507025093,22697172,287.35,1.27083363,0
1507025092,22697171,287.35,0.81721231,0
1507025092,22697170,287.34,2.56000000,0
1507025049,22697122,286.39,0.38202273,1
1507025034,22697101,288.11,1.43906555,0
1507025034,22697100,288.11,0.21130000,0
1507025020,22697089,286.38,0.71860130,1
1507025020,22697087,286.50,0.03694024,1
1507025020,22697086,286.78,0.04672571,1
1507025014,22697080,286.81,4.01297100,1
1507025011,22697075,288.40,2.31300000,1
1507025010,22697074,288.39,0.27700000,0
1507025004,22697064,286.82,1.33574206,1
1507025004,22697063,286.82,1.91206786,1
1507025004,22697062,287.00,0.71881897,1
1507025004,22697061,287.00,0.07801589,1
1507025003,22697060,287.01,1.00000000,1
1507025002,22697056,287.04,0.64849120,1
1507025002,22697055,287.06,0.21130000,1
1507025002,22697054,287.92,0.27700000,1
1507024990,22697042,288.54,1.21809992,0
1507024986,22697036,288.55,0.19265433,0
1507024985,22697033,288.60,0.96276918,1
1507024984,22697028,288.81,2.59704700,0
1507024982,22697026,288.59,1.18367500,0
1507024982,22697024,288.59,1.51632500,0
1507024972,22697009,288.60,3.21000000,0
1507024970,22697002,287.60,0.45802300,0
1507024969,22697001,287.60,2.48197690,0
1507024959,22696990,287.65,3.30160872,0
1507024958,22696989,287.39,3.28030997,0
1507024953,22696982,287.61,0.61838242,0
1507024953,22696981,287.02,0.21880477,0
1507024953,22696979,287.01,0.16506281,0
1507024949,22696975,287.00,40.89000000,1
1507024940,22696959,287.02,0.70228849,0
1507024938,22696956,287.00,4.26076979,1
1507024938,22696955,287.09,0.21881221,1
1507024872,22696874,287.00,54.05239535,1
1507024872,22696873,287.00,0.30332946,1
1507024871,22696872,287.00,0.50000000,1
1507024871,22696871,287.00,0.20000000,1
1507024871,22696870,287.00,1.00000000,1
1507024871,22696869,287.09,0.33325940,1
1507024871,22696868,287.10,8.52051905,1
1507024871,22696867,287.12,2.27000000,1
1507024871,22696866,287.13,63.99500000,1
1507024871,22696865,287.15,0.25000000,1
1507024870,22696864,287.45,9.40267766,1
1507024870,22696863,287.46,8.31000000,1
1507024870,22696862,288.00,1.85179329,1
1507024870,22696861,288.00,1.00000000,1
1507024870,22696860,288.00,10.00000000,1
1507024870,22696859,288.00,6.35068098,1
1507024864,22696849,288.00,1.64931902,1
1507024864,22696848,288.00,0.50010000,1
1507024864,22696847,288.00,0.89868098,1
1507024861,22696842,288.00,0.10000000,1
1507024856,22696840,288.87,0.02101010,0
1507024853,22696838,288.00,1.00000000,1
1507024853,22696837,288.01,2.50000000,1
1507024852,22696836,288.06,5.00000000,1
1507024852,22696835,288.06,1.07490000,1
1507024848,22696833,288.12,12.62300000,1
1507024820,22696820,288.93,0.02101010,0
1507024736,22696760,289.00,0.02101010,0
1507024697,22696721,288.49,0.47700000,1
1507024689,22696713,288.51,0.06196081,1
1507024670,22696704,289.00,0.02101010,0
1507024654,22696697,288.45,0.39029220,1
1507024647,22696690,288.44,2.14678663,1
1507024632,22696684,289.00,0.02101010,0
1507024608,22696671,288.97,4.17794271,0
1507024482,22696614,288.99,0.02101010,0
1507024477,22696610,288.36,1.63360000,1
1507024475,22696608,288.99,0.02101010,0
1507024445,22696602,288.41,0.28480000,1
1507024442,22696600,289.13,0.02101010,0
1507024421,22696582,289.00,3.81943700,1
1507024421,22696581,289.00,0.50000000,1
1507024409,22696576,289.00,1.50000000,1
1507024409,22696575,289.01,0.50000000,1
1507024390,22696564,289.16,8.60238502,1
1507024390,22696563,289.16,9.31200000,0
1507024390,22696562,289.09,2.07547822,0
1507024256,22696464,289.05,0.02101010,0
1507024244,22696463,289.02,0.02101010,0
1507024211,22696442,288.20,0.26729182,1
1507024182,22696407,289.35,0.56286324,1
1507024181,22696406,289.34,9.06700000,0
1507024181,22696405,289.33,10.36000000,0
1507024093,22696337,289.28,0.02101010,0
1507023979,22696224,289.05,0.02089110,0
1507023948,22696184,288.69,0.06903599,0
1507023941,22696181,288.70,0.02089110,0
1507023930,22696174,288.68,0.02089110,0
1507023872,22695941,288.71,0.02089110,0
1507023653,22695856,288.03,2.50000000,1
1507023651,22695855,288.04,0.50000000,1
1507023531,22695758,288.01,17.92227987,1
1507023530,22695757,288.10,0.20000000,1
1507023530,22695756,288.10,0.30000000,1
1507023530,22695755,288.12,3.71712143,1
1507023529,22695754,288.13,6.58000000,1
1507023373,22695693,288.11,0.61638500,1
1507023373,22695692,288.12,0.40000000,1
1507023373,22695691,288.13,0.23000000,1
1507023312,22695663,288.12,0.04709992,0
1507023310,22695661,288.14,0.10000000,1
1507023310,22695660,288.14,0.23000000,1
1507023258,22695573,288.44,3.29687820,1
1507023257,22695565,288.44,1.80928100,1
1507023257,22695563,288.44,2.10092000,1
1507023256,22695559,288.46,0.38000000,1
1507023256,22695558,288.68,0.10000000,1
1507023208,22695492,289.16,8.02323434,0
1507023120,22695454,289.43,0.02089110,0
1507023078,22695423,288.66,0.02100000,1
1507022875,22695186,288.45,10.41238609,1
1507022875,22695184,288.45,0.10000000,0
1507022874,22695182,289.00,1.00000000,1
1507022874,22695181,289.00,11.08161391,1
1507022874,22695180,289.03,0.27600000,1
1507022871,22695179,289.00,21.40638609,1
1507022871,22695178,289.02,3.30994991,1
1507022862,22695168,289.12,0.90000000,1
1507022748,22695063,290.00,0.38533023,1
1507022726,22695049,290.00,0.02157000,1
1507022722,22695046,290.00,17.00000000,1
1507022714,22695036,290.00,2.68901700,1
1507022708,22695034,290.00,6.23400000,1
1507022702,22695032,290.00,4.63752100,1
1507022701,22695030,290.00,3.80856700,1
1507022699,22695028,290.00,1.55845000,1
1507022697,22695023,290.00,9.79000000,1
1507022690,22695016,290.00,1.32699300,1
1507022689,22695015,290.00,1.78679400,1
1507022689,22695014,290.00,0.76175777,1
1507022689,22695013,290.02,9.02824223,1
1507022681,22695007,290.02,0.34893628,1
1507022680,22695006,290.02,0.01728448,1
1507022679,22695005,290.02,11.17290000,1
1507022671,22695004,290.02,0.03973200,1
1507022670,22695003,290.02,2.65398700,1
1507022670,22695002,290.02,2.54614800,1
1507022669,22695001,290.02,77.70000000,1
1507022668,22695000,290.02,57.12000000,1
1507022652,22694984,290.02,23.10000000,1
1507022652,22694983,290.02,24.48740000,1
1507022652,22694982,290.02,34.71830000,1
1507022647,22694971,290.03,2.04551500,1
1507022646,22694969,290.03,1.92448500,1
1507022584,22694888,290.03,4.39000000,1
1507022575,22694880,290.02,44.75406480,1
1507022575,22694879,290.03,4.85000000,1
1507022575,22694878,290.05,2.65424900,1
1507022575,22694877,290.06,18.13768620,1
1507022514,22694816,290.06,5.36230500,1
1507022362,22694708,290.05,2.18575100,1
1507022299,22694688,290.62,4.24462720,0
1507022272,22694666,290.03,3.03758900,1
1507022264,22694662,290.18,0.92109326,1
1507022264,22694661,290.21,1.69326437,1
1507022264,22694660,290.25,0.12876737,1
1507022264,22694659,290.28,4.59928600,1
1507022249,22694609,290.62,0.02081351,0
1507022245,22694607,290.28,0.24071400,1
1507022228,22694602,290.62,0.91869107,0
1507022079,22694500,290.62,0.60893950,0
1507022065,22694491,290.62,0.19136748,0
1507022022,22694444,290.62,1.43800000,0
1507022022,22694443,290.58,0.20890000,0
1507022010,22694441,290.25,0.17816400,1
1507022000,22694389,290.25,0.02100000,1
1507021805,22694189,290.25,0.65106863,1
1507021687,22694144,290.70,0.02081351,0
1507021680,22694133,290.25,0.02100000,1
1507021611,22694101,290.50,6.45279752,1
1507021611,22694100,290.50,0.00000004,1
1507021444,22694054,290.50,0.99999996,1
1507021444,22694053,290.51,0.15311004,1
1507021329,22694002,291.48,0.02081351,0
1507021263,22693965,290.21,0.02100000,1
1507021208,22693942,290.21,1.28573563,1
1507021207,22693941,290.26,0.20890000,1
1507021207,22693940,290.36,0.09536437,1
1507021207,22693939,290.50,0.23000000,1
1507020655,22693638,290.52,8.00000000,1
1507020642,22693633,290.55,13.57948300,0
1507020612,22693620,291.72,1.09968463,0
1507020583,22693605,290.82,33.75775394,0
1507020548,22693591,290.86,0.05620000,0
1507020447,22693492,290.44,0.97000000,1
1507020447,22693491,290.50,0.40600000,1
1507020408,22693460,291.27,1.11382570,1
1507020407,22693459,291.27,13.57948291,0
1507020394,22693443,290.61,8.32105000,1
1507020315,22693358,291.74,5.71992185,0
1507020302,22693333,291.73,8.32105029,1
1507020255,22693269,291.47,0.34893628,0
1507020195,22693207,290.96,0.11210000,0
1507020195,22693206,290.95,0.20830000,0
1507020166,22693178,291.00,0.96329993,1
1507020161,22693174,291.01,10.38000000,0
1507020129,22693123,291.00,0.83720007,1
1507020129,22693121,291.06,0.96329993,1
1507020125,22693115,291.06,1.43209817,1
1507020125,22693114,291.80,4.78752677,1
1507020125,22693113,292.22,4.16037506,1
1507020125,22693112,292.22,0.66000000,0
1507020108,22693109,291.80,2.01578080,1
1507020108,22693108,291.90,2.98421920,1
1507020107,22693107,291.90,2.02218500,1
1507020101,22693105,291.80,9.27081000,1
1507020098,22693100,291.80,6.80333000,1
1507020088,22693094,291.60,2.05635680,1
1507020087,22693090,291.60,0.23000000,1
1507020087,22693089,291.64,0.20830000,1
1507020087,22693088,291.67,13.57948320,1
1507020064,22693032,291.64,1.51487000,0
1507020063,22693026,291.64,2.00000000,0
1507020055,22693011,291.99,2.00000000,1
1507020047,22693005,292.74,0.72412215,0
1507020047,22693004,292.73,5.60000000,0
1507020043,22693001,292.76,1.08155401,0
1507020030,22692998,292.77,4.72278890,0
1507019985,22692954,292.43,2.94661191,1
1507019983,22692951,292.20,2.05338809,0
1507019963,22692938,292.25,14.02489849,0
1507019963,22692937,292.12,0.20890000,0
1507019963,22692935,292.09,5.75606475,0
1507019901,22692856,291.10,0.75606475,1
1507019739,22692755,291.00,0.19950000,1
1507019636,22692649,290.78,5.00000000,1
1507019624,22692648,290.84,5.00000000,1
1507019622,22692645,290.85,0.13960189,1
1507019618,22692643,290.92,10.32000000,1
1507019609,22692635,290.89,0.20890000,1
1507019503,22692520,291.14,20.81425676,1
1507019502,22692519,291.15,2.05553107,1
1507019493,22692511,291.14,0.20400000,1
1507019489,22692508,291.14,2.06093498,1
1507019484,22692506,291.14,5.70086900,1
1507019483,22692505,291.13,1.81936840,0
1507019482,22692504,291.11,12.33000000,0
1507019470,22692496,290.50,1.59400000,1
1507019470,22692495,290.51,5.00000000,1
1507019436,22692487,291.20,66.21181680,0
1507019436,22692486,291.19,13.57948320,0
1507019436,22692485,291.19,0.20870000,0
1507019376,22692403,290.54,13.25565487,1
1507019373,22692402,291.98,1.01030893,0
1507019344,22692386,291.22,0.20870000,1
1507019342,22692384,290.78,1.00297030,1
1507019342,22692383,291.10,5.00000000,1
1507019342,22692382,291.18,0.81175872,1
1507019341,22692381,291.18,0.23000000,1
1507019250,22692327,291.55,1.30000469,0
1507019250,22692326,291.55,3.51177731,0
1507019247,22692323,291.55,1.30822869,0
1507019245,22692322,291.55,1.99999400,0
1507019241,22692318,291.28,0.81159143,1
1507019239,22692313,291.28,0.81159149,1
1507019034,22692193,291.41,0.80759728,0
1507019028,22692191,291.02,10.33729500,1
1507018943,22692091,291.11,0.12107620,0
1507018943,22692090,290.82,5.00000000,1
1507018942,22692089,290.90,2.06123681,1
1507018841,22691994,291.11,10.41388900,0
1507018824,22691970,291.11,3.19668000,0
1507018821,22691967,291.11,1.00711000,0
1507018728,22691936,291.11,1.68633849,0
1507018690,22691926,291.11,0.14094000,0
1507018672,22691914,291.11,6.22808000,0
1507018650,22691901,291.11,2.01210000,0
1507018642,22691895,291.11,1.66680430,0
1507018641,22691894,291.10,0.33319570,0
1507018620,22691886,291.11,1.84030000,0
1507018620,22691885,291.10,0.12000000,0
1507018606,22691883,291.11,1.68668201,0
1507018586,22691871,291.09,0.59649407,0
1507018585,22691870,291.09,0.31599033,0
1507018573,22691862,290.44,12.96466572,0
1507018562,22691848,290.44,8.20834764,0
1507018562,22691846,290.43,2.93999990,0
1507018562,22691845,290.00,6.41463373,0
1507018559,22691843,290.00,6.52702031,0
1507018554,22691840,290.00,2.42691619,0
1507018550,22691830,290.00,4.38429800,0
1507018547,22691829,289.99,9.77000000,0
1507018547,22691828,289.98,1.28356578,0
1507018547,22691827,289.98,0.50000000,0
1507018546,22691826,289.98,0.28554243,0
1507018541,22691820,290.00,1.00000000,0
1507018527,22691803,290.00,0.50000000,0
1507018524,22691797,290.00,0.50000000,0
1507018521,22691793,290.00,0.07736000,0
1507018520,22691791,289.99,0.46951600,0
1507018513,22691779,290.00,0.50000000,0
1507018508,22691773,290.00,0.42294511,0
1507018508,22691770,290.00,0.39914000,0
1507018507,22691766,290.00,1.00000000,0
1507018505,22691748,290.00,1.00000000,0
1507018505,22691744,290.00,1.00000000,0
1507018505,22691738,290.00,1.77478700,0
1507018504,22691732,290.00,2.52993102,0
1507018503,22691712,290.00,6.43321300,0
1507018502,22691708,290.00,1.31094700,0
1507018500,22691705,290.00,1.00000000,0
1507018491,22691694,290.00,0.50094000,0
1507018484,22691677,290.00,0.15134482,0
1507018475,22691659,290.00,3.34796796,0
1507018475,22691658,290.00,184.88564806,0
1507018475,22691657,289.99,0.14000000,0
1507018471,22691651,290.00,14.36302800,0
1507018470,22691649,290.00,10.82179100,0
1507018470,22691646,290.00,1.00000000,0
1507018469,22691645,290.00,0.17504300,0
1507018469,22691644,290.00,11.69171800,0
1507018468,22691643,290.00,15.13523300,0
1507018468,22691642,290.00,1.14115600,0
1507018467,22691640,290.00,0.21654800,0
1507018463,22691637,290.00,5.33382700,0
1507018463,22691636,290.00,4.14349800,0
1507018462,22691630,290.00,5.07077000,0
1507018462,22691628,290.00,1.47060000,0
1507018461,22691627,289.99,0.17000000,0
1507018457,22691626,290.00,1.69185800,0
1507018457,22691625,290.00,5.33382700,0
1507018457,22691624,290.00,23.79322100,0
1507018457,22691622,290.00,12.98176600,0
1507018457,22691621,290.00,9.20800000,0
1507018456,22691620,290.00,2.99998100,0
1507018455,22691616,290.00,4.50223000,0
1507018455,22691615,289.99,0.20000000,0
1507018443,22691584,289.72,0.24000000,1
1507018436,22691573,290.00,1.52890500,0
1507018435,22691570,290.00,0.10000000,0
1507018433,22691569,289.99,0.24000000,1
1507018433,22691568,290.00,6.03840000,0
1507018431,22691567,290.00,1.25520600,0
1507018431,22691566,290.00,3.47422900,0
1507018429,22691565,290.00,3.78195400,0
1507018429,22691562,290.00,2.29922800,0
1507018426,22691556,290.00,9.02572500,0
1507018420,22691540,289.99,0.28000000,1
1507018413,22691537,290.00,0.94477100,0
1507018407,22691525,289.99,0.33000000,1
1507018405,22691522,290.00,1.84777400,0
1507018400,22691512,290.00,0.10336000,0
1507018395,22691505,290.00,48.92248800,0
1507018394,22691503,289.99,0.40000000,1
1507018385,22691494,290.00,2.06251406,0
1507018381,22691492,289.99,0.47000000,1
1507018370,22691488,290.00,3.11630050,0
1507018370,22691487,289.99,0.56000000,0
1507018357,22691485,290.00,2.27189161,0
1507018357,22691484,289.99,0.66000000,0
1507018273,22691437,290.00,9.30770000,0
1507018270,22691436,290.00,21.19083600,0
1507018270,22691435,289.99,0.79000000,0
1507018266,22691433,289.71,3.00000000,1
1507018255,22691422,290.00,9.95725500,0
1507018251,22691420,290.00,11.75793714,0
1507018251,22691419,289.99,0.94000000,0
1507018251,22691418,289.99,2.06903686,0
1507018212,22691364,290.00,2.70594038,0
1507018212,22691363,289.99,1.12000000,0
1507018196,22691352,290.00,45.87530800,0
1507018196,22691351,289.99,1.33000000,0
1507018175,22691342,290.00,20.40884700,0
1507018173,22691341,290.00,1.60655500,0
1507018173,22691340,289.99,1.58000000,0
1507018164,22691336,290.00,26.73420000,0
1507018164,22691335,289.99,1.87000000,0
1507018153,22691332,290.00,14.27241750,0
1507018153,22691331,289.42,1.00781250,0
1507018147,22691330,290.00,35.74304700,0
1507018147,22691329,289.99,2.22000000,0
1507018135,22691326,289.99,1.03340000,0
1507018124,22691321,290.00,1.03340000,0
1507018119,22691312,290.00,18.23189800,0
1507018118,22691311,289.99,2.84000000,0
1507018104,22691304,289.99,2.00000000,0
1507018077,22691275,290.00,5.92799600,0
1507018077,22691274,290.00,7.66357300,0
1507018076,22691273,290.00,1.78036900,0
1507018076,22691272,289.99,2.71963100,0
1507018075,22691269,289.99,1.03036900,0
1507018075,22691267,289.91,10.60047100,0
1507018075,22691266,289.91,1.21504200,0
1507018073,22691264,289.91,2.50196000,0
1507018073,22691262,289.91,10.46744000,0
1507018072,22691259,289.91,2.76595700,0
1507018072,22691258,289.91,2.76660300,0
1507018068,22691257,289.91,25.92146000,0
1507018067,22691256,289.91,0.04000000,1
1507018063,22691251,290.00,34.34412100,0
1507018063,22691250,290.00,29.05975200,0
1507018063,22691249,290.00,77.70000000,0
1507018061,22691246,290.00,7.71558629,0
1507018061,22691245,290.00,1.29590271,0
1507018056,22691233,290.00,11.07290000,0
1507018053,22691232,290.00,3.96154400,0
1507018053,22691231,290.00,9.00219700,0
1507018046,22691228,290.00,12.24305300,0
1507018045,22691227,289.99,0.12575000,0
1507018034,22691221,289.99,0.14925000,0
1507018026,22691217,290.00,1.00000000,0
1507018014,22691211,290.00,11.42440329,1
1507017989,22691202,290.00,140.23535488,1
1507017981,22691196,290.42,10.98502000,0
1507017963,22691183,290.44,8.82698664,0
1507017930,22691152,290.00,9.12985100,1
1507017927,22691150,290.00,2.51404600,1
1507017927,22691149,290.00,3.00000000,1
1507017912,22691142,290.04,29.52614610,1
1507017911,22691141,290.09,0.47385390,1
1507017906,22691135,290.31,0.97000000,1
1507017906,22691134,290.36,0.04000000,1
1507017872,22691090,290.44,1.46923213,1
1507017872,22691089,290.46,2.72538387,1
1507017861,22691071,290.72,2.00147908,0
1507017838,22691058,290.46,0.07487520,1
1507017836,22691057,290.48,0.27500000,1
1507017823,22691042,290.94,6.70482734,0
1507017814,22691034,291.04,7.02863400,1
1507017807,22691031,291.10,0.06391239,0
1507017792,22691025,291.11,0.11692600,0
1507017785,22691022,291.11,13.52414100,0
1507017782,22691011,291.11,0.04000000,1
1507017729,22690986,291.41,0.04000000,1
1507017701,22690968,291.59,0.36214100,0
1507017696,22690952,291.66,0.04000000,1
1507017680,22690930,291.86,0.04000000,1
1507017664,22690898,292.01,0.04000000,1
1507017604,22690806,292.38,3.54609000,1
1507017580,22690786,292.12,0.49507500,0
1507017575,22690784,292.12,0.67873767,0
1507017573,22690781,292.13,2.17156745,0
1507017386,22690690,292.70,0.09309903,1
1507017365,22690657,292.22,0.16770000,0
1507017356,22690652,291.51,4.66086421,0
1507017355,22690651,291.51,0.07980000,0
1507017347,22690645,291.79,0.04000000,1
1507017346,22690642,291.80,0.38480634,0
1507017335,22690634,292.24,0.49999997,0
1507017334,22690629,292.24,0.04000000,1
1507017333,22690626,292.25,0.37792985,0
1507017323,22690615,292.36,0.88800669,1
1507017314,22690611,292.40,16.04748982,1
1507017304,22690593,292.64,0.04000000,1
1507017303,22690586,292.65,2.62923000,0
1507017302,22690584,292.68,0.20770000,1
1507017300,22690581,292.74,13.50948300,1
1507017300,22690579,292.99,0.04000000,1
1507017300,22690578,293.29,0.04000000,1
1507017294,22690574,293.54,0.04000000,1
1507017280,22690549,293.55,4.05290000,0
1507017280,22690548,293.55,0.20710000,0
1507017272,22690528,293.70,13.95251018,1
1507017271,22690525,293.70,1.18000000,1
1507017260,22690514,293.70,2.78012700,1
1507017258,22690513,293.73,0.20710000,1
1507017258,22690512,293.73,2.04802652,1
1507017258,22690511,293.74,0.04000000,1
1507017258,22690510,293.89,0.04000000,1
1507017258,22690509,293.97,0.44500000,1
1507016867,22690329,294.00,0.43000000,0
1507016867,22690328,293.99,0.57000000,0
1507016852,22690283,294.00,7.18289115,0
1507016852,22690282,293.98,0.04000000,0
1507016851,22690280,293.90,0.04000000,0
1507016514,22690039,292.93,0.07000000,0
1507016513,22690038,293.14,0.04000000,1
1507016513,22690037,293.39,0.04000000,1
1507016513,22690036,293.59,0.04000000,1
1507016512,22690034,293.74,0.04000000,1
1507016469,22689985,293.85,0.03392888,0
1507016394,22689935,293.86,6.60331450,0
1507016393,22689933,293.85,3.39000000,0
1507016393,22689932,293.83,0.88472904,0
1507016393,22689931,293.74,0.38481420,1
1507016393,22689930,293.74,2.04262273,0
1507016392,22689929,293.66,0.04000000,0
1507016392,22689928,293.65,0.04000000,0
1507016392,22689927,293.63,0.04000000,0
1507016391,22689926,293.45,0.04000000,0
1507016391,22689925,293.36,0.04000000,0
1507016391,22689924,293.33,0.04000000,0
1507016389,22689923,293.30,0.03400014,0
1507016383,22689921,293.09,0.13084595,1
1507016289,22689884,293.30,0.47697200,1
1507016289,22689883,293.31,0.03400000,1
1507016245,22689852,293.30,0.04000000,0
1507015925,22689630,292.78,0.00000014,1
1507015925,22689629,292.78,4.08950186,1
1507015925,22689628,292.89,0.04000000,1
1507015870,22689591,293.00,1.69000000,0
1507015756,22689521,293.31,5.49322800,1
1507015754,22689520,293.11,0.04000000,0
1507015754,22689519,293.08,0.04000000,0
1507015754,22689518,292.91,0.04000000,0
1507015754,22689516,292.76,0.04000000,0
1507015589,22689411,292.50,0.57847000,0
1507015577,22689400,292.50,2.00000000,0
1507015561,22689385,292.50,0.50000000,0
1507015493,22689316,292.58,4.64573405,0
1507015484,22689304,291.97,0.57900000,1
1507015484,22689303,292.00,0.04000000,1
1507015484,22689302,292.20,0.04000000,1
1507015482,22689298,292.35,0.04000000,1
1507015432,22689231,292.58,2.09896125,0
1507015431,22689230,292.46,3.72643875,0
1507015422,22689229,292.46,0.34987520,0
1507015401,22689222,292.46,0.92368605,0
1507015372,22689214,292.58,2.21855074,0
1507015372,22689213,292.57,2.05079126,0
1507015362,22689209,292.58,3.05718558,0
1507015362,22689208,292.57,2.05079126,0
1507015356,22689205,292.57,0.46590619,0
1507015340,22689190,292.46,4.14582680,0
1507015340,22689189,292.46,4.11000000,0
1507015340,22689188,292.43,11.74417320,0
1507015331,22689186,292.17,3.01470000,0
1507015283,22689168,291.72,1.83531000,0
1507015267,22689163,290.38,1.50685057,1
1507015267,22689162,291.52,0.31100000,1
1507015251,22689153,291.54,4.69529300,0
1507015249,22689148,291.54,1.09716000,0
1507015248,22689142,290.29,9.94759789,0
1507015248,22689141,290.29,13.00240211,0
1507015246,22689140,291.55,0.05000000,1
1507015243,22689138,291.83,5.05744801,1
1507015227,22689132,291.83,1.17155199,1
1507015227,22689131,291.86,2.04844801,1
1507015227,22689130,291.94,1.78000000,1
1507015153,22689060,292.96,1.77338959,0
1507015153,22689059,292.96,2.04806117,0
1507015153,22689058,292.50,0.66037902,0
1507015142,22689053,292.88,0.04000000,0
1507015142,22689052,292.73,0.04000000,0
1507015142,22689051,292.62,0.22236045,0
1507015131,22689042,292.55,0.05000000,0
1507015128,22689038,292.00,0.29097836,0
1507015101,22689013,291.57,8.07000000,0
1507015101,22689010,291.72,0.04000000,1
1507015099,22689008,291.97,0.04000000,1
1507015070,22688992,292.00,0.44750000,0
1507015043,22688970,291.99,1.47000000,1
1507015003,22688926,292.05,3.44000000,1
1507014972,22688885,292.01,0.57708109,1
1507014957,22688869,292.17,0.04000000,1
1507014957,22688868,292.32,0.04000000,1
1507014957,22688867,292.37,0.88472904,1
1507014933,22688839,292.62,3.50630579,0
1507014913,22688788,292.62,0.21780706,0
1507014887,22688742,292.62,1.05352670,0
1507014746,22688510,292.43,0.40000000,1
1507014697,22688441,293.14,0.10000000,1
1507014697,22688440,293.14,0.10000000,1
1507014695,22688437,293.15,0.10000000,0
1507014693,22688435,293.16,0.10000000,0
1507014638,22688365,293.30,0.10000000,1
1507014607,22688345,293.50,0.10000000,1
1507014603,22688342,293.56,0.10000000,0
1507014567,22688317,293.66,2.25319731,0
1507014565,22688312,293.67,0.95999023,0
1507014565,22688311,292.67,2.27282977,0
1507014564,22688307,292.67,0.64607816,0
1507014564,22688306,292.67,2.04709207,0
1507014551,22688287,292.67,0.03400000,1
1507014548,22688274,288.99,0.27500000,0
1507014548,22688273,288.61,2.91532004,0
1507014548,22688271,293.47,0.08800000,1
1507014547,22688269,293.73,2.89931919,0
1507014547,22688267,293.47,0.37164749,0
1507014547,22688265,288.99,0.20760000,0
1507014546,22688261,293.47,0.27835251,0
1507014546,22688259,290.00,0.71595000,0
1507014546,22688256,290.00,0.28405000,0
1507014545,22688253,288.58,0.79000000,1
1507014545,22688251,288.58,13.88073953,1
1507014545,22688249,288.58,0.03400000,0
1507014545,22688247,288.58,0.19535447,0
1507014545,22688245,288.58,0.78127491,0
1507014544,22688239,288.69,16.91806968,0
1507014544,22688237,288.69,1.19056141,0
1507014542,22688233,288.58,18.73547055,1
1507014542,22688232,288.58,0.74000000,0
1507014541,22688229,288.61,0.04642944,1
1507014541,22688228,288.65,3.00000000,1
1507014541,22688227,288.65,3.68000000,0
1507014541,22688226,288.65,0.97871189,0
1507014541,22688225,288.65,0.44640000,0
1507014540,22688224,288.65,0.42207861,0
1507014540,22688221,288.66,0.50000000,1
1507014540,22688220,288.69,3.50000000,1
1507014539,22688218,288.69,0.46000000,0
1507014539,22688216,288.69,0.99999997,0
1507014539,22688215,288.91,0.50000000,1
1507014539,22688213,289.00,4.00000000,1
1507014538,22688212,289.00,1.00000000,1
1507014538,22688210,289.00,1.00000000,1
1507014538,22688209,289.00,1.00000000,1
1507014538,22688208,289.11,6.44400000,1
1507014537,22688205,289.49,0.01735000,1
1507014537,22688203,289.49,6.72000000,0
1507014537,22688201,289.49,0.23000000,0
1507014537,22688199,289.98,9.32032347,1
1507014537,22688197,289.98,0.46000000,1
1507014536,22688196,289.98,4.84000000,0
1507014536,22688195,289.98,0.27500000,0
1507014536,22688194,289.98,0.55865149,0
1507014536,22688193,289.98,0.09207255,1
1507014536,22688192,289.98,14.99570000,1
1507014536,22688190,289.98,14.99570000,1
1507014536,22688189,289.98,5.79413000,1
1507014536,22688187,289.98,14.99570000,1
1507014535,22688186,289.98,0.22562337,0
1507014535,22688185,289.98,1.27480000,0
1507014534,22688181,290.24,1.19009926,1
1507014534,22688179,290.24,1.37758900,1
1507014534,22688178,290.24,15.25196000,1
1507014534,22688177,290.24,9.01809300,1
1507014534,22688176,290.24,5.83411740,1
1507014534,22688175,290.24,3.32230625,1
1507014534,22688174,294.71,0.67769375,1
1507014534,22688173,294.71,1.00000000,1
1507014533,22688171,294.71,6.55679790,0
1507014533,22688169,294.66,4.84000000,0
1507014532,22688168,294.60,0.04000000,0
1507014532,22688167,294.56,0.04000000,0
1507014532,22688166,294.40,0.04000000,0
1507014532,22688165,294.40,1.50000000,0
1507014532,22688164,294.25,0.04000000,0
1507014532,22688163,294.00,2.44019684,0
1507014532,22688162,293.84,0.84147115,0
1507014531,22688161,293.74,3.10843506,0
1507014531,22688159,293.48,3.85000000,0
1507014531,22688157,293.00,1.00000000,0
1507014531,22688155,293.00,1.00000000,0
