date,tid,price,amount,type
1507075096,22731231,1.17508,7.15214,0
1507075096,22731230,1.17450,0.11299,0
1507075030,22731214,1.17450,86.67630,0
1507075026,22731206,1.17450,913.21071,0
1507075025,22731203,1.17450,1877.98490,0
1507075018,22731200,1.17450,53.35453,0
1507075017,22731197,1.17450,2704.81523,0
1507075001,22731193,1.17450,631.95555,0
1507075001,22731192,1.17450,2903.70745,0
1507074997,22731191,1.17450,419.88328,0
1507074997,22731190,1.17450,566.73511,0
1507074996,22731189,1.17450,764.19975,0
1507074996,22731188,1.17450,1639.81523,0
1507074996,22731186,1.17450,142.18864,0
1507073376,22730756,1.17450,1021.42450,0
1507073010,22730690,1.17250,53.60000,0
1507070436,22729812,1.17239,0.25871,0
1507070435,22729811,1.17241,5.94090,1
1507070435,22729810,1.17241,5.94090,1
1507070435,22729809,1.17241,5.94090,1
1507070435,22729808,1.17241,5.94090,1
1507070435,22729807,1.17241,5.94090,1
1507070435,22729806,1.17241,5.94090,1
1507070435,22729805,1.17241,5.94090,1
1507070435,22729804,1.17241,5.94090,1
1507070434,22729803,1.17241,5.94090,1
1507070434,22729802,1.17241,5.94090,1
1507070434,22729801,1.17241,5.94090,1
1507070434,22729800,1.17241,5.94090,1
1507070434,22729799,1.17241,0.00003,1
1507070434,22729797,1.17242,13.34631,1
1507070429,22729793,1.17148,5.94087,0
1507070426,22729792,1.17150,1931.33943,1
1507070426,22729791,1.17166,13.45451,1
1507069750,22729654,1.17150,3336.77078,1
1507069746,22729648,1.17150,3323.59073,1
1507069746,22729646,1.17151,13.18005,1
1507069740,22729644,1.17150,566.73511,1
1507069740,22729643,1.17170,13.18005,1
1507069406,22729507,1.17169,13.53598,1
1507069211,22729443,1.17150,764.19975,1
1507069103,22729406,1.17283,78.19520,1
1507069103,22729404,1.17283,78.19520,1
1507069103,22729403,1.17283,78.19520,1
1507069102,22729401,1.17283,78.19520,1
1507069102,22729400,1.17283,78.19520,1
1507069101,22729397,1.17283,0.00825,1
1507069100,22729395,1.17283,78.18695,1
1507069099,22729394,1.17151,78.19520,0
1507069097,22729393,1.17150,1639.81523,1
1507069097,22729392,1.17150,1163.61314,1
1507069096,22729390,1.17151,28.91792,1
1507069096,22729389,1.17151,49.27731,1
1507069096,22729388,1.17171,0.09639,1
1507069096,22729386,1.17171,19.18222,1
1507068363,22729059,1.17151,50.00000,1
1507068293,22729043,1.17151,151.10414,1
1507068043,22728941,1.17151,1272.08111,1
1507068042,22728939,1.17151,314.02834,1
1507068042,22728937,1.17151,853.36888,1
1507068041,22728936,1.17151,591.24678,1
1507068041,22728933,1.17151,1857.24112,1
1507068040,22728932,1.17151,853.36887,1
1507067997,22728909,1.17151,642.96999,1
1507067949,22728884,1.17200,134.13776,1
1507067949,22728881,1.17200,204.41001,1
1507067905,22728855,1.17200,328.26690,1
1507067803,22728770,1.17200,73.88226,1
1507067796,22728764,1.17200,259.30307,1
1507067796,22728762,1.17201,7.44610,1
1507067321,22728630,1.17507,207.17060,0
1507067289,22728609,1.17507,207.42633,0
1507067224,22728555,1.17507,4.83067,0
1507066316,22728139,1.17507,424.44545,0
1507065661,22727864,1.17153,59.56000,1
1507063332,22726546,1.17168,12.76914,1
1507061674,22725614,1.17508,419.34853,0
1507061098,22725357,1.17507,359.68445,0
1507060886,22725255,1.17510,3996.88538,1
1507060776,22725158,1.17302,220.00000,1
1507060466,22725015,1.17301,1.96609,1
1507060466,22725014,1.17302,440.00000,1
1507060465,22725013,1.17332,30.14725,1
1507059922,22724730,1.17706,338.93621,0
1507059649,22724603,1.17302,466.72201,1
1507059648,22724602,1.17303,35.34300,1
1507059644,22724596,1.17302,491.94978,1
1507059644,22724595,1.17329,35.23847,1
1507059631,22724587,1.17326,319.90352,1
1507059630,22724586,1.17301,1937.23011,1
1507059630,22724585,1.17303,39.02041,1
1507059630,22724584,1.17325,70.07329,1
1507059629,22724581,1.17324,0.00001,0
1507059625,22724578,1.17324,359.51130,0
1507059623,22724574,1.17301,410.74734,1
1507059620,22724573,1.17324,39.66085,0
1507059619,22724569,1.17326,39.66085,1
1507059595,22724542,1.17718,100.00000,0
1507059540,22724454,1.17309,44.18959,0
1507059540,22724452,1.17307,51.32603,1
1507059539,22724451,1.17308,44.18959,1
1507059539,22724450,1.17309,650.00000,1
1507059524,22724409,1.17340,47.24145,0
1507059523,22724406,1.17342,47.24145,1
1507059243,22724114,1.17360,28.00000,1
1507058840,22723947,1.17308,162.48000,1
1507058003,22723397,1.17721,25.46000,0
1507058002,22723392,1.17721,25.46000,0
1507057774,22723200,1.17722,94.32419,0
1507057212,22722776,1.17376,638.88154,0
1507056938,22722627,1.17374,0.33512,0
1507056938,22722624,1.17376,97.18470,1
1507056694,22722454,1.17366,2.02010,1
1507056693,22722453,1.17366,550.32108,1
1507056497,22722289,1.17355,98.55725,1
1507056357,22722155,1.17724,405.73583,1
1507056352,22722142,1.17724,576.72869,0
1507056139,22722004,1.17328,25.52703,1
1507056043,22721974,1.17321,25.52746,1
1507055717,22721740,1.17345,145.10320,1
1507055717,22721739,1.17346,100.44029,1
1507055643,22721701,1.17313,25.52876,1
1507055557,22721633,1.17365,25.52257,1
1507055462,22721579,1.17301,25.52779,1
1507055428,22721574,1.17699,108.48009,0
1507055363,22721550,1.17304,25.52833,1
1507055358,22721548,1.17321,8.22141,0
1507055357,22721546,1.17335,101.11040,1
1507055314,22721519,1.17321,25.53018,1
1507055188,22721456,1.17700,367.45113,0
1507055159,22721424,1.17426,5.56061,1
1507054998,22721284,1.17382,50.00000,1
1507054971,22721269,1.17724,603.35274,0
1507054791,22721156,1.17319,922.02457,1
1507054635,22721057,1.17403,25.51845,1
1507054585,22721000,1.17389,25.51997,1
1507054554,22720984,1.17725,2482.70000,0
1507054553,22720982,1.17724,630.57000,0
1507054541,22720961,1.17723,960.00000,1
1507054541,22720958,1.17724,369.43000,0
1507054000,22720635,1.17351,50.00000,1
1507053765,22720533,1.17723,45.75995,0
1507053477,22720363,1.17302,25.52920,1
1507053299,22720283,1.17304,25.52898,1
1507053235,22720220,1.17723,4.23667,0
1507052467,22719845,1.17302,90.00000,1
1507052457,22719839,1.17725,624.28155,0
1507052457,22719838,1.17689,1000.00000,0
1507052456,22719837,1.17687,465.00000,0
1507052454,22719833,1.17686,928.15625,0
1507052448,22719815,1.17686,241.46199,0
1507051309,22719124,1.17301,25.53311,1
1507051096,22719008,1.17300,677.34867,1
1507051096,22719007,1.17301,0.02508,1
1507051094,22719001,1.17301,673.80500,1
1507051093,22718999,1.17301,1626.76363,1
1507051092,22718995,1.17301,1626.35443,1
1507051089,22718992,1.17301,1625.94522,1
1507050803,22718850,1.17300,1646.21326,1
1507050746,22718799,1.17300,96.67520,1
1507050738,22718792,1.17300,145.53421,1
1507050559,22718674,1.17300,126.75028,1
1507050364,22718534,1.17300,1560.72081,1
1507050362,22718524,1.17300,112.83351,1
1507050361,22718517,1.17300,153.97480,1
1507050144,22718369,1.17151,70.00000,1
1507049543,22717943,1.17151,26.70912,1
1507049540,22717940,1.17151,580.74386,1
1507049285,22717756,1.17646,110.23455,0
1507049215,22717682,1.17672,9.27732,1
1507049115,22717565,1.17151,2860.32557,1
1507049069,22717500,1.17151,967.81741,1
1507049069,22717499,1.17151,32.18259,1
1507049022,22717469,1.17151,238.14071,1
1507049022,22717468,1.17152,10.00000,1
1507049012,22717462,1.17152,30.00000,1
1507048883,22717370,1.17151,1001.19379,1
1507048879,22717361,1.17151,0.26600,1
1507048879,22717359,1.17152,60.00000,1
1507048873,22717352,1.17151,829.58746,1
1507048873,22717351,1.17151,2896.45277,1
1507048873,22717347,1.17151,977.63112,1
1507048873,22717345,1.17151,2819.03026,1
1507048871,22717338,1.17151,829.61973,1
1507048871,22717334,1.17151,100.95992,1
1507048871,22717332,1.17152,110.00000,1
1507048869,22717330,1.17151,2819.01027,1
1507048868,22717327,1.17151,619.61972,1
1507048868,22717324,1.17152,210.00000,1
1507048866,22717316,1.17151,1.96562,1
1507048866,22717314,1.17152,430.00000,1
1507048861,22717300,1.17151,3.83494,1
1507048860,22717298,1.17152,7.63720,1
1507048860,22717297,1.17152,830.00000,1
1507048849,22717274,1.17152,356.28722,1
1507048849,22717273,1.17153,8.07085,1
1507048848,22717272,1.17154,640.00000,1
1507048848,22717271,1.17194,5.09147,1
1507048549,22716995,1.17171,138.79715,1
1507048489,22716961,1.17154,232.79781,1
1507048489,22716960,1.17233,6.01606,1
1507048353,22716810,1.17186,44.19999,1
1507048254,22716742,1.17599,511.94450,0
1507048251,22716739,1.17599,319.67197,0
1507047734,22716281,1.17153,472.27737,1
1507047730,22716272,1.17152,785.89943,1
1507047730,22716271,1.17156,5.66897,1
1507047725,22716260,1.17179,418.54855,0
1507047723,22716254,1.17182,5.66897,1
1507047721,22716247,1.17181,447.82254,1
1507047714,22716230,1.17179,64.28508,0
1507047713,22716226,1.17179,5.71492,1
1507047654,22716168,1.17333,6.59406,0
1507047652,22716163,1.17393,6.59406,1
1507047144,22715649,1.17249,0.14100,1
1507047143,22715647,1.17249,741.48000,1
1507047143,22715646,1.17250,17.49791,1
1507046907,22715412,1.17696,997.27197,1
1507046843,22715323,1.17318,111.54520,1
1507046549,22715026,1.17693,1985.99000,0
1507046548,22715025,1.17695,1169.88553,1
1507046548,22715024,1.17695,1210.00000,0
1507046355,22714794,1.17699,527.35510,0
1507046355,22714789,1.17452,361.39926,0
1507046355,22714785,1.17450,50.00000,0
1507046355,22714777,1.17450,3232.80771,0
1507046354,22714769,1.17450,204.00186,0
1507046349,22714757,1.17450,217.35508,0
1507046349,22714754,1.17450,303.02635,0
1507046345,22714752,1.17450,174.88000,0
1507046339,22714741,1.17450,1985.90000,0
1507046324,22714728,1.17450,1598.21000,0
1507046317,22714712,1.17450,74.64813,0
1507046317,22714711,1.17450,797.08270,0
1507046316,22714710,1.17450,344.30917,0
1507046310,22714696,1.17450,454.39335,0
1507046310,22714695,1.17450,162.33665,0
1507046310,22714694,1.17450,552.68443,0
1507046310,22714693,1.17450,166.74893,0
1507046310,22714692,1.17450,142.39320,0
1507046309,22714690,1.17450,507.10344,0
1507046287,22714673,1.17450,113.61429,0
1507046286,22714669,1.17450,19.15167,0
1507046286,22714667,1.17450,636.25217,0
1507046286,22714666,1.17450,162.52718,0
1507046099,22714504,1.17450,200.10952,0
1507046099,22714502,1.17450,174.17702,0
1507046099,22714499,1.17450,0.22298,0
1507045884,22714351,1.17411,53.70877,0
1507045883,22714350,1.17400,1000.00000,0
1507045864,22714334,1.17151,1823.97507,1
1507045864,22714333,1.17151,5211.83473,1
1507045864,22714332,1.17152,36.50077,1
1507045863,22714329,1.17188,203.84170,0
1507045863,22714326,1.17188,23.84773,0
1507045336,22714004,1.17150,50.00000,1
1507045087,22713912,1.17150,3232.80771,1
1507045083,22713904,1.17150,421.35694,1
1507045076,22713892,1.17150,4136.66448,1
1507045061,22713873,1.17150,797.08270,1
1507045058,22713863,1.17150,798.70252,1
1507045053,22713844,1.17150,715.02108,1
1507045053,22713842,1.17151,23.99233,1
1507045051,22713836,1.17150,166.74893,1
1507045048,22713831,1.17150,142.39320,1
1507045047,22713825,1.17150,639.86940,1
1507045047,22713823,1.17151,25.52031,1
1507045047,22713821,1.17153,23.99233,1
1507045040,22713797,1.17151,631.71463,1
1507045039,22713793,1.17151,798.49511,1
1507045037,22713788,1.17150,636.25217,1
1507045028,22713775,1.17150,162.52718,1
1507045026,22713769,1.17150,374.28654,1
1507045026,22713767,1.17151,24.68854,1
1507045022,22713759,1.17150,0.22298,1
1507045021,22713757,1.17151,37.03281,1
1507045021,22713754,1.17168,24.68854,1
1507045001,22713720,1.17454,356.97620,1
1507045001,22713719,1.17454,300.40183,1
1507044999,22713716,1.17438,56.57437,0
1507044999,22713715,1.17438,300.40183,0
1507044999,22713714,1.17437,56.57437,0
1507044995,22713713,1.17438,48.34750,0
1507044994,22713712,1.17440,398.99000,1
1507044994,22713711,1.17440,398.99000,1
1507044994,22713710,1.17440,238.70956,1
1507044992,22713705,1.17440,160.28044,1
1507044991,22713704,1.17440,238.70956,1
1507044991,22713703,1.17309,160.28044,0
1507044991,22713702,1.17309,238.70956,0
1507044991,22713701,1.17156,160.28044,0
1507044991,22713700,1.17156,398.99000,0
1507044990,22713699,1.17158,2688.54508,1
1507044985,22713689,1.17400,53.71048,0
1507044985,22713686,1.17400,915.82224,1
1507044983,22713673,1.17410,49.39124,1
1507044936,22713614,1.17497,42.82000,1
1507044926,22713609,1.17495,29.99620,1
1507044926,22713608,1.17497,55.65848,1
1507044918,22713600,1.17495,0.29242,1
1507044918,22713599,1.17495,56.57440,1
1507044915,22713593,1.17400,48.24532,1
1507044914,22713592,1.17400,1348.85399,1
1507044913,22713588,1.17400,2870.65164,1
1507044912,22713586,1.17400,1292.26647,1
1507044912,22713585,1.17403,56.57934,1
1507044890,22713575,1.17410,48.22418,1
1507044809,22713542,1.17400,249.66781,1
1507044803,22713537,1.17400,3267.20361,1
1507044785,22713524,1.17400,3647.83408,1
1507044559,22713406,1.17417,55.67452,1
1507044539,22713393,1.17750,112.87000,0
1507044455,22713335,1.17400,0.19557,1
1507044455,22713334,1.17401,57.08823,1
1507044451,22713328,1.17400,551.89926,1
1507044448,22713321,1.17433,57.08823,1
1507044122,22713151,1.17474,0.64118,1
1507044122,22713147,1.17475,57.56497,1
1507044110,22713141,1.17466,707.87386,0
1507044110,22713139,1.17469,58.03637,1
1507043265,22712643,1.17750,1111.24173,0
1507043265,22712642,1.17750,923.62913,0
1507043265,22712640,1.17749,933.65914,0
1507043264,22712639,1.17748,530.00000,0
1507042794,22712343,1.17749,66.34086,0
1507042241,22711988,1.17484,17.20517,1
1507042054,22711877,1.17401,39.33518,0
1507042050,22711876,1.17401,14.64856,0
1507042046,22711873,1.17401,39.21557,1
1507042046,22711871,1.17527,14.76817,1
1507041724,22711733,1.17401,65.09923,1
1507041724,22711732,1.17459,14.90077,1
1507041596,22711592,1.17749,445.38667,0
1507041429,22711416,1.17400,1149.31534,1
1507041427,22711414,1.17466,11.65104,0
1507041427,22711412,1.17400,897.34592,1
1507041426,22711411,1.17401,11.65104,1
1507041426,22711410,1.17401,218.34896,1
1507041426,22711409,1.17466,11.65104,1
1507040229,22710493,1.17750,159.54786,0
1507040225,22710480,1.17750,1008.05845,0
1507039700,22710057,1.17713,265.47291,1
1507039700,22710055,1.17728,104.57718,1
1507039699,22710050,1.17726,340.58000,0
1507039698,22710047,1.17726,1521.22000,0
1507039698,22710043,1.17713,37.41562,1
1507039697,22710037,1.17726,3138.20000,0
1507039696,22710033,1.17713,520.99870,0
1507039694,22710027,1.17713,407.17933,0
1507039694,22710025,1.17712,37.38999,0
1507039686,22710008,1.17439,5.11588,0
1507039685,22710005,1.17439,19.43319,1
1507039358,22709596,1.17400,90.00000,1
1507039269,22709510,1.17400,1899.07156,1
1507039267,22709497,1.17400,1898.81602,1
1507039005,22709254,1.17713,71.82197,0
1507037634,22708056,1.17713,638.96000,0
1507037416,22707788,1.17400,2229.84083,1
1507037416,22707785,1.17400,767.56658,1
1507037416,22707784,1.17400,495.61999,1
1507037416,22707783,1.17400,227.94936,1
1507037369,22707709,1.17400,219.10000,1
1507037345,22707684,1.17712,424.50556,0
1507037344,22707682,1.17400,64.20000,1
1507037218,22707592,1.17400,108.34000,1
1507037100,22707518,1.17400,156.79728,1
1507036941,22707383,1.17400,202.47324,1
1507036936,22707376,1.17400,889.82000,1
1507036934,22707367,1.17400,294.02399,1
1507036905,22707347,1.17400,2706.70000,1
1507036837,22707298,1.17400,457.99000,1
1507036825,22707289,1.17400,250.14778,1
1507036825,22707288,1.17400,75.64222,1
1507036815,22707284,1.17400,70.27221,1
1507036806,22707276,1.17400,117.39711,1
1507036706,22707184,1.17400,294.54460,1
1507036701,22707176,1.17400,294.41671,1
1507036610,22707131,1.17400,175.37479,1
1507036610,22707130,1.17400,35.03190,1
1507036609,22707129,1.17400,175.38331,1
1507036584,22707113,1.17400,175.34615,1
1507036581,22707110,1.17400,175.38000,1
1507036581,22707109,1.17400,175.38000,1
1507036563,22707092,1.17400,756.90008,1
1507036534,22707051,1.17400,259.14333,1
1507036529,22707036,1.17400,294.13414,1
1507036522,22707028,1.17400,169.08000,1
1507036495,22706973,1.17400,868.07258,1
1507036495,22706970,1.17400,419.95742,1
1507036446,22706923,1.17400,250.04945,1
1507036446,22706922,1.17400,1372.66055,1
1507036443,22706916,1.17400,113.06000,1
1507036442,22706912,1.17400,25.48000,1
1507036380,22706836,1.17400,2418.61520,1
1507036377,22706826,1.17400,410.01158,1
1507036253,22706698,1.17400,420.10000,1
1507036247,22706693,1.17400,296.96952,1
1507036243,22706688,1.17400,419.96000,1
1507036242,22706687,1.17400,358.60000,1
1507036241,22706685,1.17400,1843.72136,1
1507036239,22706680,1.17400,296.80494,1
1507036238,22706679,1.17400,478.67000,1
1507036235,22706670,1.17400,478.67000,1
1507036234,22706666,1.17400,393.00066,1
1507036233,22706665,1.17400,26.77934,1
1507036233,22706664,1.17400,299.70000,1
1507036229,22706652,1.17400,281.15440,1
1507036197,22706630,1.17400,1087.50272,1
1507036196,22706628,1.17400,835.27065,1
1507036196,22706625,1.17400,1474.28935,1
1507036177,22706595,1.17400,353.31571,1
1507036164,22706585,1.17400,562.00118,1
1507036150,22706562,1.17400,1234.07124,1
1507036150,22706561,1.17400,1971.04876,1
1507036149,22706559,1.17400,296.52674,1
1507036141,22706543,1.17400,296.30586,1
1507036108,22706520,1.17400,375.26938,1
1507036108,22706516,1.17400,375.25152,1
1507036107,22706513,1.17400,105.75172,1
1507036106,22706511,1.17400,98.04491,1
1507036103,22706491,1.17400,5263.27865,1
1507036064,22706350,1.17400,156.80001,1
1507036046,22706323,1.17400,296.99443,1
1507036028,22706298,1.17400,296.85588,1
1507036011,22706279,1.17400,57.41000,1
1507036001,22706264,1.17400,296.76971,1
1507035997,22706255,1.17400,370.99000,1
1507035996,22706253,1.17400,296.64850,1
1507035989,22706241,1.17400,474.62000,1
1507035964,22706201,1.17400,316.09000,1
1507035963,22706200,1.17400,472.01000,1
1507035959,22706192,1.17400,1230.79999,1
1507035952,22706182,1.17400,164.11863,1
1507035947,22706173,1.17400,295.51505,1
1507035942,22706165,1.17400,35.08110,1
1507035942,22706164,1.17400,295.39463,1
1507035928,22706134,1.17400,295.28352,1
1507035925,22706123,1.17400,470.33000,1
1507035922,22706119,1.17400,295.23640,1
1507035914,22706102,1.17400,295.02152,1
1507035851,22705907,1.17400,295.73809,1
1507035793,22705794,1.17400,36.89209,1
1507035793,22705793,1.17400,510.84999,1
1507035793,22705791,1.17400,876.14792,1
1507035790,22705789,1.17400,511.69999,1
1507035790,22705788,1.17400,54.82001,1
1507035758,22705769,1.17400,311.10237,1
1507035756,22705766,1.17400,326.20356,1
1507035755,22705765,1.17400,185.49644,1
1507035726,22705751,1.17400,91.72000,1
1507035694,22705724,1.17400,60.00000,1
1507035670,22705708,1.17400,246.64197,1
1507035654,22705691,1.17400,463.93000,1
1507035637,22705639,1.17400,458.72000,1
1507035635,22705625,1.17400,458.85000,1
1507035633,22705615,1.17400,458.85000,1
1507035631,22705612,1.17400,178.68000,1
1507035623,22705576,1.17400,602.57000,1
1507035623,22705573,1.17400,206.06671,1
1507035619,22705562,1.17400,294.70126,1
1507035609,22705499,1.17400,51.25682,1
1507035609,22705498,1.17400,788.07000,1
1507035608,22705493,1.17400,294.48038,1
1507035608,22705488,1.17400,877.16999,1
1507035607,22705485,1.17400,1092.71997,1
1507035607,22705484,1.17400,193.99004,1
1507035606,22705481,1.17400,341.26001,1
1507035605,22705471,1.17400,1375.80999,1
1507035602,22705448,1.17400,269.84000,1
1507035565,22705385,1.17400,202.07635,1
1507035561,22705378,1.17400,294.46791,1
1507035561,22705376,1.17400,203.01000,1
1507035561,22705372,1.17400,1533.54000,1
1507035546,22705292,1.17400,2724.12000,1
1507035543,22705278,1.17400,291.93000,1
1507035509,22705249,1.17400,67.98999,1
1507035507,22705244,1.17400,511.81999,1
1507035505,22705239,1.17400,314.36260,1
1507035481,22705220,1.17400,150.47577,1
1507035475,22705202,1.17400,96.81339,1
1507035462,22705192,1.17400,444.91025,1
1507035461,22705190,1.17400,550.93374,1
1507035457,22705183,1.17400,1644.61670,1
1507035457,22705181,1.17400,444.72002,1
1507035454,22705175,1.17400,657.15975,1
1507035452,22705171,1.17400,251.05000,1
1507035450,22705166,1.17400,444.69500,1
1507035449,22705165,1.17400,251.05000,1
1507035447,22705158,1.17400,251.05000,1
1507035445,22705155,1.17400,251.05000,1
1507035444,22705153,1.17400,251.05000,1
1507035403,22705123,1.17400,328.95329,1
1507035395,22705119,1.17400,1044.88405,1
1507035394,22705116,1.17400,1704.46594,1
1507035387,22705104,1.17400,444.51217,1
1507035317,22705020,1.17400,584.26747,1
1507035275,22704984,1.17400,219.98297,1
1507035219,22704957,1.17711,99.14810,0
1507034928,22704840,1.17400,286.13973,1
1507034923,22704830,1.17400,1160.64736,1
1507034920,22704825,1.17400,444.21759,1
1507034915,22704818,1.17400,444.04447,1
1507034915,22704812,1.17400,684.46338,1
1507034911,22704804,1.17400,290.97808,1
1507034905,22704798,1.17400,1984.13970,1
1507034904,22704796,1.17400,140.56219,1
1507034889,22704763,1.17400,355.37653,1
1507034883,22704757,1.17400,341.04422,1
1507034877,22704752,1.17400,340.91244,1
1507034874,22704719,1.17400,112.06116,1
1507034867,22704713,1.17400,112.23309,1
1507034866,22704712,1.17400,272.28247,1
1507034865,22704710,1.17400,303.54345,1
1507034852,22704707,1.17126,61.22000,1
1507034497,22704566,1.17126,1555.39293,1
1507034494,22704563,1.17126,1063.63355,1
1507034422,22704518,1.17126,597.50198,1
1507034421,22704515,1.17126,914.00516,1
1507034420,22704513,1.17127,12.18422,1
1507034175,22704313,1.17127,433.85773,1
1507034175,22704312,1.17128,19.74594,1
1507033315,22703779,1.17127,46.74294,1
1507033315,22703778,1.17128,20.09310,1
1507033315,22703777,1.17417,13.16396,1
1507033061,22703659,1.17223,24.94476,0
1507033055,22703656,1.17225,4996.79223,1
1507033055,22703655,1.17226,14.00140,1
1507033050,22703651,1.17225,3.20777,1
1507033050,22703649,1.17226,21.00210,1
1507033050,22703647,1.17226,602.00058,1
1507033046,22703640,1.17226,2267.70967,1
1507033046,22703637,1.17227,14.10752,1
1507033041,22703633,1.17227,0.23620,1
1507033041,22703632,1.17227,50.00000,1
1507033037,22703630,1.17226,0.54479,1
1507033037,22703629,1.17227,100.00000,1
1507033037,22703628,1.17251,14.34372,1
1507033031,22703622,1.17227,178.86000,1
1507032938,22703560,1.17382,1.43786,0
1507032937,22703558,1.17384,171.76060,1
1507032937,22703556,1.17384,171.76060,1
1507032931,22703553,1.17229,18.23938,1
1507032919,22703548,1.17226,1112.75102,1
1507032919,22703547,1.17229,18.45916,1
1507032917,22703545,1.17226,742.75102,1
1507032917,22703544,1.17228,18.45916,1
1507032917,22703543,1.17229,370.00000,1
1507032912,22703537,1.17226,274.24292,1
1507032912,22703535,1.17227,19.05954,1
1507032908,22703533,1.17226,297.62522,1
1507032907,22703531,1.17227,54.18738,1
1507032907,22703529,1.17229,19.98848,1
1507032902,22703525,1.17276,232.00183,1
1507032902,22703522,1.17322,19.98848,1
1507032896,22703516,1.17277,227.33928,1
1507032896,22703515,1.17320,20.15174,1
1507032810,22703475,1.17300,35.37192,1
1507032688,22703375,1.17290,36.36320,1
1507032137,22702979,1.17299,31.98259,1
1507031862,22702717,1.17276,260.13848,1
1507031859,22702714,1.17277,600.00000,0
1507031859,22702713,1.17277,42.60990,0
1507031858,22702710,1.17281,492.14031,1
1507031856,22702702,1.17281,1613.87999,1
1507031570,22702563,1.17307,306.33448,0
1507031569,22702562,1.17308,43.66552,1
1507030867,22702069,1.17278,34.78356,0
1507030866,22702068,1.17309,45.21644,1
1507030832,22702055,1.17294,50.00000,1
1507029720,22701249,1.17750,1616.61081,0
1507029254,22701001,1.17750,163.85559,0
1507029253,22700999,1.17750,625.21441,0
1507029237,22700986,1.17750,1855.68538,0
1507029236,22700984,1.17750,254.16462,0
1507029235,22700981,1.17750,268.29032,0
1507029235,22700980,1.17750,221.98999,0
1507029235,22700978,1.17750,298.72969,0
1507029233,22700974,1.17750,279.79484,0
1507029233,22700973,1.17750,578.48999,0
1507029233,22700972,1.17750,416.56527,0
1507029233,22700970,1.17750,834.82990,0
1507029231,22700958,1.17750,788.95000,0
1507029230,22700950,1.17750,868.56011,0
1507029229,22700948,1.17750,1241.03989,0
1507029228,22700945,1.17750,788.95000,0
1507029227,22700942,1.17750,137.35009,0
1507029226,22700941,1.17750,1099.97357,0
1507029226,22700938,1.17750,534.75475,0
1507029226,22700936,1.17750,337.49159,0
1507029223,22700932,1.17750,2017.06000,0
1507029208,22700907,1.17750,266.65841,0
1507029207,22700903,1.17750,357.12000,0
1507029205,22700899,1.17750,2021.67000,0
1507029205,22700898,1.17726,0.01000,0
1507029117,22700825,1.17726,1307.14000,0
1507029115,22700822,1.17726,788.93000,0
1507029114,22700818,1.17726,2020.42000,0
1507029094,22700805,1.17726,883.50000,0
1507029048,22700730,1.17227,4000.00000,0
1507028963,22700681,1.17723,59.69000,0
1507028923,22700641,1.17723,42.36000,0
1507028918,22700638,1.17723,41.07069,0
1507028873,22700586,1.17725,25.30072,1
1507028872,22700584,1.17725,168.47739,1
1507028867,22700576,1.17725,6.61570,0
1507028864,22700573,1.17725,1559.51185,0
1507028861,22700568,1.17725,2308.29754,0
1507028832,22700544,1.17725,467.02749,0
1507028818,22700515,1.17725,658.54742,0
1507028818,22700513,1.17725,410.30258,0
1507028817,22700511,1.17725,1064.70875,0
1507028817,22700510,1.17725,372.27756,0
1507028817,22700508,1.17725,81.26613,0
1507028816,22700507,1.17725,596.64346,0
1507028814,22700497,1.17725,596.37061,0
1507028812,22700486,1.17725,596.09844,0
1507028753,22700457,1.17725,788.92332,0
1507028753,22700454,1.17725,498.40915,0
1507028683,22700424,1.17700,386.51351,0
1507028680,22700420,1.17700,788.24000,0
1507028679,22700416,1.17700,2018.26000,0
1507028671,22700412,1.17700,89.69000,0
1507028664,22700405,1.17700,508.24000,0
1507028653,22700401,1.17700,89.43000,0
1507028556,22700329,1.17700,400.24094,0
1507028515,22700265,1.17700,721.43000,0
1507028477,22700249,1.17700,2.95555,0
1507028476,22700247,1.17699,82.01445,0
1507028476,22700245,1.17650,1.30241,0
1507028474,22700242,1.17133,80.00000,1
1507028455,22700235,1.17650,1109.45616,0
1507028447,22700226,1.17650,3639.28194,0
1507028437,22700221,1.17650,254.95949,0
1507028437,22700220,1.17626,0.59385,0
1507028415,22700204,1.17626,585.78476,0
1507028412,22700163,1.17626,2210.21244,0
1507028404,22700076,1.17626,2203.40895,0
1507028404,22700074,1.17625,5.03181,0
1507028394,22700068,1.17625,4994.96819,0
1507028394,22700066,1.17600,3.19141,0
1507028363,22700036,1.17600,3222.06805,0
1507028345,22699985,1.17600,1779.74054,0
1507028345,22699982,1.17550,0.00025,0
1507028080,22699849,1.17550,999.99975,0
1507028079,22699847,1.17550,449.91025,0
1507028056,22699842,1.17550,1324.75000,0
1507028034,22699823,1.17550,403.02000,0
1507027957,22699795,1.17550,2025.12000,0
1507027847,22699724,1.17550,80.74000,0
1507027653,22699540,1.17550,81.19000,0
1507027614,22699487,1.17550,81.18000,0
1507027582,22699447,1.17550,78.63000,0
1507027501,22699314,1.17550,480.45975,0
1507027501,22699313,1.17525,1342.46874,0
1507027490,22699305,1.17524,119.40000,0
1507027269,22699185,1.17103,50.00000,1
1507026984,22698906,1.17525,147.14002,0
1507026958,22698882,1.17524,189.74083,0
1507026958,22698881,1.17500,6.63121,0
1507026876,22698803,1.17500,4998.36879,0
1507026870,22698799,1.17499,369.52007,0
1507026865,22698796,1.17499,455.44383,0
1507026688,22698659,1.17499,1157.99266,0
1507026215,22698332,1.17495,181.87091,0
1507026113,22698224,1.17102,1203.62327,1
1507026113,22698223,1.17156,6.25672,1
1507025717,22697967,1.17524,300.21621,0
1507025683,22697925,1.17525,581.51124,0
1507025679,22697921,1.17524,488.77560,0
1507025679,22697919,1.17500,1.26602,0
1507025678,22697918,1.17499,80.00000,0
1507025678,22697917,1.17498,31.56019,0
1507025387,22697659,1.17277,39.30621,1
1507025387,22697658,1.17277,66.30420,1
1507025387,22697657,1.17277,66.30420,1
1507025387,22697656,1.17277,66.30420,1
1507025387,22697655,1.17277,66.30420,1
1507025387,22697654,1.17277,66.30420,1
1507025386,22697653,1.17277,66.30420,1
1507025386,22697652,1.17277,66.30420,1
1507025386,22697651,1.17277,66.30420,1
1507025386,22697650,1.17277,129.66710,1
1507025386,22697648,1.17277,129.66710,1
1507025386,22697647,1.17277,129.66710,1
1507025386,22697646,1.17277,99.23246,1
1507025365,22697627,1.17277,30.43464,1
1507025365,22697626,1.17277,99.23765,1
1507025365,22697625,1.17278,31.80271,1
1507025363,22697622,1.17277,30.42945,1
1507025363,22697621,1.17277,129.66710,1
1507025363,22697620,1.17277,1.37845,1
1507025362,22697619,1.17277,26.99799,1
1507025361,22697618,1.17264,3.18376,0
1507025361,22697617,1.17264,31.56020,0
1507025361,22697616,1.17264,31.56020,0
1507025361,22697615,1.17264,31.56020,0
1507025360,22697614,1.17264,31.80271,0
1507025359,22697613,1.17264,31.80619,1
1507025358,22697608,1.17264,129.66881,1
1507025358,22697607,1.17264,161.47500,1
1507025357,22697604,1.17269,31.80271,1
1507025330,22697570,1.17102,220.00000,0
1507025330,22697565,1.17102,98.51681,1
1507025329,22697564,1.17102,381.48319,1
1507025329,22697562,1.17105,31.82669,1
1507024978,22697020,1.17101,35.93000,1
1507024978,22697019,1.17102,54.07000,1
1507024948,22696972,1.17102,245.95080,1
1507024945,22696966,1.17101,172.72999,1
1507024940,22696960,1.17101,53.80999,1
1507024116,22696362,1.17500,998.73398,0
1507024115,22696361,1.17500,0.95228,0
1507023671,22695859,1.17106,40.41885,1
1507023671,22695858,1.17147,9.58115,1
1507022228,22694603,1.17101,228.28157,1
1507022079,22694502,1.17101,151.31383,1
1507021448,22694056,1.17101,37.58999,1
1507021424,22694043,1.17101,6.80000,1
1507021306,22693990,1.17101,50.00000,1
1507020364,22693399,1.17101,70.00000,1
1507019598,22692624,1.17500,604.40316,0
1507019594,22692617,1.17500,3848.73816,0
1507019591,22692614,1.17500,550.90640,0
1507019591,22692613,1.17499,886.88722,0
1507019591,22692611,1.17498,450.00000,0
1507019589,22692605,1.17499,1177.11858,0
1507019588,22692602,1.17498,880.00000,0
1507019583,22692593,1.17492,1718.14797,0
1507019034,22692192,1.17100,201.22972,1
1507018914,22692056,1.17500,201.23000,0
1507018885,22692027,1.17493,114.75000,0
1507018729,22691940,1.17028,375.60223,1
1507018729,22691939,1.17030,6.83585,1
1507018729,22691938,1.17050,37.55543,1
1507018623,22691889,1.17520,721.83747,0
1507018586,22691872,1.17520,721.83747,0
1507018484,22691678,1.17051,37.54806,1
1507018457,22691623,1.17055,1257.81619,1
1507018429,22691563,1.17052,938.12152,1
1507018428,22691559,1.17051,1497.54392,1
1507018413,22691536,1.17058,95.33937,0
1507018399,22691511,1.17057,7.06920,0
1507018397,22691508,1.17057,342.80087,0
1507018337,22691476,1.17050,410.23212,1
1507018123,22691318,1.17057,7.74580,0
1507018122,22691317,1.17057,7.74580,0
1507018122,22691316,1.17057,7.74580,0
1507018122,22691315,1.17057,7.74580,0
1507017979,22691195,1.17050,2538.99999,1
1507017976,22691194,1.17050,2728.38451,1
1507017963,22691182,1.17050,2192.90902,1
1507017861,22691074,1.17050,497.71893,1
1507017857,22691067,1.17053,152.21042,0
1507017857,22691066,1.17053,852.58967,0
1507017728,22690985,1.17058,95.33937,1
1507017707,22690972,1.17058,80.00000,1
1507017575,22690785,1.17059,169.60678,1
1507017573,22690782,1.17058,542.59427,1
1507017503,22690733,1.17058,92.61999,1
1507017396,22690697,1.17058,442.19960,1
1507017361,22690654,1.17057,1162.68999,1
1507016448,22689973,1.17523,661.49000,0
1507016320,22689900,1.17523,60.00000,0
1507015857,22689580,1.17031,46.21622,1
1507015754,22689517,1.17498,1436.43051,1
1507015753,22689514,1.17498,1412.92618,1
1507015753,22689513,1.17498,7338.09877,0
1507015546,22689374,1.17522,186.21193,0
1507014575,22688326,1.17104,197.23846,0
1507014574,22688325,1.17104,478.94688,0
1507014564,22688308,1.17040,50.27093,1
1507014549,22688278,1.17040,1964.31002,1
1507014549,22688275,1.17040,306.53998,1
1507014548,22688272,1.17040,1481.33312,1
1507014545,22688255,1.17040,297.64000,1
1507014545,22688243,1.17040,192.81679,1
1507014539,22688217,1.17040,242.37955,1
1507014536,22688191,1.17040,298.21000,1
1507014527,22688130,1.17040,75.12344,1
1507014527,22688128,1.17040,91.37617,1
1507014527,22688126,1.17050,6.83469,1
1507014527,22688124,1.17070,6.83352,1
1507014527,22688121,1.17090,6.83235,1
1507014527,22688119,1.17097,301.63447,1
1507014526,22688115,1.17097,386.96068,1
1507014525,22688106,1.17097,311.40485,1
1507014525,22688102,1.17098,25.31794,1
1507014525,22688100,1.17098,398.35099,1
1507014524,22688096,1.17098,527.35200,1
1507014524,22688093,1.17098,1000.00000,1
1507014524,22688092,1.17099,1000.00000,1
1507014523,22688090,1.17100,0.06845,1
1507014523,22688086,1.17100,45.73932,1
1507014522,22688083,1.17100,118.48000,1
1507014522,22688081,1.17100,407.04735,1
1507014522,22688078,1.17100,70.88966,1
1507014521,22688076,1.17100,57.62969,1
1507014521,22688074,1.17100,180.19702,1
1507014520,22688072,1.17100,61.22879,1
1507014520,22688069,1.17100,58.71972,1
1507014520,22688067,1.17100,50.00000,1
1507014519,22688065,1.17104,2597.95695,1
1507014519,22688062,1.17104,285.44204,1
1507014519,22688060,1.17104,478.94796,1
1507014518,22688052,1.17104,285.44102,1
1507014516,22688045,1.17104,764.38898,1
1507014515,22688040,1.17104,285.61102,1
1507014460,22687988,1.17105,99.72248,1
1507014460,22687987,1.17105,41.99650,1
1507014077,22687763,1.17105,30.12770,1
1507014076,22687762,1.17110,6.83118,1
1507014076,22687761,1.17112,13.04112,1
1507013997,22687716,1.17118,4.16180,0
1507013997,22687714,1.17120,0.83594,1
1507013996,22687712,1.17120,942.63714,1
1507013996,22687711,1.17120,56.52692,1
1507013996,22687710,1.17121,13.29099,1
1507013990,22687701,1.17126,94.85270,1
1507013989,22687699,1.17129,13.29099,1
1507013983,22687694,1.17127,42.96004,1
1507013983,22687693,1.17183,13.39996,1
1507013451,22687401,1.17126,86.01049,0
1507013150,22687234,1.17125,188.08804,1
1507012989,22687133,1.17125,50.42419,1
1507012989,22687132,1.17125,761.48777,1
1507012988,22687130,1.17126,971.47900,1
1507012986,22687128,1.17126,804.44999,1
1507012981,22687122,1.17126,1.60807,1
1507012981,22687119,1.17127,360.00000,1
1507012977,22687111,1.17126,3.20778,1
1507012977,22687110,1.17127,720.00000,1
1507012934,22687081,1.17137,564.36994,1
1507012310,22686574,1.17136,50.00000,1
1507012308,22686572,1.17524,1315.25922,0
1507012308,22686570,1.17264,0.12078,0
1507011753,22686262,1.17427,178.93922,1
1507011630,22686170,1.17525,90.39000,0
1507011626,22686159,1.17525,1119.37000,0
1507011620,22686143,1.17525,1719.12000,0
1507011618,22686136,1.17425,262.34470,0
1507011617,22686135,1.17425,1540.98000,0
1507011615,22686125,1.17425,178.77910,0
1507011594,22686091,1.17425,178.91141,0
1507011591,22686090,1.17425,178.84065,0
1507011587,22686080,1.17425,178.72120,0
1507011582,22686065,1.17425,178.29123,0
1507011581,22686061,1.17425,472.87043,0
1507011577,22686053,1.17425,178.18418,0
1507011573,22686048,1.17424,178.54214,0
1507011469,22685949,1.17174,76.12689,0
1507011463,22685944,1.17174,178.50674,0
1507011461,22685941,1.17174,293.16000,0
1507011458,22685933,1.17174,277.80528,0
1507011446,22685904,1.17174,177.89720,0
1507011301,22685704,1.17126,177.17574,1
1507011298,22685703,1.17126,177.10566,1
1507011294,22685696,1.17126,177.03558,1
1507011290,22685693,1.17126,176.96549,1
1507011284,22685685,1.17126,143.06000,1
1507011283,22685683,1.17126,176.89541,1
1507011278,22685678,1.17126,1098.92365,1
1507011276,22685674,1.17126,1092.09363,1
1507011275,22685671,1.17130,6.83002,1
1507011265,22685655,1.17172,1000.00000,1
1507011261,22685641,1.17176,0.00001,1
1507011260,22685640,1.17176,0.00001,1
1507011260,22685638,1.17176,872.63870,1
1507011260,22685636,1.17176,127.36128,1
1507011254,22685620,1.17180,0.90304,1
1507011253,22685617,1.17180,325.12241,1
1507011206,22685576,1.17180,93.84000,1
1507011049,22685465,1.17425,752.99439,0
1507011049,22685463,1.17354,1266.28143,0
1507011048,22685461,1.17353,105.26361,0
1507011042,22685456,1.17180,580.13455,1
1507011027,22685441,1.17200,375.75411,1
1507011023,22685438,1.17200,523.50697,1
1507011015,22685432,1.17200,0.55761,1
1507011015,22685431,1.17201,202.61470,1
1507011015,22685430,1.17340,6.81779,1
1507010928,22685363,1.17425,899.08271,0
1507010928,22685362,1.17385,130.87221,0
1507010928,22685361,1.17371,359.43778,0
1507010927,22685360,1.17356,734.95827,0
1507010832,22685280,1.17356,273.29277,0
1507010832,22685279,1.17356,117.38441,0
1507010830,22685278,1.17333,578.26940,0
1507010829,22685276,1.17325,0.25361,0
1507010825,22685265,1.17325,137.11649,0
1507010807,22685253,1.17325,1054.16549,0
1507010793,22685236,1.17325,259.98177,0
1507010619,22685150,1.17325,87.72000,0
1507010617,22685148,1.17325,569.09000,0
1507010514,22685044,1.17325,425.10387,0
1507010217,22684902,1.17325,667.50778,0
1507010215,22684900,1.17325,582.53115,0
1507010212,22684897,1.17325,731.03185,0
1507010208,22684895,1.17325,485.49799,0
1507010205,22684889,1.17301,200.27467,0
1507010204,22684888,1.17300,4.50968,0
1507010201,22684884,1.17300,392.92871,0
1507010201,22684883,1.17225,0.00235,0
1507009915,22684735,1.17225,87.19000,0
1507009912,22684732,1.17225,114.23000,0
1507009907,22684727,1.17225,616.13000,0
1507009882,22684721,1.17225,1051.35561,0
1507009838,22684705,1.17225,769.06453,0
1507009834,22684701,1.17225,261.28717,0
1507009830,22684696,1.17225,1050.21205,0
1507009712,22684609,1.17225,686.36826,0
1507009660,22684563,1.17200,100.18131,1
1507009659,22684562,1.17210,6.82536,1
1507009659,22684560,1.17222,7.70333,1
1507009659,22684557,1.17225,364.16003,1
1507009655,22684552,1.17225,635.72999,1
1507009648,22684540,1.17301,580.88837,0
1507009645,22684534,1.17301,58.92146,0
1507009642,22684528,1.17300,820.40596,0
1507009639,22684521,1.17300,32.15724,0
1507009639,22684519,1.17248,330.15492,0
1507009624,22684493,1.17225,0.10998,1
1507009623,22684490,1.17226,171.00002,1
1507009615,22684459,1.17226,1005.38585,1
1507009587,22684383,1.17248,85.67269,0
1507009586,22684378,1.17248,584.17239,0
1507009586,22684374,1.17248,43.70664,0
1507009583,22684350,1.17248,85.63009,0
1507009557,22684155,1.17226,208.70326,1
1507009556,22684149,1.17226,273.55000,1
1507009553,22684134,1.17226,809.83198,1
1507009550,22684109,1.17226,308.75999,1
1507009549,22684107,1.17226,593.52000,1
1507009549,22684104,1.17226,268.40000,1
1507009548,22684096,1.17226,413.10891,1
1507009548,22684088,1.17226,947.73999,1
1507009548,22684083,1.17250,1282.13917,1
1507009546,22684071,1.17250,1366.85548,1
1507009545,22684066,1.17250,487.54300,1
1507009540,22684039,1.17250,594.97000,1
1507009534,22684017,1.17250,3822.55790,1
1507009532,22684009,1.17250,2480.89979,1
1507009528,22684004,1.17250,3871.70184,1
1507009523,22683995,1.17250,2480.89979,1
1507009520,22683987,1.17250,522.45494,1
1507009502,22683948,1.17250,221.98999,1
1507009497,22683918,1.17250,578.52453,1
1507009496,22683911,1.17250,578.48999,1
1507009491,22683879,1.17250,416.56527,1
1507009475,22683751,1.17250,2492.34001,1
1507009473,22683737,1.17250,2167.33998,1
1507009471,22683735,1.17250,1099.97357,1
1507009469,22683715,1.17250,534.75475,1
1507009464,22683702,1.17254,0.29697,1
1507009464,22683701,1.17254,59.09746,1
1507009464,22683700,1.17254,496.87000,1
1507009463,22683698,1.17254,44.71000,1
1507009463,22683696,1.17254,233.47000,1
1507009463,22683695,1.17254,165.55557,1
1507009462,22683694,1.17255,40.26252,1
1507009394,22683648,1.17255,0.53748,1
1507009394,22683647,1.17257,1.29571,1
1507009394,22683646,1.17257,368.16386,1
1507008970,22683474,1.17301,10.06634,0
1507008938,22683458,1.17301,10.07134,0
1507008934,22683454,1.17301,10.07134,0
1507008931,22683450,1.17301,11.40366,0
1507008611,22683299,1.17257,114.50022,1
1507008609,22683294,1.17257,401.53999,1
1507008605,22683290,1.17257,114.50022,1
1507008601,22683285,1.17269,0.25966,1
1507008601,22683282,1.17269,999.74034,1
1507008589,22683278,1.17301,123.91354,0
1507008518,22683244,1.17290,1.70047,1
1507008518,22683242,1.17290,915.51300,1
1507008518,22683241,1.17290,82.78653,1
1507008517,22683240,1.17290,6.75082,1
1507008489,22683224,1.17290,0.06988,1
1507008489,22683223,1.17300,0.00769,1
1507008489,22683222,1.17300,100.73243,1
1507008437,22683195,1.17300,290.77757,1
1507008437,22683194,1.17300,23.01243,1
1507008395,22683128,1.17300,585.46988,1
1507008394,22683127,1.17300,6.82012,1
1507008386,22683110,1.17303,314.12473,1
1507008386,22683109,1.17303,380.89000,1
1507008385,22683108,1.17303,55.69567,1
1507008385,22683107,1.17303,35.61280,1
1507008384,22683105,1.17303,35.61280,1
1507008384,22683104,1.17303,35.61280,1
1507008384,22683102,1.17303,35.61280,1
1507008384,22683101,1.17303,35.61280,1
1507008383,22683100,1.17303,35.61280,1
1507008383,22683097,1.17303,35.61280,1
1507008382,22683095,1.17310,6.81954,1
1507008380,22683092,1.17315,492.77665,1
1507008380,22683091,1.17315,51.55000,1
1507008379,22683089,1.17315,431.02335,1
1507008379,22683088,1.17315,24.65000,1
1507008379,22683087,1.17320,6.81896,1
1507008375,22683079,1.17325,2981.63039,1
1507008375,22683078,1.17325,195.57325,1
1507008373,22683074,1.17325,1721.68742,1
1507008372,22683071,1.17325,101.10894,1
1507008371,22683068,1.17326,100.90750,1
1507008368,22683057,1.17326,3994.43999,1
1507008366,22683047,1.17326,904.65251,1
1507008366,22683046,1.17330,6.81838,1
1507008365,22683045,1.17335,0.01000,1
1507008365,22683044,1.17335,271.67000,1
1507008365,22683042,1.17335,306.02000,1
1507008365,22683041,1.17335,422.30000,1
1507008364,22683038,1.17340,5.29096,1
1507008363,22683035,1.17340,1.52683,1
1507008363,22683034,1.17342,0.00005,1
1507008363,22683029,1.17342,999.99995,1
1507008359,22683020,1.17347,945.09031,1
1507008359,22683019,1.17347,47.31000,1
1507008359,22683018,1.17347,7.59969,1
1507008358,22683017,1.17350,6.81721,1
1507008356,22683012,1.17354,512.73244,1
1507008356,22683010,1.17354,19.62826,1
1507008356,22683007,1.17354,398.13212,1
1507008355,22683006,1.17354,14.33259,1
1507008355,22683005,1.17354,55.17459,1
1507008349,22682988,1.17358,890.86663,1
1507008349,22682986,1.17358,109.13337,1
1507008348,22682984,1.17360,6.81663,1
1507008338,22682940,1.17367,566.18324,1
1507008333,22682919,1.17367,124.91999,1
1507008294,22682771,1.17367,157.83519,1
1507008288,22682756,1.17367,151.06158,1
1507008288,22682752,1.17370,6.81605,1
1507008281,22682731,1.17373,1.04278,1
1507008281,22682728,1.17373,419.86571,1
1507008276,22682721,1.17373,579.09151,1
1507008266,22682714,1.17379,780.69521,1
1507008266,22682713,1.17379,152.43479,1
1507008266,22682712,1.17379,66.87000,1
1507008265,22682711,1.17379,1.03765,1
1507008264,22682708,1.17379,946.62782,1
1507008257,22682702,1.17379,52.33453,1
1507008256,22682701,1.17380,6.81547,1
1507008253,22682697,1.17387,64.36702,1
1507008253,22682692,1.17387,816.35787,1
1507008253,22682686,1.17387,2.97341,1
1507008252,22682682,1.17387,106.45439,1
1507008252,22682678,1.17387,9.84731,1
1507008251,22682673,1.17390,6.81489,1
1507007997,22682523,1.17397,545.05450,1
1507007996,22682522,1.17397,71.27040,1
1507007996,22682521,1.17397,170.31133,1
1507007996,22682520,1.17397,100.48243,1
1507007995,22682519,1.17397,111.33276,1
1507006271,22682046,1.17397,1.54858,1
1507006270,22682045,1.17399,35.37231,1
1507006270,22682044,1.17399,417.98348,1
1506996073,22679955,1.17399,60.00000,1
1506990784,22678619,1.17750,1222.68000,0
1506990625,22678579,1.17400,50.00000,1
1506990546,22678559,1.17750,626.14899,0
1506990506,22678546,1.17750,871.85925,0
