date,tid,price,amount,type
1507074937,22731118,44.44,2.96874139,0
1507072858,22730665,44.43,0.15000000,0
1507072338,22730493,44.44,3.03125861,0
1507072338,22730492,44.42,2.05910000,0
1507071742,22730261,44.40,20.04189189,0
1507071551,22730211,44.31,35.62218743,0
1507071551,22730210,44.31,18.31543220,0
1507071255,22730112,44.34,1.12471809,0
1507070763,22729905,44.25,122.84000000,1
1507070763,22729904,44.26,59.16000000,1
1507069963,22729699,44.32,0.36961341,1
1507069963,22729698,44.32,4.91915380,0
1507069961,22729697,44.30,0.38000000,0
1507068713,22729218,44.25,7.13974000,1
1507068705,22729217,44.24,23.00000000,1
1507068695,22729216,44.25,9.72652490,1
1507068683,22729213,44.25,11.07835970,1
1507068437,22729095,44.29,1.00000000,0
1507068350,22729057,44.28,0.56278229,0
1507067854,22728781,44.32,0.43604782,0
1507067844,22728777,44.32,3.92856498,0
1507066902,22728375,44.23,43.92000000,0
1507066896,22728373,44.23,54.00000000,0
1507066392,22728183,44.29,5.00000000,1
1507066305,22728134,44.29,12.79704168,0
1507066305,22728133,44.29,11.89000000,0
1507066303,22728131,44.28,1.32517620,0
1507066303,22728129,44.28,73.98778212,0
1507065720,22727901,44.39,2.44587216,0
1507065720,22727899,44.39,0.12000000,0
1507065720,22727897,44.39,2.17956600,1
1507065719,22727896,44.38,2.94000000,0
1507065719,22727895,44.32,14.69000000,0
1507065717,22727894,44.29,0.12000000,0
1507064529,22727443,44.23,1.14084900,0
1507064481,22727359,44.05,108.00000000,1
1507064481,22727356,44.09,40.10000000,1
1507064481,22727351,44.09,4.37567350,1
1507064480,22727349,44.10,20.55708200,1
1507064431,22727168,44.19,3.69796334,0
1507064426,22727134,44.19,0.20000000,0
1507064305,22726871,44.20,6.63546513,0
1507064237,22726848,44.16,11.29415761,0
1507063823,22726711,44.15,5.00000000,0
1507063784,22726690,44.15,22.25422000,0
1507063575,22726613,44.19,6.88458927,0
1507063305,22726526,44.15,0.50147225,0
1507063184,22726458,44.15,5.10040000,0
1507061212,22725400,44.19,0.04525910,1
1507061187,22725396,44.19,9.95474090,1
1507060877,22725253,44.20,2.36065130,0
1507060876,22725252,44.10,5.00468970,0
1507060755,22725142,44.22,9.02397105,0
1507060509,22725037,44.09,3.33839300,0
1507060274,22724955,44.11,8.24710949,0
1507060273,22724954,44.10,14.37000000,0
1507060212,22724914,43.91,10.00000000,1
1507059877,22724705,44.10,1.20325312,0
1507059875,22724702,44.00,0.80849688,0
1507059845,22724694,44.00,0.19150312,1
1507059752,22724648,44.00,2.00000000,1
1507059738,22724643,44.00,0.63051506,1
1507059568,22724515,44.10,2.26190476,0
1507059291,22724138,44.08,3.00000000,1
1507059276,22724128,44.02,19.76410345,1
1507059276,22724126,44.02,0.49999000,1
1507058895,22723970,44.20,1.00180995,0
1507058694,22723889,44.20,0.16597842,0
1507057962,22723365,44.13,1.59900000,1
1507057385,22722904,44.29,6.87500000,1
1507057384,22722903,44.29,0.12000000,0
1507057212,22722778,44.28,14.41487098,0
1507056951,22722652,44.22,36.38972061,0
1507056482,22722277,44.28,1.00000000,0
1507056432,22722241,44.25,2.23683100,0
1507056431,22722238,44.25,4.50598300,0
1507056364,22722174,44.14,1.62578913,0
1507056339,22722128,44.14,1.00023000,0
1507056096,22721990,44.13,3.00000000,1
1507055883,22721881,44.20,2.25701357,0
1507055716,22721738,44.03,2.30000000,1
1507055611,22721668,44.03,9.51352780,1
1507055611,22721667,44.06,38.33000000,1
1507055611,22721666,44.07,47.01000000,1
1507055610,22721665,44.07,10.00000000,1
1507055610,22721664,44.08,0.00000020,1
1507055610,22721663,44.08,9.30950700,1
1507055314,22721518,44.12,2.74628331,1
1507055314,22721517,44.25,3.00201669,1
1507055309,22721514,44.25,1.88101600,1
1507055307,22721511,44.26,9.25057800,0
1507055306,22721510,44.26,1.68942200,0
1507055301,22721508,44.26,1.09163000,1
1507054950,22721254,44.29,11.26213592,0
1507054791,22721158,44.30,15.91602387,1
1507054790,22721155,44.30,20.81319572,1
1507054789,22721154,44.29,0.12000000,0
1507054788,22721153,44.29,0.00485000,0
1507054788,22721152,44.28,17.66700000,0
1507054788,22721151,44.27,1.36788300,0
1507054366,22720858,44.01,4.13635100,1
1507054304,22720775,44.17,2.00023000,0
1507054184,22720701,44.14,7.04069000,0
1507053817,22720554,44.01,2.07457378,1
1507053815,22720553,44.05,7.92542622,1
1507053813,22720552,44.22,3.00023000,0
1507053754,22720526,44.22,0.00000359,1
1507053754,22720525,44.22,0.22546000,1
1507053466,22720360,44.20,0.11538000,0
1507053442,22720352,44.20,0.11538000,0
1507053284,22720265,44.29,0.11515000,0
1507052978,22720095,44.28,11.04144932,0
1507052902,22720075,44.26,1.15408947,1
1507052900,22720072,44.25,1.10000000,0
1507052857,22720043,44.24,1.42043400,0
1507052314,22719741,44.17,0.11274621,0
1507052214,22719662,44.14,0.16596800,0
1507052121,22719633,44.13,1.58214367,0
1507052120,22719632,44.13,0.16604151,0
1507051994,22719510,44.11,11.30809340,0
1507051860,22719410,44.10,0.16722369,0
1507051801,22719355,43.80,3.56435527,0
1507051800,22719354,43.80,0.20000000,0
1507051800,22719353,43.81,1.05620240,1
1507051800,22719352,43.81,0.12000000,1
1507051799,22719350,43.82,5.05944233,1
1507051641,22719283,44.01,11.33378778,0
1507051614,22719272,43.90,0.00000001,1
1507051495,22719240,44.04,0.16647055,0
1507051391,22719193,44.00,1.12204545,0
1507051347,22719151,44.01,0.16632684,0
1507050769,22718815,44.05,0.20249716,0
1507050758,22718807,43.90,4.99999999,1
1507050758,22718806,43.91,3.70948350,1
1507050758,22718805,43.91,0.12000000,1
1507050758,22718803,43.93,8.05409151,1
1507050757,22718802,43.93,16.89401900,1
1507050696,22718773,44.05,1.82083995,0
1507050671,22718760,43.93,5.00000000,1
1507050625,22718719,44.05,0.25700000,0
1507050618,22718707,44.05,2.31300000,0
1507050593,22718693,43.93,5.86610300,1
1507050558,22718666,44.09,4.95000000,0
1507050558,22718665,44.09,5.05000000,0
1507050464,22718629,44.07,0.22053265,0
1507050345,22718488,43.96,2.57135489,1
1507050334,22718476,44.08,1.01814882,0
1507050312,22718457,43.97,4.56288800,0
1507049976,22718293,43.96,0.66263400,1
1507049951,22718272,43.96,0.56722800,1
1507049930,22718257,43.96,1.57570200,1
1507049923,22718255,43.96,0.71252600,1
1507049922,22718253,43.96,1.31445900,1
1507049920,22718252,43.96,0.92827000,1
1507049919,22718251,43.96,1.03965800,1
1507049917,22718250,43.96,0.97069900,1
1507049796,22718146,43.96,1.18926297,1
1507049630,22718001,44.01,0.12000000,1
1507049486,22717900,44.02,0.49525480,0
1507049486,22717897,44.02,4.50474520,1
1507049466,22717867,44.22,1.45909090,0
1507049434,22717845,44.14,1.00000000,1
1507049352,22717792,44.17,0.38148064,0
1507049313,22717771,44.14,0.16837755,0
1507049284,22717754,44.14,2.04145300,0
1507049088,22717520,43.99,1.28490040,1
1507049087,22717519,44.02,5.71509960,1
1507049047,22717489,44.15,1.13137033,0
1507049026,22717474,44.02,5.00000000,1
1507049012,22717463,44.19,14.71000000,0
1507048834,22717242,44.12,55.74778240,0
1507048784,22717165,44.13,41.44602100,0
1507048783,22717161,44.13,2.83000000,0
1507048557,22717006,43.86,6.89970112,1
1507048556,22717005,43.87,0.12000000,1
1507048556,22717004,43.88,0.58705562,1
1507048556,22717003,43.90,0.12000000,1
1507048555,22717002,44.00,0.12000000,1
1507048555,22717001,44.00,0.65854057,1
1507048555,22717000,44.04,1.37470269,1
1507048553,22716999,44.08,0.12000000,1
1507048481,22716951,44.14,0.12000000,1
1507048481,22716950,44.16,33.70000000,1
1507048476,22716938,44.16,1.00000000,1
1507048471,22716935,44.16,7.12285900,1
1507048420,22716858,44.18,18.97755025,1
1507048414,22716853,44.19,4.00000000,1
1507048413,22716852,44.19,25.00000000,1
1507048110,22716627,44.22,13.57000000,0
1507048110,22716626,44.23,56.43000000,1
1507048034,22716570,44.24,1.90068470,1
1507048031,22716566,44.25,2.00000000,1
1507047977,22716514,44.28,7.40040650,0
1507047975,22716512,44.27,15.13000000,0
1507047955,22716498,44.23,2.38909700,0
1507047835,22716414,44.18,3.60053938,1
1507047833,22716413,44.21,1.39946062,1
1507047826,22716399,44.19,1.10825149,1
1507047811,22716384,44.26,1.65272800,0
1507047810,22716381,44.19,0.14276210,0
1507047807,22716378,44.22,1.60723790,1
1507047764,22716339,44.25,2.55000000,0
1507047727,22716265,44.24,37.87952079,0
1507047727,22716264,44.24,2.64999500,0
1507047717,22716235,44.25,1.65280700,0
1507047681,22716199,44.23,2.21741130,0
1507047681,22716198,44.23,1.78258870,1
1507047674,22716193,44.27,2.67000000,1
1507047672,22716188,44.25,2.73000000,0
1507047591,22716084,44.21,10.30216650,1
1507047591,22716083,44.22,33.71000000,1
1507047591,22716082,44.25,1.97479350,1
1507047588,22716081,44.24,3.34100000,1
1507047397,22715925,44.28,16.85790100,1
1507047318,22715864,44.39,7.13409909,1
1507047318,22715863,44.39,0.12000000,0
1507047316,22715858,44.35,2.71000000,0
1507047316,22715857,44.34,1.00150008,0
1507047305,22715849,44.24,6.65900000,1
1507047305,22715845,44.25,0.12000000,1
1507047198,22715732,44.26,6.09283300,1
1507047012,22715531,44.29,42.08000000,1
1507047000,22715515,44.29,0.12000000,0
1507046908,22715416,44.28,8.53984500,0
1507046770,22715243,44.30,50.07000000,0
1507046769,22715242,44.30,8.51421000,0
1507046766,22715237,44.30,0.34000000,0
1507046765,22715236,44.29,10.07579000,1
1507046765,22715235,44.29,40.00000000,1
1507046763,22715228,44.29,0.12000000,0
1507046559,22715039,44.27,22.53444771,0
1507046438,22714906,44.06,23.00000000,1
1507046352,22714763,44.19,0.67623000,0
1507046337,22714737,44.06,21.81509557,1
1507046292,22714679,44.09,1.65978100,0
1507046255,22714636,44.15,1.02309800,0
1507046246,22714618,44.14,5.19460300,0
1507046096,22714493,44.19,1.31907100,0
1507046008,22714422,44.17,8.41588800,0
1507045997,22714416,44.17,1.24088200,0
1507045958,22714385,44.17,0.25023000,0
1507045873,22714347,44.14,13.48214791,0
1507045855,22714319,44.06,0.99941890,1
1507045683,22714216,44.04,0.19326550,1
1507045682,22714208,44.04,0.19326550,1
1507045619,22714138,44.15,5.00000000,0
1507045454,22714036,44.14,0.44154983,0
1507045364,22714011,44.04,2.31574179,1
1507045288,22713976,44.19,11.28762163,0
1507045054,22713849,44.26,6.98350100,0
1507045047,22713819,44.26,11.06235878,0
1507045009,22713740,44.26,5.00000000,0
1507045006,22713736,44.26,4.99976900,0
1507044608,22713436,44.16,0.23958333,0
1507044601,22713428,44.16,2.15645380,0
1507044599,22713427,44.16,0.54000000,0
1507044590,22713421,44.16,4.48200000,0
1507044386,22713300,44.16,0.50000000,0
1507043676,22712945,44.20,5.00023000,0
1507043567,22712870,44.15,1.94223700,0
1507043562,22712864,44.15,14.50023000,0
1507043339,22712690,44.26,33.37189335,0
1507043338,22712689,44.25,10.04000000,0
1507043338,22712688,44.24,2.54000000,0
1507043336,22712687,44.23,55.50742019,0
1507043209,22712574,44.17,11.56259905,0
1507043023,22712523,44.13,1.41982440,1
1507043022,22712522,44.13,122.00000000,0
1507043022,22712521,44.12,5.14000000,0
1507042821,22712402,44.17,0.65752999,0
1507042821,22712401,44.14,0.56490706,0
1507042819,22712398,44.00,0.77779295,0
1507042515,22712137,44.00,0.22220705,0
1507041586,22711582,44.00,25.00000000,0
1507041394,22711383,43.88,42.00000000,0
1507040999,22711071,43.87,14.55200308,0
1507040997,22711066,43.85,8.18936430,0
1507040944,22711028,43.85,6.86580600,0
1507040744,22710878,43.80,0.34000000,1
1507040744,22710875,43.80,0.34000000,1
1507040744,22710874,43.81,0.52160701,1
1507040649,22710777,43.91,5.21976605,0
1507040548,22710725,43.81,0.64852847,1
1507040547,22710723,43.84,0.00390297,1
1507040479,22710671,43.93,1.10000000,0
1507040473,22710670,43.93,1.08263501,0
1507040207,22710432,43.95,1.00000000,0
1507040165,22710406,43.99,1.38043487,1
1507040164,22710405,43.98,2.60000000,0
1507040162,22710402,43.89,18.06000000,0
1507039329,22709578,43.80,5.58063703,0
1507039321,22709568,43.80,7.19513000,0
1507039314,22709561,43.80,5.58058000,0
1507039252,22709479,43.92,22.00000000,1
1507039179,22709368,43.97,3.21287241,0
1507039179,22709365,43.96,1.19949955,1
1507039177,22709362,43.96,1.19995451,0
1507039177,22709361,43.96,0.06021960,0
1507039050,22709292,43.96,1.13444040,0
1507038950,22709223,43.87,2.00300001,0
1507038950,22709222,43.87,4.99899999,0
1507038776,22709081,43.90,0.11366743,0
1507038573,22708970,43.71,0.22284117,1
1507038572,22708969,43.77,0.20196483,1
1507038572,22708968,43.79,1.07519400,1
1507038571,22708966,43.81,0.50000000,1
1507038553,22708954,43.91,6.13345479,0
1507038507,22708927,43.96,0.11351228,0
1507038389,22708794,43.81,0.50000000,1
1507038269,22708672,43.95,0.11353811,0
1507038204,22708617,43.82,10.49189683,1
1507038182,22708607,44.00,11.33520000,1
1507038121,22708546,43.96,4.53867152,0
1507038090,22708513,43.95,1.03158500,1
1507038078,22708493,43.96,1.68988900,1
1507038059,22708470,43.97,0.20972370,0
1507038058,22708467,43.97,10.79027630,1
1507037843,22708277,44.00,2.25250000,0
1507037818,22708249,43.87,0.52028150,0
1507037816,22708248,43.90,2.24971850,1
1507037725,22708141,43.86,13.57653570,1
1507037725,22708139,43.87,1.92346430,1
1507037723,22708137,43.91,0.50000000,1
1507037633,22708054,44.00,14.52181818,0
1507037498,22707937,43.92,6.98699996,0
1507037496,22707936,43.82,0.00000004,0
1507037491,22707932,43.82,16.54972592,0
1507037490,22707931,43.82,2.19265208,0
1507037466,22707897,43.82,8.00024200,0
1507037366,22707707,43.82,5.00000000,0
1507037344,22707681,43.66,15.19289400,0
1507037342,22707676,43.66,0.97049931,1
1507037342,22707675,43.71,0.50000000,1
1507037275,22707620,43.90,0.11366743,1
1507037243,22707610,43.82,13.95262200,0
1507037242,22707609,43.85,2.00023000,1
1507037217,22707591,43.66,2.48151970,1
1507036802,22707260,43.90,0.11366743,0
1507036783,22707247,43.76,11.38650000,0
1507036758,22707225,43.76,0.22783364,1
1507036607,22707127,43.93,8.78195997,1
1507036584,22707114,43.93,3.99428406,1
1507036581,22707111,43.93,1.97002000,1
1507036581,22707107,43.93,3.99233577,1
1507036579,22707104,43.93,3.99233577,0
1507036546,22707062,43.76,2.97805100,0
1507036372,22706818,43.76,0.22000000,0
1507036367,22706806,43.78,1.02802339,0
1507036367,22706804,43.78,0.89797661,0
1507036364,22706801,43.59,55.99668299,0
1507036362,22706800,43.59,0.30000000,0
1507036359,22706793,43.59,173.79100000,1
1507036359,22706792,43.60,25.28000000,1
1507036358,22706790,43.78,0.11397899,0
1507036196,22706626,43.60,55.95279164,1
1507036196,22706624,43.60,0.12000000,1
1507036196,22706623,43.61,0.82720836,1
1507036180,22706610,43.61,0.17279164,1
1507036159,22706572,43.86,0.11354309,1
1507036115,22706526,43.86,0.11377109,1
1507036087,22706427,43.64,30.33787100,1
1507036067,22706355,43.81,0.20000000,0
1507036065,22706353,43.64,8.58905479,1
1507036065,22706352,43.64,5.63000000,1
1507036063,22706349,43.65,18.13094521,1
1507036059,22706341,43.83,0.27000000,0
1507036012,22706282,43.90,0.11366743,0
1507035993,22706249,43.70,0.12000000,1
1507035993,22706248,43.71,1.00000000,1
1507035993,22706247,43.71,0.90000000,1
1507035981,22706233,43.73,23.40016859,1
1507035981,22706232,43.74,0.59983141,1
1507035976,22706224,43.74,0.12000000,1
1507035976,22706223,43.75,1.00000000,1
1507035976,22706222,43.75,2.40016859,1
1507035972,22706214,43.80,6.50000000,0
1507035971,22706211,43.80,0.50000000,1
1507035936,22706154,43.93,0.11358980,0
1507035912,22706097,43.94,0.45402822,1
1507035890,22706052,43.80,5.00000000,1
1507035877,22706019,43.80,0.49890000,1
1507035877,22706017,43.81,1.00000000,1
1507035877,22706015,43.82,12.10000000,1
1507035870,22705983,43.82,23.08000000,1
1507035870,22705981,43.84,0.12000000,1
1507035870,22705979,43.85,1.80000000,1
1507035863,22705953,44.07,0.45268890,0
1507035851,22705901,43.86,3.30723248,0
1507035848,22705887,43.86,1.01000000,1
1507035848,22705885,44.05,8.42020431,0
1507035828,22705851,43.90,10.22471583,1
1507035818,22705838,43.91,1.00000000,1
1507035796,22705798,43.93,1.00000000,1
1507035794,22705795,43.94,16.90000000,0
1507035778,22705775,44.04,0.20000000,0
1507035543,22705285,44.25,76.12112994,1
1507035543,22705284,44.23,0.60000000,0
1507035543,22705283,44.23,3.02000000,0
1507035543,22705282,44.23,2.66000000,0
1507035543,22705280,44.23,28.23685400,1
1507035543,22705279,44.23,2.00000000,1
1507035542,22705276,44.13,14.05994940,0
1507035542,22705275,44.13,37.86058300,1
1507035542,22705274,44.13,47.31603100,1
1507035542,22705271,44.12,7.32773700,1
1507035540,22705269,44.12,6.61668100,0
1507035533,22705257,44.13,1.69521867,1
1507035532,22705256,44.13,4.52073419,1
1507035406,22705125,44.01,0.50000000,1
1507035406,22705124,44.04,1.00000000,1
1507035316,22705017,44.17,13.22783157,0
1507035137,22704932,44.22,0.11284487,0
1507034642,22704616,44.19,13.20000000,0
1507034580,22704600,44.17,0.67738284,0
1507034409,22704501,44.27,3.60492432,1
1507034407,22704500,44.23,1.57886955,0
1507034356,22704468,44.21,5.33624338,0
1507034356,22704467,44.19,3.72000000,0
1507034354,22704466,44.17,12.89755519,0
1507034315,22704431,44.16,0.11297261,0
1507034304,22704429,43.98,2.00904336,1
1507034148,22704278,44.01,9.93466300,1
1507034145,22704270,44.00,6.00000000,0
1507034143,22704269,43.99,6.60681819,1
1507034143,22704268,44.00,5.39318181,1
1507034105,22704184,44.00,6.29073700,1
1507034105,22704183,44.00,0.40000000,1
1507034104,22704182,44.01,11.30926300,1
1507034104,22704181,44.01,1.00000000,1
1507033604,22703952,44.21,18.76549151,0
1507033604,22703951,44.18,5.25000000,0
1507033604,22703950,44.17,8.31437510,0
1507033561,22703924,44.23,1.00113045,0
1507033108,22703685,44.20,2.00000000,1
1507032843,22703487,44.28,0.11269196,0
1507032610,22703338,44.27,0.11271742,0
1507032346,22703110,44.21,4.52252512,1
1507032339,22703098,44.21,2.00000000,1
1507032336,22703089,44.23,0.71000000,0
1507032335,22703088,44.23,29.29000000,1
1507032187,22703008,44.25,7.67008360,1
1507032171,22702991,44.25,0.76117390,0
1507032171,22702990,44.25,10.23882610,1
1507031813,22702674,44.40,0.11238739,1
1507031807,22702669,44.22,5.22485000,1
1507031742,22702631,44.34,9.00135318,0
1507031361,22702466,44.35,0.11251409,1
1507031351,22702459,44.28,2.41851016,0
1507031350,22702458,44.30,0.11264108,0
1507031327,22702439,44.29,0.11266651,0
1507031325,22702437,44.20,0.00000010,0
1507031322,22702436,44.10,2.99785300,1
1507031234,22702344,44.20,3.52601800,0
1507030946,22702117,44.20,0.40610860,0
1507030791,22702021,44.20,22.56787330,0
1507030713,22701990,44.15,2.31574179,0
1507030575,22701907,44.17,6.77496038,1
1507030462,22701825,44.13,0.67799683,0
1507030413,22701788,44.16,0.11299818,1
1507030403,22701781,44.13,6.17003386,1
1507030395,22701780,44.13,8.63000000,0
1507030395,22701779,44.13,15.40873187,0
1507030379,22701769,44.13,2.26036710,0
1507029939,22701410,44.14,0.56479384,0
1507029780,22701279,44.12,3.00000000,0
1507029678,22701218,44.14,1.00000000,1
1507029617,22701190,44.16,3.00000000,0
1507029577,22701184,44.16,3.00000000,0
1507029571,22701181,44.14,3.00000000,0
1507029565,22701179,44.18,3.00000000,0
1507029559,22701175,44.20,3.00000000,0
1507029510,22701160,44.19,3.00000000,0
1507029465,22701145,44.25,2.25423728,1
1507029433,22701130,43.95,12.72445882,1
1507029433,22701125,43.96,8.43217415,1
1507029433,22701123,43.96,1.84336703,0
1507029431,22701119,44.01,1.00000000,1
1507029403,22701109,44.11,3.00000000,0
1507029333,22701080,44.13,3.00000000,0
1507029304,22701019,44.13,0.11307501,1
1507029268,22701008,44.13,0.11307501,0
1507029239,22700989,43.99,6.03907300,1
1507029239,22700988,44.01,1.00000000,1
1507029226,22700940,44.12,0.00980476,0
1507029226,22700939,44.10,14.06309524,0
1507029204,22700895,44.10,2.26190476,0
1507029074,22700764,44.12,6.14411000,0
1507029017,22700724,44.12,0.11310063,0
1507028978,22700696,44.11,0.83654500,0
1507028648,22700393,44.10,5.65464853,0
1507028438,22700222,44.15,0.11302378,0
1507028433,22700219,43.98,2.75882600,1
1507028433,22700217,44.00,0.40000000,1
1507028432,22700216,44.01,1.00000000,1
1507028275,22699963,44.16,6.79000000,1
1507028273,22699962,44.16,8.21000000,0
1507028259,22699948,44.16,5.32332712,0
1507028258,22699946,44.16,9.76000000,0
1507028258,22699945,44.16,7.50498810,0
1507028252,22699941,44.16,0.11299819,0
1507028114,22699865,44.11,1.42076100,1
1507028114,22699864,44.11,1.00000000,1
1507027936,22699781,44.17,3.01751000,0
1507027700,22699580,44.28,1.09875205,1
1507027639,22699523,44.14,0.14519890,0
1507027639,22699522,44.11,2.11329110,0
1507027621,22699508,44.11,0.60469656,1
1507027587,22699454,44.13,4.34737700,0
1507027545,22699429,44.19,0.11292148,0
1507027386,22699258,44.11,0.38340344,1
1507027386,22699257,44.12,18.10000000,1
1507027384,22699255,44.13,1.57788300,1
1507027065,22698948,44.11,0.01190000,1
1507027065,22698947,44.15,17.00250000,1
1507027040,22698934,44.16,4.50000000,0
1507027020,22698916,44.15,4.99750000,1
1507026845,22698782,44.00,105.00000000,0
1507026809,22698775,43.98,7.17448000,0
1507026698,22698679,43.96,0.50000000,0
1507026534,22698505,43.99,2.00000000,0
1507025803,22698024,44.08,0.11320327,0
1507025701,22697941,43.68,47.27237110,1
1507025701,22697940,43.68,1.07000000,1
1507025701,22697939,43.70,1.00000000,1
1507025701,22697938,43.70,0.34250000,1
1507025701,22697937,43.71,1.00000000,1
1507025700,22697936,43.72,3.62500000,1
1507025700,22697935,43.81,1.00000000,1
1507025699,22697934,43.82,0.86400000,1
1507025666,22697910,43.97,1.38367068,0
1507025417,22697678,43.73,10.94975993,1
1507025417,22697677,43.75,1.56241261,1
1507025416,22697676,43.80,0.47700000,1
1507025416,22697675,43.81,1.00000000,1
1507025414,22697674,43.87,0.20000000,1
1507025329,22697563,43.90,7.25942400,0
1507025329,22697561,43.90,6.42517600,0
1507025327,22697556,43.90,2.24168564,0
1507025302,22697531,43.91,1.00000000,1
1507025294,22697520,43.92,0.11361566,0
1507025261,22697484,43.88,0.12000000,0
1507025219,22697443,43.91,1.00000000,1
1507025214,22697441,43.92,0.11361566,0
1507025118,22697205,43.91,2.00000000,1
1507025079,22697160,43.91,0.20000000,1
1507025072,22697155,43.91,1.00000000,1
1507025053,22697124,44.05,0.11328036,0
1507025008,22697069,43.82,3.99483569,0
1507025006,22697065,43.91,1.00000000,1
1507024941,22696961,43.95,17.00000000,1
1507024923,22696928,44.00,0.20000000,0
1507024921,22696922,44.00,0.40000000,1
1507024921,22696921,44.01,1.00000000,1
1507024900,22696898,44.12,0.11310063,1
1507024877,22696882,44.04,2.00660430,1
1507024874,22696877,44.04,6.00000000,1
1507024818,22696819,44.07,0.12644000,1
1507024818,22696817,44.11,1.00000000,1
1507024680,22696706,44.29,6.75660420,0
1507024298,22696500,44.27,6.75135501,0
1507024138,22696370,44.24,1.12726040,0
1507023855,22695932,44.14,0.22655188,0
1507023788,22695911,43.94,6.00000000,1
1507023644,22695851,44.03,7.01100000,0
1507023610,22695840,44.06,5.45400000,1
1507023592,22695827,43.91,0.19640513,0
1507023587,22695826,43.91,1.76764608,0
1507023583,22695824,43.91,1.00000000,1
1507023583,22695823,43.91,0.11662000,1
1507023578,22695822,43.99,1.00000000,0
1507023573,22695818,43.99,9.00000000,0
1507023567,22695813,43.99,9.00000000,0
1507023565,22695809,44.14,0.11304939,0
1507023555,22695792,43.91,0.88338000,1
1507023555,22695791,43.94,0.11662000,1
1507023553,22695790,44.01,1.00000000,1
1507023548,22695773,44.00,0.60000000,1
1507023548,22695772,44.00,4.96945800,1
1507023547,22695771,44.05,0.11328036,0
1507023545,22695769,44.00,24.00000000,1
1507023541,22695764,44.00,15.00000000,1
1507023540,22695763,44.01,1.00000000,1
1507023536,22695762,44.00,1.00000000,1
1507023533,22695759,44.01,0.20000000,1
1507023444,22695724,44.00,5.03054200,1
1507023444,22695723,44.00,0.25000000,1
1507023444,22695722,44.00,0.40000000,1
1507023444,22695721,44.00,25.00000000,1
1507023444,22695720,44.01,3.31945800,0
1507023442,22695719,44.01,1.00000000,1
1507023365,22695686,44.05,0.12000000,1
1507023365,22695685,44.05,0.79200000,1
1507023323,22695670,44.05,0.12000000,1
1507023312,22695664,44.06,18.52101400,1
1507023311,22695662,44.06,19.75297700,1
1507023306,22695646,44.11,0.12000000,1
1507023300,22695643,44.08,20.52000000,1
1507023300,22695641,44.08,14.08544700,1
1507023288,22695627,44.11,1.00000000,1
1507023163,22695468,44.16,0.20000000,0
1507022979,22695298,44.16,0.20000000,0
1507022973,22695293,44.16,2.24234031,0
1507022972,22695291,44.16,0.20000000,0
1507022969,22695290,44.16,0.12000000,1
1507022939,22695255,44.18,8.54359819,1
1507022939,22695254,44.21,1.00000000,1
1507022860,22695165,44.30,0.20000000,0
1507022842,22695151,44.30,5.85440181,0
1507022754,22695064,44.30,6.99200000,0
1507022716,22695041,44.40,0.12000000,1
1507022715,22695039,44.43,2.24510466,0
1507022693,22695019,44.28,11.94000000,0
1507022691,22695017,44.28,18.06000000,1
1507022633,22694924,44.40,0.20000000,0
1507022630,22694923,44.40,0.12000000,1
1507022630,22694922,44.45,0.12000000,1
1507022582,22694887,44.46,0.12000000,1
1507022582,22694886,44.49,0.12000000,1
1507022582,22694885,44.49,6.00000000,1
1507022547,22694831,44.50,4.87431530,1
1507022545,22694830,44.60,3.13179000,0
1507022544,22694826,44.57,0.88000000,0
1507022540,22694823,44.57,0.12000000,1
1507022469,22694798,44.58,0.12000000,0
1507022457,22694792,44.60,1.93766816,0
1507022456,22694791,44.59,0.12000000,0
1507022335,22694698,44.53,8.81296190,1
1507022249,22694608,44.69,0.12000000,1
1507022226,22694599,44.69,2.12000000,1
1507022224,22694597,44.69,0.12000000,0
1507022210,22694557,44.56,1.44214451,0
1507022208,22694553,44.60,1.00000000,1
1507022208,22694552,44.60,0.12000000,1
1507021860,22694250,44.60,9.00000000,1
1507021723,22694162,44.71,0.12000000,0
1507021713,22694153,44.71,1.88023000,0
1507021711,22694152,44.69,0.12000000,0
1507021685,22694143,44.61,1.21286610,0
1507021685,22694142,44.61,10.78713390,1
1507021258,22693961,44.59,0.12000000,0
1507021051,22693849,44.64,3.09946237,0
1507020973,22693822,44.63,2.23504369,1
1507020920,22693786,44.65,3.87905935,0
1507020918,22693784,44.59,0.12000000,0
1507020881,22693772,44.50,1.00000000,1
1507020881,22693771,44.50,5.00000000,1
1507020813,22693731,44.54,3.35922766,1
1507020795,22693725,44.68,1.11481647,1
1507020795,22693724,44.59,1.00000000,1
1507020793,22693723,44.59,0.12000000,0
1507020777,22693715,44.55,39.00000000,0
1507020383,22693422,44.54,12.32420297,1
1507020322,22693366,44.69,6.01585099,0
1507020322,22693364,44.69,0.12000000,0
1507020306,22693351,44.68,5.70263400,0
1507020281,22693306,44.53,1.63558030,1
1507020281,22693305,44.55,0.12000000,1
1507020281,22693303,44.75,8.84441970,1
1507020281,22693300,44.75,2.80231300,1
1507020280,22693299,44.75,21.82368800,1
1507020280,22693298,44.75,48.35326700,1
1507020280,22693297,44.77,8.84442000,1
1507020280,22693295,44.77,0.15558000,0
1507020278,22693293,44.71,2.64000000,0
1507020278,22693292,44.69,0.12000000,0
1507020277,22693291,44.59,0.12000000,0
1507020260,22693272,44.68,0.67270962,0
1507020249,22693266,44.69,8.88000000,0
1507020248,22693265,44.69,0.12000000,0
1507020238,22693246,44.65,9.00000000,0
1507020235,22693244,44.65,7.51444261,0
1507020233,22693243,44.59,3.54000000,1
1507020233,22693242,44.59,0.12000000,0
1507020222,22693235,44.58,9.00000000,0
1507020212,22693223,44.57,9.00000000,1
1507019946,22692917,44.60,0.34099971,0
1507019938,22692905,44.58,2.79916555,1
1507019924,22692881,44.57,0.45905023,0
1507019809,22692791,44.41,35.39000000,1
1507019795,22692774,44.41,38.00000000,1
1507019747,22692758,44.59,0.99841220,0
1507019747,22692757,44.59,0.12000000,0
1507019719,22692719,44.57,6.04262957,0
1507019587,22692601,44.33,11.34080000,1
1507019556,22692560,44.43,3.69773890,1
1507019548,22692554,44.43,0.00315440,0
1507019499,22692516,44.42,2.44664000,0
1507019478,22692503,44.41,9.94461320,1
1507019475,22692500,44.42,36.71000000,1
1507019437,22692488,44.47,4.50211560,1
1507019430,22692484,44.47,6.82250000,1
1507019429,22692483,44.48,4.51000000,1
1507019379,22692407,44.44,40.42140000,0
1507019378,22692405,44.47,4.50000000,1
1507019369,22692398,44.48,7.49625000,1
1507019368,22692397,44.53,42.31800999,0
1507019368,22692396,44.53,10.13000000,0
1507019354,22692390,44.47,56.90000000,1
1507019349,22692389,44.50,0.71730337,0
1507019345,22692387,44.48,6.86787000,1
1507019338,22692378,44.51,76.82475848,1
1507019337,22692377,44.50,2.50000000,0
1507019337,22692376,44.50,12.18000000,0
1507019337,22692375,44.49,0.12000000,0
1507019337,22692374,44.48,11.59859650,0
1507019335,22692373,44.47,53.79000000,0
1507019291,22692340,44.45,7.00207000,0
1507019289,22692339,44.34,0.00393000,0
1507019225,22692307,44.21,0.93685360,1
1507019225,22692306,44.21,10.56014640,1
1507019224,22692305,44.21,1.00000000,1
1507019177,22692288,44.33,1.12497180,0
1507019151,22692277,44.32,53.98110000,1
1507019119,22692261,44.31,1.31986000,1
1507019082,22692233,44.40,5.61650000,1
1507019040,22692206,44.28,14.28560000,1
1507018981,22692146,44.28,15.60950000,1
1507018960,22692099,44.28,9.18416000,1
1507018871,22692012,44.28,1.91669000,1
1507018861,22692004,44.28,2.09339000,1
1507018859,22692003,44.35,0.67463360,0
1507018755,22691946,44.28,0.11269196,0
1507018731,22691942,44.20,28.00000000,1
1507018728,22691937,44.28,4.00812500,0
1507018700,22691931,44.23,0.79137000,0
1507018699,22691928,44.27,3.04184549,1
1507018664,22691911,44.27,2.08000000,1
1507018662,22691905,44.27,13.92000000,0
1507018606,22691882,44.26,1.27070710,0
1507018534,22691815,44.17,0.11297261,0
1507018489,22691691,44.06,64.44211811,0
1507018484,22691681,44.06,5.01793009,0
1507018452,22691613,44.06,28.55351300,0
1507018438,22691578,44.06,0.11325465,0
1507018428,22691561,44.06,16.28609900,0
1507018428,22691560,44.04,2.53000000,0
1507018412,22691532,44.00,0.00000019,0
1507018411,22691530,44.01,33.99999981,0
1507018410,22691528,44.01,1.00000000,1
1507018348,22691483,44.06,0.11325465,0
1507018196,22691350,44.05,14.49200000,0
1507018175,22691344,44.06,1.41260000,0
1507018041,22691222,44.09,0.22635518,0
1507018005,22691209,44.08,0.50000000,0
1507017990,22691204,44.09,8.78208891,0
1507017990,22691203,44.09,2.53000000,0
1507017819,22691035,44.05,0.13719765,1
1507017679,22690922,44.15,10.18390000,0
1507017663,22690897,44.16,10.75252250,0
1507017663,22690895,44.15,7.30602050,0
1507017663,22690894,44.10,43.50149500,0
1507017662,22690890,44.10,31.79447100,0
1507017662,22690887,44.10,20.70403400,0
1507017661,22690886,44.10,10.00000000,0
1507017660,22690884,44.10,9.00000000,0
1507017656,22690883,44.11,1.00000000,1
1507017630,22690854,44.16,4.78500000,0
1507017628,22690852,44.16,4.78500000,0
1507017628,22690851,44.16,50.64675200,0
1507017628,22690850,44.15,21.27000000,0
1507017573,22690780,44.16,1.59450200,0
1507017530,22690761,44.11,4.50000000,0
1507017528,22690758,44.11,1.63936000,0
1507017527,22690755,44.11,4.79528000,0
1507017510,22690746,44.11,1.00000000,1
1507017430,22690715,44.21,0.04090000,0
1507017430,22690714,44.20,58.45000000,0
1507017424,22690710,44.20,1.00000000,1
1507017416,22690708,44.21,1.00000000,1
1507017410,22690706,44.22,1.47000000,0
1507017395,22690695,44.24,1.46676400,0
1507017395,22690694,44.22,9.99999096,1
1507017383,22690689,44.26,10.00000000,0
1507017379,22690687,44.27,26.50000000,1
1507017377,22690684,44.27,1.00000000,1
1507017369,22690664,44.26,59.44000000,0
1507017345,22690641,44.24,0.44880859,0
1507017342,22690640,44.24,156.55119141,1
1507017316,22690612,44.30,0.90067720,0
1507017276,22690542,44.30,6.77196000,0
1507017078,22690428,44.40,5.00000000,1
1507017051,22690419,44.40,17.44000000,1
1507017050,22690418,44.40,17.56000000,0
1507016600,22690092,44.23,56.20804657,1
1507016599,22690091,44.23,11.47000000,0
1507016590,22690087,44.21,0.22574078,0
1507016495,22690025,44.01,0.00000522,0
1507016487,22690018,44.01,95.24847723,0
1507016486,22690010,44.01,26.52396600,0
1507016485,22690000,44.01,122.50737900,0
1507016466,22689983,44.00,5.84253578,0
1507016448,22689975,44.00,3.34746422,0
1507016448,22689974,44.00,5.84253578,0
1507016438,22689968,44.01,1.55727700,0
1507016430,22689964,44.00,10.92000000,0
1507016429,22689963,44.00,7.60920727,0
1507016424,22689951,44.00,18.13400000,0
1507016420,22689949,44.00,24.52300000,0
1507016416,22689946,44.00,14.53699200,0
1507016352,22689911,44.00,6.00077400,0
1507016319,22689899,44.00,3.25300000,1
1507016315,22689898,44.01,0.75400000,0
1507016314,22689896,44.01,11.43644800,0
1507016250,22689862,44.00,21.25000000,1
1507016247,22689853,44.01,1.00000000,1
1507016120,22689755,44.14,30.88844797,0
1507016120,22689754,44.13,14.72000000,0
1507016120,22689753,44.12,19.19475130,0
1507016028,22689692,44.11,0.33756700,1
1507015910,22689616,44.11,1.00000000,1
1507015896,22689602,44.09,0.22635518,0
1507015854,22689578,44.06,2.26395824,0
1507015814,22689558,44.08,0.22640653,0
1507015806,22689552,44.07,1.19455400,0
1507015806,22689551,44.06,17.67000000,0
1507015585,22689407,43.87,0.00000100,0
1507015579,22689404,43.87,3.28503000,0
1507015578,22689403,43.88,9.21496900,1
1507015519,22689357,43.77,83.15767650,1
1507015519,22689356,43.80,0.70000000,1
1507015519,22689355,43.81,1.00000000,1
1507015518,22689354,43.82,2.00000000,1
1507015518,22689352,43.89,0.15558000,1
1507015518,22689351,43.89,4.50000000,1
1507015518,22689350,43.90,0.21350000,1
1507015517,22689348,43.91,4.65000000,0
1507015517,22689347,43.91,1.00000000,1
1507015517,22689346,43.93,23.25000000,0
1507015517,22689345,43.94,10.49413340,0
1507015516,22689344,44.00,0.11386364,1
1507015516,22689343,44.01,82.41169829,1
1507015516,22689342,44.01,1.00000000,1
1507015514,22689341,44.02,1.28000000,1
1507015502,22689324,44.02,2.12000000,1
1507015501,22689322,44.03,2.12667272,0
1507015421,22689228,44.03,0.22666364,0
1507015397,22689220,44.01,107.04300000,1
1507015397,22689219,44.01,1.00000000,1
1507015376,22689215,44.03,0.22666364,0
1507015249,22689149,44.01,1.00000000,1
1507015234,22689136,44.06,0.09872900,0
1507015233,22689134,44.01,2.51000000,0
1507015176,22689081,43.98,0.22692133,0
1507015166,22689074,43.96,15.05210135,0
1507015166,22689073,43.95,6.37823465,0
1507015141,22689050,43.95,9.72772469,0
1507015141,22689049,43.94,1.87000000,0
1507015119,22689026,43.91,1.00000000,1
1507015119,22689025,43.93,11.37800000,1
1507015110,22689017,43.94,1.47152200,1
1507015108,22689015,43.94,3.52847800,1
1507014968,22688882,43.92,6.21936000,0
1507014952,22688855,43.92,7.35232000,0
1507014876,22688724,44.00,7.70800000,1
1507014875,22688723,44.00,0.25000000,1
1507014875,22688721,44.00,10.00000000,1
1507014875,22688717,44.00,15.00000000,1
1507014875,22688716,44.00,0.88732159,1
1507014875,22688714,44.00,2.00000000,1
1507014875,22688713,44.00,50.00000000,1
1507014875,22688712,44.00,0.40000000,1
1507014875,22688710,44.00,9.00000000,1
1507014874,22688709,44.00,1.00000000,1
1507014874,22688706,44.00,1.80271350,1
1507014870,22688689,44.01,1.00000000,1
1507014870,22688688,44.01,83.43000000,1
1507014863,22688680,44.02,5.00000000,1
1507014763,22688536,44.01,10.57000000,1
1507014763,22688535,44.01,50.00000000,1
1507014763,22688534,44.01,1.00000000,1
1507014761,22688530,44.02,37.00000000,1
1507014706,22688446,44.06,5.00000000,1
1507014684,22688427,44.06,3.00000000,1
1507014650,22688388,44.11,1.00000000,1
1507014645,22688386,44.12,8.74546690,1
1507014572,22688323,44.18,6.79500000,0
1507014465,22687990,44.18,5.00000000,1
1507014460,22687986,44.20,0.45381668,0
1507014434,22687960,44.20,2.25633484,0
1507014392,22687940,44.18,0.22589407,0
1507014356,22687919,44.18,1.27576000,1
1507014355,22687918,44.20,4.12409240,0
1507014355,22687917,44.19,2.38755656,0
1507014354,22687916,44.19,2.30995475,0
1507014328,22687900,44.16,1.00000000,0
1507014103,22687786,44.17,3.38736699,0
1507013997,22687717,44.12,9.71639000,0
1507013996,22687713,44.12,2.58264000,0
1507013987,22687695,44.11,1.00000000,1
1507013933,22687660,44.19,0.22584295,0
1507013910,22687653,44.20,0.41800100,0
1507013901,22687650,44.06,3.72000000,1
1507013871,22687641,44.03,1.03371155,1
1507013871,22687640,44.03,0.12000000,1
1507013871,22687639,44.04,2.00000000,1
1507013871,22687638,44.05,2.00000000,1
1507013871,22687637,44.08,29.03196492,1
1507013871,22687636,44.10,0.04503377,1
1507013870,22687635,44.10,0.07496623,1
1507013870,22687634,44.10,29.86332587,1
1507013870,22687633,44.11,1.00000000,1
1507013849,22687630,44.20,3.47000000,0
1507013826,22687622,44.20,22.56787330,0
1507013786,22687611,44.20,22.59000000,0
1507013763,22687599,44.20,4.68369000,0
1507013549,22687480,44.20,1.54900000,0
1507013541,22687467,44.20,2.14592760,0
1507013531,22687452,44.20,8.26799600,0
1507013519,22687445,44.20,2.30995475,0
1507013519,22687443,44.20,11.18375300,0
1507013494,22687429,44.20,15.53914027,0
1507013494,22687427,44.20,2.31606334,0
1507013484,22687425,44.20,2.31538461,0
1507013470,22687419,44.20,2.31538461,0
1507013468,22687416,44.20,4.63122171,0
1507013451,22687397,44.20,60.98800904,0
1507013407,22687375,44.20,13.13574661,0
1507013356,22687366,44.20,1.00000000,0
1507013348,22687352,44.12,26.50000000,0
1507013346,22687351,44.12,5.00000000,1
1507013288,22687341,44.20,1.00000000,0
1507013280,22687337,44.26,0.22548577,0
1507013224,22687302,44.26,2.43267397,0
1507013199,22687288,44.26,3.60000000,0
1507013185,22687279,44.27,6.25458600,0
1507013182,22687274,44.27,2.84703500,0
1507013176,22687268,44.20,23.40261900,1
1507013165,22687253,44.20,1.60994900,0
1507013165,22687252,44.20,8.90735000,0
1507013164,22687251,44.20,66.05990800,0
1507013164,22687250,44.20,19.66797100,0
1507013164,22687249,44.20,23.86950200,0
1507013155,22687242,44.12,5.00000000,1
1507013152,22687238,44.21,1.00000000,1
1507013147,22687228,44.23,2.97565833,1
1507013142,22687226,44.27,20.72249800,0
1507013133,22687221,44.32,0.12000000,1
1507013129,22687216,44.31,1.00000000,1
1507013123,22687211,44.40,5.00000000,1
1507013123,22687210,44.41,1.00000000,1
1507012982,22687125,44.50,4.74900000,0
1507012982,22687124,44.50,0.12000000,0
1507012982,22687123,44.50,0.12000000,0
1507012974,22687105,44.47,12.70999500,0
1507012954,22687090,44.48,4.80888364,0
1507012932,22687078,44.48,0.12000000,0
1507012932,22687077,44.48,0.12000000,0
1507012932,22687076,44.47,0.12000000,0
1507012932,22687075,44.46,0.12000000,0
1507012932,22687074,44.42,0.04503377,0
1507012852,22687030,44.42,0.07496623,0
1507012850,22687029,44.40,0.12000000,0
1507012850,22687028,44.40,0.02968469,0
1507012826,22686965,44.40,0.09031531,0
1507012826,22686964,44.35,0.12000000,0
1507012824,22686963,44.30,0.01458240,0
1507012795,22686954,44.30,0.10541760,0
1507012793,22686952,44.25,0.12000000,0
1507012726,22686905,44.20,0.00000521,0
1507012722,22686900,44.20,22.66139676,0
1507012703,22686873,44.20,6.75000000,0
1507012694,22686861,44.20,7.63986049,0
1507012694,22686860,44.19,0.69000000,0
1507012684,22686843,44.20,17.96928500,0
1507012677,22686839,44.20,1.56311700,0
1507012667,22686834,44.20,2.19433800,0
1507012629,22686802,44.20,6.60994900,0
1507012617,22686792,44.20,47.39751131,0
1507012456,22686642,44.20,0.22579186,0
1507012406,22686622,44.10,0.47454555,1
1507012405,22686620,44.11,1.00000000,1
1507012405,22686618,44.12,4.26085710,1
1507012403,22686612,44.13,4.26459735,1
1507012309,22686573,44.20,29.75973312,0
1507012301,22686566,44.20,64.64073475,0
1507012228,22686539,44.21,1.00000000,1
1507012228,22686538,44.37,0.22492675,1
1507012202,22686525,44.13,0.73540265,1
1507012200,22686524,44.21,1.00000000,1
1507012144,22686488,44.31,1.00000000,1
1507012000,22686408,44.12,0.73914290,1
1507012000,22686407,44.12,0.12000000,1
1507012000,22686406,44.13,3.14085710,1
1507012000,22686405,44.21,1.00000000,1
1507011999,22686404,44.22,5.00000000,1
1507011953,22686377,44.31,1.00000000,1
1507011892,22686334,44.31,1.00000000,1
1507011696,22686228,44.38,1.29157278,0
1507011695,22686226,44.37,0.12000000,0
1507011695,22686223,44.35,0.12000000,0
1507011694,22686217,44.34,0.12000000,0
1507011694,22686216,44.31,0.12000000,0
1507011694,22686215,44.31,0.12000000,0
1507011693,22686214,44.30,0.12000000,0
1507011693,22686212,44.29,0.12000000,0
1507011691,22686211,44.28,0.12000000,0
1507011627,22686162,44.28,225.00000000,0
1507011623,22686149,44.27,11.22000000,0
1507011607,22686115,44.27,0.57558617,1
1507011603,22686113,44.27,11.42441383,0
1507011595,22686094,44.27,2.01558617,1
1507011594,22686093,44.26,0.12000000,0
1507011594,22686092,44.25,0.12000000,0
1507011558,22686022,44.21,1.00000000,1
1507011557,22686019,44.22,2.69117000,0
1507011491,22685979,44.23,0.10563871,0
1507011491,22685978,44.23,0.12000000,0
1507011407,22685848,44.20,0.12000000,1
1507011407,22685847,44.21,1.00000000,1
1507011402,22685845,44.22,5.00000000,1
1507011371,22685820,44.26,29.76810000,0
1507011365,22685813,44.31,0.04160000,0
1507011365,22685812,44.30,59.45000000,0
1507011352,22685783,44.27,5.00000000,1
1507011341,22685749,44.29,0.77438446,1
1507011341,22685748,44.29,0.12000000,1
1507011341,22685746,44.30,1.00000000,1
1507011337,22685741,44.31,1.00000000,1
1507011337,22685740,44.32,20.00000000,1
1507011336,22685739,44.33,15.14000000,1
1507011335,22685729,44.33,22.00000000,1
1507011312,22685713,44.36,4.42473000,0
1507011286,22685688,44.38,3.42080000,0
1507011277,22685675,44.36,0.12000000,1
1507011263,22685651,44.41,1.00000000,1
1507011260,22685635,44.42,20.00000000,1
1507011239,22685603,44.46,15.81900000,0
1507011205,22685571,44.50,3.88909930,0
1507011204,22685570,44.50,6.44429000,0
1507011191,22685561,44.54,10.02828400,0
1507011161,22685547,44.55,0.12000000,0
1507011148,22685540,44.56,0.12000000,0
1507011085,22685508,44.63,1.63880797,0
1507011085,22685507,44.58,0.12000000,0
1507011084,22685506,44.54,0.12000000,0
1507011084,22685504,44.50,0.12000000,0
1507011084,22685502,44.48,0.12000000,0
1507011082,22685499,44.47,0.12000000,0
1507010901,22685339,44.44,8.32522550,0
1507010900,22685338,44.48,4.72528504,1
1507010900,22685337,44.48,0.20459000,1
1507010900,22685336,44.48,17.56000000,0
1507010899,22685335,44.49,17.56000000,1
1507010899,22685334,44.49,7.18104222,1
1507010325,22684963,44.70,19.45905453,0
1507010325,22684962,44.68,18.13094547,0
1507010325,22684961,44.67,2.41000000,0
1507010119,22684832,44.38,8.68338564,1
1507010117,22684831,44.41,1.00000000,1
1507010112,22684830,44.58,4.47510094,1
1507010004,22684791,44.54,0.00653030,0
1507010003,22684790,44.53,9.32438970,0
1507009966,22684767,44.52,9.39143000,0
1507009915,22684736,44.54,1.95712100,0
1507009913,22684733,44.55,2.56407300,0
1507009908,22684729,44.55,11.26592195,0
1507009908,22684728,44.45,2.56407305,0
1507009830,22684682,44.51,1.00000000,1
1507009658,22684555,44.54,5.98922317,1
1507009656,22684553,44.51,16.44000000,0
1507009629,22684503,44.54,0.22406825,0
1507009623,22684489,44.36,27.26645650,1
1507009623,22684487,44.41,1.00000000,1
1507009614,22684454,44.50,6.43592700,0
1507009593,22684397,44.51,1.00000000,1
1507009571,22684232,44.58,11.21300000,0
1507009558,22684159,44.59,23.92535300,0
1507009555,22684138,44.59,0.22381700,0
1507009553,22684135,44.59,28.80970800,0
1507009551,22684121,44.29,27.46359301,0
1507009551,22684120,44.29,6.80814000,0
1507009551,22684118,44.29,5.72537700,0
1507009551,22684117,44.29,5.20971700,0
1507009550,22684116,44.29,7.14566500,0
1507009550,22684114,44.29,2.68053300,0
1507009550,22684112,44.29,6.68123500,0
1507009549,22684105,44.35,1.88573999,0
1507009548,22684084,44.64,2.69000000,0
1507009546,22684068,44.28,10.00000000,1
1507009545,22684067,44.28,420.97153315,1
1507009545,22684064,44.30,119.00000000,1
1507009545,22684062,44.31,1.00000000,1
1507009545,22684058,44.40,2.00000000,1
1507009544,22684056,44.41,1.00000000,1
1507009544,22684055,44.43,0.36011073,1
1507009544,22684054,44.43,6.60345740,0
1507009543,22684053,44.45,4.95000000,1
1507009543,22684052,44.50,0.25000000,1
1507009543,22684051,44.50,30.91854853,1
1507009543,22684050,44.50,0.52000000,1
1507009542,22684049,44.50,0.50000000,1
1507009542,22684048,44.50,1.00000000,1
1507009542,22684047,44.51,1.00000000,1
1507009542,22684046,44.53,32.22635019,1
1507009541,22684045,44.55,24.70000000,1
1507009541,22684042,44.60,1.07808960,1
1507009541,22684041,44.60,4.46095520,1
1507009541,22684040,44.60,4.46095520,1
1507009536,22684024,44.61,1.00000000,1
1507009523,22683994,44.71,11.06639839,1
1507009519,22683985,44.71,1.00000000,1
1507009514,22683983,44.73,27.08960000,0
1507009512,22683982,44.74,37.92650000,0
1507009502,22683945,44.78,0.55600200,0
1507009498,22683923,44.74,18.13094521,1
1507009487,22683856,44.82,10.64000000,1
1507009487,22683852,44.82,14.36000000,0
1507009478,22683761,44.79,2.05535560,1
1507009460,22683688,44.81,0.12000000,1
1507009460,22683687,44.81,1.00000000,1
1507009460,22683686,44.82,0.12000000,1
1507009460,22683685,44.83,0.12000000,1
1507009440,22683681,44.84,4.00000000,1
1507009439,22683679,44.85,8.00000000,1
1507009408,22683659,44.89,0.16536541,0
1507009407,22683658,44.89,0.25000000,1
1507009407,22683657,44.89,4.00000000,1
1507008986,22683485,44.91,1.00000000,1
1507008985,22683484,44.92,4.14433000,0
1507008981,22683481,44.92,0.12000000,1
1507008981,22683480,44.92,3.62500000,1
1507008865,22683420,44.93,0.12000000,1
1507008863,22683418,44.94,7.00000000,0
1507008861,22683417,44.94,0.12000000,1
1507008860,22683416,44.95,0.22202447,0
1507008850,22683415,44.95,0.12000000,1
1507008850,22683414,44.95,6.65027809,1
1507008848,22683413,44.96,0.12000000,1
1507008836,22683411,44.97,8.38000000,0
1507008834,22683410,44.97,0.12000000,1
1507008834,22683409,44.97,0.26958000,1
1507008834,22683408,44.97,7.99523300,1
1507008832,22683388,44.98,0.23000000,0
1507008828,22683384,44.98,0.11093819,0
1507008823,22683383,44.98,0.12000000,1
1507008693,22683338,45.00,1.00000000,1
1507008693,22683337,45.00,39.34700000,1
1507008692,22683336,45.00,0.66500000,1
1507008692,22683335,45.00,2.50000000,1
1507008692,22683334,45.00,0.25000000,1
1507008692,22683333,45.00,15.54000000,1
1507008692,22683332,45.00,0.22222222,1
1507008692,22683331,45.00,11.20093751,1
1507008619,22683307,45.00,27.44221013,1
1507008619,22683306,45.01,0.79872289,1
1507008609,22683295,45.00,8.92311089,1
1507008512,22683238,45.13,0.00823250,0
1507008512,22683237,45.12,11.69386750,0
1507008426,22683175,45.00,2.00000000,1
1507008425,22683170,45.00,7.43374147,1
1507008425,22683169,45.00,2.00000000,1
1507008425,22683168,45.00,1.00000000,1
1507008424,22683167,45.00,5.00000000,1
1507008424,22683166,45.00,0.52000000,1
1507008424,22683165,45.00,1.61713440,1
1507008424,22683164,45.00,3.38286560,1
1507008424,22683163,45.00,1.00000000,1
1507008424,22683162,45.01,1.00000000,1
1507008424,22683161,45.02,50.00000000,1
1507008424,22683160,45.04,32.80000000,1
1507008423,22683159,45.05,52.32000000,1
1507008423,22683158,45.05,42.00000000,1
1507007637,22682388,45.35,0.12000000,0
1507007633,22682386,45.34,0.12000000,0
1507007421,22682350,45.33,0.12000000,0
1507006990,22682270,45.29,0.12000000,0
1507006976,22682258,45.28,0.12000000,0
1507006888,22682243,45.27,0.12000000,0
1507005020,22681874,45.25,6.23085000,1
1507002906,22681425,45.32,0.12000000,0
1507002905,22681424,45.31,0.12000000,0
1507002642,22681403,45.31,0.12000000,0
1507002636,22681402,45.30,0.12000000,0
1507002600,22681392,45.29,8.90000000,1
1507002110,22681316,45.30,0.00000344,1
1507002003,22681305,45.30,0.36298000,1
1506995795,22679874,45.44,7.92903600,1
1506994290,22679438,45.36,2.41887125,0
1506992365,22678956,45.15,9.74000000,1
1506992364,22678955,45.14,17.63000000,1
1506990310,22678499,45.36,2.13966100,0
1506989206,22678218,45.29,2.33706000,1
