date,tid,price,amount,type
1507075047,22731217,52.04,3.93398000,1
1507075002,22731194,52.05,14.58067304,1
1507074993,22731181,52.14,11.99999500,0
1507074019,22730914,52.07,1.50000000,0
1507072342,22730495,52.00,2.05903846,0
1507071643,22730235,51.88,1.64000000,1
1507071604,22730224,51.90,57.20322600,0
1507071601,22730220,51.90,1.64858900,0
1507071600,22730219,51.90,39.99959644,0
1507071599,22730218,51.90,1.50000000,0
1507071257,22730114,52.00,4.90090090,1
1507071256,22730113,52.00,1.09909910,0
1507070745,22729900,51.87,2.25000000,0
1507070740,22729898,51.87,0.25000000,0
1507070737,22729897,51.87,0.25000000,0
1507070735,22729894,51.88,0.25000000,0
1507069090,22729383,51.75,1.00000000,1
1507069049,22729367,51.76,6.00000000,1
1507069012,22729340,51.75,6.63664008,1
1507069012,22729339,51.77,1.11335992,1
1507069010,22729338,51.78,1.25000000,1
1507068874,22729265,51.75,28.33235294,1
1507068874,22729264,51.77,1.25000000,1
1507068279,22729039,51.75,52.39200000,1
1507068187,22729011,51.92,0.94017287,0
1507068155,22728997,51.76,7.25000000,1
1507068129,22728989,51.78,1.25000000,1
1507068129,22728988,51.79,0.03356000,1
1507068123,22728984,51.79,0.18056000,1
1507068122,22728983,51.79,0.21412000,1
1507068122,22728982,51.79,0.21412000,1
1507068122,22728981,51.79,0.21412000,1
1507068122,22728979,51.79,0.21412000,1
1507068122,22728977,51.79,0.21412000,1
1507068122,22728975,51.79,0.21412000,1
1507068122,22728974,51.79,0.21412000,1
1507068121,22728973,51.79,0.21412000,1
1507068121,22728972,51.79,0.21412000,1
1507068121,22728971,51.79,0.21412000,1
1507068121,22728970,51.79,0.21412000,1
1507068121,22728969,51.79,0.21412000,1
1507067948,22728880,51.82,10.83220000,0
1507066433,22728188,51.86,22.92431078,1
1507066385,22728178,51.83,0.25000000,1
1507066383,22728175,51.83,0.75000000,1
1507066382,22728174,51.83,0.25000000,1
1507066380,22728173,51.79,1.00000000,0
1507066379,22728172,51.79,0.25000000,0
1507066378,22728170,51.79,1.00000000,0
1507066378,22728168,51.79,0.25000000,0
1507066377,22728167,51.79,1.00000000,0
1507066376,22728166,51.79,0.25000000,0
1507066376,22728165,51.82,0.50000000,1
1507066375,22728164,51.83,0.50000000,1
1507066374,22728163,51.78,0.25000000,0
1507066373,22728161,51.78,0.50000000,0
1507066372,22728160,51.78,50.00000000,1
1507066372,22728159,51.82,0.75000000,1
1507066372,22728158,51.82,0.50000000,1
1507066369,22728154,51.81,0.75000000,0
1507066367,22728153,51.81,1.25000000,1
1507065982,22728024,51.81,3.80000000,1
1507065688,22727879,51.78,1.00000000,0
1507065188,22727679,51.95,2.99955436,0
1507065186,22727678,51.75,0.00044564,0
1507065175,22727670,51.75,10.88872402,0
1507065172,22727669,51.80,1.00000000,1
1507064890,22727543,51.90,6.71221580,1
1507064890,22727542,51.90,16.14000000,0
1507064850,22727532,51.80,1.50000000,0
1507064803,22727514,51.80,5.00000000,0
1507064669,22727485,51.80,0.25000000,0
1507064665,22727484,51.80,0.25000000,0
1507064624,22727478,51.80,3.00000000,0
1507064487,22727382,51.80,4.76000000,1
1507064433,22727181,51.88,4.87177829,1
1507064432,22727173,51.88,4.49000000,1
1507064431,22727167,51.88,0.88822171,0
1507064430,22727165,51.88,2.05000000,0
1507064430,22727163,51.88,7.31177829,0
1507064429,22727148,51.86,10.21288083,1
1507064427,22727144,51.80,9.31060505,0
1507064270,22726855,51.74,17.11120000,0
1507064239,22726849,51.74,3.89352468,0
1507063330,22726544,51.74,0.25000000,0
1507063327,22726541,51.73,0.25000000,0
1507063325,22726535,51.74,0.25000000,0
1507063318,22726528,51.74,0.25000000,0
1507063014,22726337,51.52,1.58400000,1
1507062965,22726242,51.72,28.69560773,1
1507062965,22726241,51.72,2.00000000,1
1507062953,22726230,51.69,1.69042000,0
1507062731,22726076,51.66,0.14107700,0
1507062646,22726011,51.69,12.77368700,0
1507062577,22725966,51.69,0.38020000,0
1507062511,22725943,51.66,9.23601200,0
1507062437,22725914,51.70,3.72983404,0
1507062357,22725894,51.70,1.80730424,0
1507062324,22725882,51.71,6.50258526,0
1507062324,22725881,51.71,4.64557670,0
1507062293,22725863,51.72,10.12910003,0
1507062293,22725862,51.67,17.50000000,0
1507062218,22725791,51.66,2.74448315,0
1507062198,22725776,51.64,2.06598120,0
1507062198,22725775,51.64,1.93185944,0
1507062197,22725774,51.64,13.26069596,0
1507062101,22725751,51.36,84.01842263,0
1507062101,22725750,51.39,112.00000000,1
1507062101,22725749,51.45,39.98278571,1
1507062101,22725748,51.45,108.00000000,0
1507062100,22725747,51.46,119.00000000,1
1507062100,22725746,51.52,123.00000000,1
1507062100,22725745,51.53,2.65000000,1
1507062099,22725744,51.56,16.37767920,1
1507062099,22725743,51.56,24.12400000,1
1507062099,22725742,51.57,110.00000000,1
1507062099,22725741,51.60,13.26000000,1
1507062098,22725740,51.61,33.88000000,0
1507062097,22725739,51.61,78.40711246,1
1507062043,22725725,51.66,1.19000000,1
1507061940,22725703,51.88,2.90000000,0
1507061698,22725636,51.74,16.90429727,1
1507061587,22725590,51.59,8.50297908,1
1507061410,22725478,51.60,9.55900000,1
1507060810,22725182,51.87,0.44121502,0
1507060796,22725164,51.91,20.43071667,0
1507060796,22725163,51.87,78.40711246,0
1507060252,22724946,51.67,1.53800072,0
1507060248,22724942,51.73,13.91599234,1
1507060247,22724941,51.66,17.63999990,0
1507060042,22724788,51.46,14.82779409,1
1507060042,22724787,51.54,12.78480595,1
1507060042,22724786,51.56,12.78520000,1
1507060035,22724784,51.53,12.78522631,0
1507060033,22724783,51.54,7.11177369,1
1507060004,22724776,51.54,20.00000000,1
1507059989,22724773,51.54,20.00000000,1
1507059988,22724771,51.54,20.00000000,1
1507059973,22724756,51.54,20.00000000,1
1507059971,22724755,51.54,20.00000000,1
1507059956,22724749,51.54,0.10000000,1
1507059956,22724748,51.54,1.31526731,1
1507059954,22724747,51.59,18.68473269,0
1507059953,22724746,51.54,15.47295900,1
1507059953,22724745,51.58,4.52704100,1
1507059898,22724717,51.77,18.68473269,1
1507059808,22724681,51.76,3.72650000,0
1507059580,22724529,51.60,13.96429202,0
1507059579,22724528,51.60,19.38740310,0
1507059567,22724508,51.60,0.75000000,0
1507059560,22724496,51.60,0.80000000,0
1507059557,22724492,51.60,12.92320000,0
1507059556,22724491,51.60,1.00000000,0
1507059556,22724488,51.60,0.50000000,0
1507059553,22724485,51.60,0.75000000,0
1507059553,22724484,51.60,0.80000000,0
1507059549,22724475,51.60,1.23864575,0
1507059547,22724470,51.60,0.80000000,0
1507059546,22724469,51.60,0.75000000,0
1507059541,22724456,51.60,1.00000000,0
1507059539,22724445,51.60,0.80000000,0
1507059535,22724436,51.60,22.93611400,0
1507059534,22724433,51.60,1.66388600,0
1507059528,22724420,51.60,71.98697103,0
1507059527,22724418,51.62,3.24000000,1
1507059527,22724417,51.62,16.21000000,1
1507059527,22724416,51.73,6.24248810,1
1507059527,22724415,51.73,146.40200000,1
1507059527,22724414,51.76,58.94000000,1
1507059527,22724413,51.77,25.91500000,1
1507059494,22724362,51.88,6.21001379,0
1507059467,22724321,51.96,0.09646800,1
1507058254,22723653,51.98,12.39998214,0
1507058254,22723652,51.97,5.15778334,0
1507058169,22723557,51.98,0.71100000,0
1507058037,22723438,51.88,27.47500000,1
1507057602,22723100,52.12,40.00000000,0
1507057380,22722900,52.11,8.22572149,0
1507057377,22722898,52.11,31.77427851,0
1507057287,22722872,52.12,19.00275691,0
1507057287,22722871,52.11,5.61074309,0
1507057212,22722777,52.11,8.80000000,1
1507057212,22722775,52.11,14.26000000,1
1507057207,22722770,52.11,16.94000000,0
1507057150,22722731,52.10,0.15546449,0
1507056092,22721986,51.94,10.00000000,0
1507054884,22721212,52.13,6.12511800,1
1507054840,22721188,52.13,30.50000000,1
1507054825,22721182,52.13,0.72534200,1
1507054823,22721180,52.13,1.14954000,1
1507054814,22721171,52.13,2.31371700,1
1507054811,22721170,52.13,14.21000000,0
1507054811,22721169,51.88,7.28320696,0
1507054809,22721168,51.88,17.66700000,0
1507054792,22721159,51.88,1.50000000,0
1507054791,22721157,51.88,20.82922127,0
1507054757,22721130,51.88,9.04729200,0
1507054753,22721125,51.88,6.33597500,0
1507054749,22721124,51.88,1.50000000,0
1507054749,22721123,51.88,12.37500000,0
1507054748,22721121,51.88,23.43566200,0
1507054719,22721105,51.88,1.50000000,0
1507054713,22721104,51.88,1.50000000,0
1507054706,22721095,51.88,0.09599075,0
1507054688,22721079,51.85,46.00000000,0
1507054687,22721075,51.85,1.50000000,0
1507054667,22721063,51.85,1.50000000,0
1507054618,22721046,51.85,1.00000000,0
1507054618,22721045,51.84,0.50000000,1
1507054598,22721033,51.84,0.50000000,1
1507054586,22721001,51.84,0.50000000,1
1507053769,22720536,51.85,0.22612000,0
1507053647,22720457,51.87,20.66630000,1
1507053543,22720384,51.87,15.76000000,1
1507052948,22720081,51.86,4.19286732,1
1507052551,22719876,51.71,0.21369368,0
1507052551,22719875,51.70,0.82300000,0
1507051487,22719237,51.51,0.10000000,1
1507051456,22719216,51.71,0.09630632,0
1507051451,22719213,51.51,1.80000000,1
1507051354,22719152,51.70,14.14255319,0
1507051210,22719056,51.61,3.57370000,1
1507051204,22719050,51.60,9.85820617,0
1507051049,22718961,51.58,36.29496191,0
1507050819,22718853,51.43,21.12000000,1
1507050684,22718769,51.41,2.24000000,1
1507050667,22718759,51.63,3.27614651,0
1507050631,22718749,51.44,0.99900000,0
1507050107,22718355,51.62,0.75600000,0
1507049623,22717995,51.71,0.30960887,1
1507049456,22717856,51.85,5.63611738,1
1507049455,22717855,51.85,7.85567990,1
1507049424,22717839,51.82,17.63999990,0
1507049423,22717837,51.81,7.68664600,0
1507049423,22717836,51.71,0.90579162,0
1507049122,22717577,51.53,15.06139000,0
1507049120,22717574,51.66,8.93761000,1
1507049113,22717560,51.66,30.63792500,1
1507049020,22717466,51.73,1.84420838,1
1507048877,22717355,51.81,2.83000000,0
1507048562,22717009,51.73,6.89280000,1
1507048513,22716974,51.88,0.27576520,0
1507048238,22716728,51.84,5.00464200,1
1507047873,22716433,51.97,39.19769188,1
1507047873,22716432,51.97,78.40711246,1
1507047872,22716431,51.95,18.42000000,0
1507047872,22716430,51.95,2.57000000,0
1507047804,22716374,51.81,23.05387688,1
1507047804,22716373,51.82,45.66089060,1
1507047804,22716372,51.82,30.96000000,1
1507047745,22716292,51.86,7.77189472,1
1507047714,22716231,51.87,0.19245490,1
1507047678,22716196,51.94,27.85952600,1
1507047530,22716032,52.08,1.03353021,1
1507047447,22715972,52.08,1.64835000,1
1507047445,22715968,52.08,1.52846991,1
1507047445,22715967,52.11,0.00000009,1
1507047431,22715958,52.11,2.75933400,1
1507047427,22715956,52.11,2.59000000,0
1507047402,22715930,52.08,3.84780000,1
1507047401,22715928,52.08,15.40647600,1
1507047394,22715921,52.14,14.78182400,1
1507047394,22715920,52.14,5.42103200,1
1507047392,22715916,52.14,2.52000000,0
1507047369,22715898,52.11,1.00000000,1
1507047368,22715894,52.11,8.27691423,1
1507047365,22715891,52.11,2.52000000,0
1507047354,22715884,52.08,11.98700000,1
1507047335,22715876,52.08,2.70000000,0
1507047040,22715558,52.17,3.87561669,1
1507047025,22715539,52.12,7.10818800,1
1507047017,22715535,52.09,6.49000000,0
1507046865,22715351,52.16,13.40464724,1
1507046865,22715350,52.16,7.71000000,0
1507046821,22715297,52.16,2.00786043,0
1507046792,22715262,51.89,40.00000000,0
1507046760,22715227,52.14,5.00000000,1
1507046741,22715226,52.14,0.32000000,1
1507046726,22715208,52.14,14.68699654,0
1507046721,22715205,52.13,39.68000000,0
1507046715,22715194,52.00,36.00000000,0
1507046714,22715193,52.00,3.67610156,0
1507046707,22715177,51.94,0.00000047,0
1507046702,22715173,51.94,38.15503000,0
1507046681,22715144,51.94,44.26183900,0
1507046555,22715036,51.94,2.25000000,0
1507046547,22715019,51.94,0.25000000,0
1507046541,22715016,51.94,3.50000000,0
1507046531,22715002,51.94,2.25000000,0
1507046528,22715000,51.94,0.25000000,0
1507046525,22714999,51.94,0.25000000,0
1507046500,22714975,51.94,0.25000000,0
1507046497,22714972,51.94,4.25000000,0
1507046493,22714970,51.94,0.25000000,0
1507046490,22714962,51.94,0.25000000,0
1507046476,22714946,51.78,0.37600000,1
1507046469,22714939,51.94,1.25000000,0
1507046191,22714592,51.70,0.19326710,1
1507046191,22714591,51.70,0.19326710,1
1507045918,22714366,51.94,17.35059684,1
1507045918,22714365,51.93,101.00000000,0
1507045918,22714364,51.93,6.41000000,0
1507045916,22714363,51.92,4.32000000,0
1507045916,22714362,51.91,34.82176200,0
1507045683,22714219,51.70,0.19326550,1
1507045682,22714212,51.70,0.19326550,1
1507044852,22713553,51.96,1.11335643,0
1507044643,22713459,51.94,50.43981469,0
1507044564,22713408,51.73,2.75796000,1
1507044515,22713370,51.65,0.99000000,1
1507044487,22713360,51.66,2.25459107,0
1507044392,22713305,51.90,8.68776496,1
1507044390,22713303,51.90,12.01795180,0
1507043495,22712789,51.98,73.08068051,1
1507043485,22712786,51.98,2.42981600,1
1507043478,22712781,51.99,11.23658395,0
1507043476,22712779,51.98,22.49496500,1
1507043475,22712778,51.98,2.42981600,0
1507042612,22712195,51.62,0.25000000,1
1507042601,22712187,51.63,0.25000000,1
1507042565,22712166,51.66,0.25000000,0
1507042557,22712161,51.81,5.33860698,0
1507042313,22712035,51.62,5.24720866,1
1507042312,22712031,51.75,6.57082125,0
1507042189,22711979,51.62,6.63176200,1
1507042188,22711978,51.76,6.63176197,0
1507042127,22711958,51.74,3.00000000,1
1507042085,22711906,51.62,0.25000000,1
1507042074,22711898,51.62,0.25000000,1
1507042067,22711890,51.62,6.66840500,1
1507042066,22711889,51.75,6.66840579,0
1507042059,22711879,51.62,0.25000000,1
1507042049,22711875,51.62,0.25000000,1
1507042040,22711865,51.62,0.25000000,1
1507042031,22711860,51.62,1.75000000,1
1507041947,22711834,51.52,6.36692500,1
1507041944,22711833,51.70,6.36692456,0
1507041823,22711781,51.57,3.41205400,1
1507041823,22711780,51.57,8.14112200,1
1507041651,22711663,51.57,1.15817850,1
1507041651,22711662,51.57,9.27786550,1
1507041478,22711470,51.66,0.35872700,0
1507041476,22711469,51.43,2.64127300,0
1507041320,22711306,51.43,29.85744572,1
1507041141,22711222,51.58,2.93951144,1
1507040799,22710906,51.38,0.00000044,0
1507040796,22710903,51.38,28.18391200,0
1507040771,22710900,51.43,18.85011796,0
1507040767,22710893,51.43,0.39195025,0
1507040766,22710892,51.42,1.01950366,0
1507040765,22710890,51.42,0.31110700,0
1507040746,22710882,51.41,10.16903327,1
1507040744,22710876,51.43,15.47696500,0
1507040512,22710687,51.45,0.95550291,1
1507040512,22710686,51.50,10.04449709,1
1507040409,22710606,51.72,1.00290023,0
1507040386,22710587,51.72,0.27068832,0
1507040385,22710586,51.60,0.73391473,0
1507040292,22710529,51.60,9.26608527,0
1507039382,22709624,51.43,0.80000000,1
1507039244,22709469,51.69,0.20195382,0
1507038655,22709020,51.66,5.30866275,0
1507038427,22708819,51.55,3.63905099,0
1507038389,22708796,51.55,1.69466000,0
1507038386,22708792,51.56,0.00188103,1
1507038189,22708611,51.43,2.68086897,0
1507037897,22708292,51.68,22.79152599,1
1507037630,22708052,51.88,102.54698500,0
1507037630,22708051,51.87,8.94000000,0
1507037629,22708050,51.86,14.51801500,0
1507037629,22708049,51.86,23.99500000,0
1507037535,22707969,51.56,7.01800000,1
1507037360,22707698,51.64,0.45516146,1
1507037350,22707688,51.58,15.17770000,1
1507037346,22707685,51.58,11.93000000,1
1507037345,22707683,51.58,10.05510144,1
1507037343,22707677,51.57,2.38203710,0
1507036769,22707227,51.51,4.84371967,0
1507036753,22707222,51.51,29.43000000,0
1507036753,22707221,51.50,14.57000000,0
1507036747,22707218,51.46,3.99708016,1
1507036747,22707217,51.46,3.99689078,1
1507036747,22707216,51.46,3.46587574,1
1507036686,22707168,51.46,0.52840832,1
1507036636,22707140,51.56,11.99592708,0
1507036567,22707097,51.48,12.56291984,1
1507036566,22707096,51.48,4.10974300,1
1507036565,22707094,51.48,60.29809834,1
1507036473,22706943,51.26,1.98000000,1
1507036457,22706931,51.47,13.37622336,1
1507036443,22706914,51.42,6.62377664,0
1507036080,22706382,51.30,232.75889401,0
1507036012,22706281,51.25,26.19170107,0
1507036011,22706278,51.25,9.00000000,1
1507036011,22706277,51.25,105.74460503,1
1507035966,22706206,51.26,2.28432000,1
1507035925,22706126,51.40,1.00000000,1
1507035925,22706125,51.42,5.10000000,1
1507035904,22706073,51.50,13.47684600,0
1507035902,22706069,51.50,15.60744300,0
1507035897,22706065,51.49,10.55975200,0
1507035886,22706044,51.50,13.55825243,0
1507035882,22706038,51.50,15.61750000,0
1507035880,22706029,51.50,11.45996750,0
1507035877,22706016,51.49,23.65000000,0
1507035863,22705951,51.41,20.00000000,0
1507035847,22705884,51.50,5.00000000,1
1507035847,22705882,51.50,20.00000000,1
1507035847,22705881,51.50,10.00000000,1
1507035743,22705760,51.51,38.40506957,1
1507035558,22705366,51.60,3.63607497,1
1507035557,22705365,51.60,1.02046700,1
1507035556,22705362,51.60,4.11101800,1
1507035556,22705360,51.60,1.23244003,1
1507035556,22705359,51.60,0.56935597,1
1507035556,22705358,51.60,2.19829400,1
1507035556,22705356,51.60,9.20253700,1
1507035547,22705295,51.73,8.66432413,1
1507035546,22705293,51.74,17.77368245,1
1507035546,22705291,51.74,6.06380600,1
1507035544,22705288,51.71,0.00000022,0
1507035542,22705273,51.71,122.99999978,0
1507035407,22705126,51.60,2.00000000,1
1507035383,22705097,51.64,2.66717000,1
1507035317,22705018,51.80,13.22857142,0
1507035126,22704931,51.62,0.25000000,1
1507035050,22704894,51.62,15.00000000,1
1507034837,22704700,51.60,21.42000000,1
1507034400,22704493,51.79,13.99933771,0
1507034400,22704492,51.78,4.47926498,0
1507034287,22704416,51.62,4.55989381,1
1507034259,22704392,51.84,15.07937127,0
1507034259,22704390,51.84,4.42000000,0
1507034259,22704389,51.77,8.87263260,0
1507034146,22704276,51.65,14.40000000,1
1507034142,22704267,51.69,2.00000000,1
1507034098,22704179,51.85,40.00000000,0
1507033975,22704147,51.85,15.91922177,0
1507033975,22704146,51.83,7.58271010,0
1507033729,22704041,51.69,2.00000000,1
1507033569,22703932,51.87,8.78985926,0
1507033099,22703681,51.71,1.00000000,1
1507032985,22703596,51.71,2.28107970,1
1507032692,22703376,51.70,2.00000000,0
1507032482,22703250,51.80,0.71935483,0
1507032469,22703239,51.80,2.28064517,0
1507031888,22702735,52.03,3.71634664,1
1507031729,22702628,52.05,13.88065231,1
1507031729,22702626,52.05,6.28000000,0
1507031728,22702624,52.03,6.51239860,0
1507031728,22702623,52.02,13.32694909,0
1507031529,22702534,51.83,0.62630314,0
1507031527,22702533,51.83,2.04000000,1
1507031346,22702452,52.03,2.03209687,0
1507031083,22702204,51.80,0.75000000,1
1507031074,22702198,51.80,0.74000000,1
1507031074,22702197,51.80,3.51000000,1
1507031066,22702188,51.80,8.50000000,1
1507030995,22702146,51.90,1.50000000,0
1507030990,22702141,51.90,0.75000000,0
1507030984,22702139,51.90,0.75000000,0
1507030807,22702051,51.75,2.50623732,1
1507030772,22702013,51.95,3.00000000,0
1507030759,22702004,51.95,3.00000000,0
1507030740,22701998,51.97,3.00000000,0
1507030651,22701963,52.03,2.30059581,0
1507030590,22701915,51.90,3.00000000,0
1507030214,22701655,51.90,3.98592740,1
1507030184,22701523,51.77,2.85950533,1
1507030168,22701513,51.88,2.00000000,0
1507029697,22701233,51.75,1.26502122,1
1507029693,22701231,51.88,0.50000000,0
1507029686,22701220,51.87,2.50000000,0
1507029666,22701206,51.89,3.50000000,1
1507029660,22701203,51.78,11.51404386,1
1507029577,22701183,51.89,3.00000000,0
1507029103,22700812,51.81,1.04868490,0
1507029103,22700809,51.81,23.33131510,1
1507029102,22700808,51.83,50.62000000,1
1507028955,22700674,51.84,2.31182000,0
1507028936,22700649,51.83,2.00000000,1
1507028710,22700433,51.91,23.06874362,1
1507028666,22700407,51.98,4.59404386,1
1507028665,22700406,51.98,6.92000000,0
1507028376,22700048,51.91,10.00000000,1
1507028244,22699933,52.06,8.46561660,0
1507028162,22699881,52.08,42.72676651,0
1507028160,22699879,52.03,43.17000000,1
1507028160,22699878,52.03,13.19000000,0
1507028047,22699833,51.93,1.87557117,0
1507028012,22699809,51.95,0.75759188,0
1507027963,22699798,51.93,16.93760000,0
1507027927,22699773,51.70,1.88419000,1
1507027891,22699738,51.83,100.00000000,0
1507027534,22699425,51.85,6.90000000,1
1507027526,22699416,51.97,11.97585366,0
1507027262,22699179,51.94,54.72063400,0
1507027261,22699178,51.93,22.91471400,0
1507027261,22699176,51.86,0.00700000,0
1507027244,22699157,51.92,10.00000000,1
1507026803,22698769,51.89,7.15921039,1
1507026803,22698768,51.88,15.70000000,0
1507026775,22698762,51.86,8.68440000,0
1507026761,22698754,51.77,1.20000000,0
1507026744,22698738,51.78,1.78845413,0
1507026712,22698695,51.74,15.07320000,0
1507026709,22698693,51.73,1.04933181,0
1507026660,22698614,51.76,10.98750342,1
1507026642,22698599,51.75,1.46737200,0
1507026642,22698598,51.74,12.45427900,0
1507026641,22698594,51.70,13.72923155,0
1507026641,22698593,51.53,0.00000045,0
1507026613,22698558,51.53,1.60737300,0
1507026609,22698550,51.53,16.62293450,0
1507026501,22698498,51.67,6.00000000,0
1507026387,22698434,51.51,14.22200000,1
1507026303,22698380,51.37,40.93224916,1
1507026073,22698193,51.35,7.76737152,1
1507026073,22698192,51.35,15.00000000,0
1507025434,22697686,51.55,1.50000000,1
1507025427,22697682,51.55,2.50000000,0
1507025244,22697472,51.45,0.75607386,0
1507025235,22697464,51.33,21.25720366,0
1507025045,22697116,51.26,10.45738146,1
1507025045,22697115,51.27,1.04261854,1
1507025041,22697108,51.27,0.95738146,1
1507025040,22697107,51.30,10.00000000,1
1507025040,22697106,51.32,1.00000000,1
1507025038,22697102,51.42,3.00000000,1
1507025012,22697077,51.48,6.58804900,0
1507025001,22697053,51.50,1.45000000,1
1507024975,22697018,51.50,8.55000000,1
1507024972,22697008,51.58,5.99450400,0
1507024972,22697007,51.55,7.43196000,0
1507024972,22697006,51.55,14.63804000,0
1507024936,22696952,51.56,17.00000000,1
1507024893,22696889,51.62,21.57285842,1
1507024744,22696766,51.65,3.61500000,0
1507024679,22696705,51.79,35.20410850,0
1507024642,22696687,51.72,2.17400000,0
1507024637,22696685,51.72,11.95800000,0
1507024614,22696675,51.72,3.85769528,0
1507024609,22696672,51.72,9.84350000,0
1507024595,22696667,51.71,15.00000000,1
1507024594,22696666,51.59,50.56004545,1
1507024594,22696665,51.60,16.30000000,0
1507024594,22696664,51.70,23.00000000,1
1507024593,22696661,51.75,60.13995455,0
1507024573,22696652,51.88,5.76869699,0
1507024558,22696650,51.83,9.62191358,0
1507024540,22696638,51.84,3.84876543,0
1507024209,22696441,51.94,0.25000000,0
1507024206,22696436,51.94,0.75000000,0
1507024202,22696433,51.94,0.25000000,0
1507024201,22696432,51.94,0.12410000,1
1507024199,22696423,51.77,0.12590000,0
1507024196,22696417,51.77,0.25000000,0
1507024193,22696415,51.77,0.25000000,0
1507024190,22696414,51.77,0.25000000,0
1507024185,22696409,51.77,0.25000000,0
1507024181,22696403,51.77,0.25000000,0
1507024176,22696401,51.77,0.25000000,0
1507024107,22696356,51.77,8.55000000,0
1507024051,22696308,51.77,10.82410000,0
1507024042,22696299,51.76,4.77353958,0
1507023976,22696221,51.76,1.79051600,0
1507023546,22695770,51.70,6.00000000,1
1507023544,22695768,51.53,60.00000000,1
1507023295,22695638,51.53,0.26756533,1
1507023271,22695594,51.60,13.26830058,0
1507023271,22695593,51.60,61.58000000,0
1507023271,22695592,51.60,34.89390100,1
1507023271,22695591,51.73,0.50000000,1
1507022849,22695154,51.73,0.50000000,1
1507022847,22695153,51.85,1.00000000,1
1507022731,22695055,52.00,0.12027000,0
1507022684,22695009,51.91,16.62408899,0
1507022637,22694927,52.10,23.90362798,1
1507022614,22694912,52.10,79.16572000,1
1507022586,22694891,52.19,5.19628842,0
1507021564,22694091,52.42,0.42903472,0
1507021484,22694065,52.41,0.22075940,0
1507021339,22694013,52.20,4.29616606,0
1507021337,22694010,52.20,9.03850000,0
1507021162,22693916,52.34,5.48872755,0
1507020841,22693740,52.21,2.02239693,0
1507020832,22693738,52.21,30.28593507,0
1507020832,22693737,52.20,7.69166800,0
1507020810,22693730,52.26,40.00000000,0
1507020781,22693718,52.34,6.44612151,0
1507020741,22693667,52.20,1.00000000,1
1507020606,22693617,52.38,1.17877578,0
1507020412,22693462,52.30,1.00000000,1
1507020399,22693444,52.31,1.00000000,1
1507020388,22693428,52.31,8.00000000,1
1507020386,22693426,52.30,1.00000000,1
1507020286,22693318,52.33,9.00000000,0
1507020283,22693310,52.33,22.25707219,0
1507020243,22693253,52.28,9.99958678,0
1507020212,22693224,52.33,16.65865500,1
1507020200,22693216,52.30,4.35134500,0
1507020200,22693215,52.29,18.99000000,0
1507020156,22693167,52.27,8.99958712,0
1507019589,22692608,52.14,16.62408899,0
1507019467,22692494,52.14,4.38932520,0
1507019385,22692410,52.14,62.37000000,0
1507019385,22692409,52.13,37.63000000,0
1507019358,22692393,52.14,92.81693460,0
1507019357,22692392,52.13,7.18306540,0
1507019041,22692210,51.93,4.00812500,1
1507019038,22692204,51.84,2.90538850,0
1507019038,22692203,51.84,11.28365510,1
1507018704,22691933,52.01,0.00000432,1
1507018685,22691923,52.01,0.78965000,1
1507018644,22691896,51.80,0.03500000,0
1507018583,22691867,51.85,50.00000000,1
1507018535,22691818,51.85,1.59700000,1
1507018534,22691814,51.81,98.40300000,0
1507018526,22691801,51.85,23.52024670,1
1507018525,22691800,51.84,4.62636080,0
1507018525,22691799,51.83,71.85339250,0
1507018462,22691634,51.60,18.81609900,1
1507018429,22691564,51.61,2.35454400,0
1507018412,22691531,51.61,19.85558500,1
1507018209,22691362,51.51,32.39231507,1
1507018207,22691361,51.52,9.28689538,1
1507017899,22691123,51.60,100.00000000,1
1507017899,22691122,51.60,0.29070000,1
1507017898,22691121,51.62,50.00000000,1
1507017714,22690980,51.61,13.28438100,1
1507017695,22690951,51.70,4.20490601,1
1507017694,22690949,51.70,2.51071299,1
1507017693,22690947,51.70,13.28438100,1
1507017587,22690790,51.60,30.00000000,1
1507017404,22690701,51.65,10.27980662,0
1507017396,22690696,51.71,10.00019338,0
1507017382,22690688,51.77,20.00000000,1
1507017375,22690682,51.78,19.72000000,0
1507017374,22690680,51.55,20.23106740,1
1507017374,22690679,51.59,0.29080000,1
1507017373,22690678,51.60,40.00000000,1
1507017373,22690676,51.62,113.00000000,1
1507017373,22690675,51.63,4.37000000,1
1507017373,22690674,51.63,117.00000000,0
1507017372,22690673,51.69,108.00000000,1
1507017372,22690672,51.70,14.19813260,1
1507017370,22690668,51.77,61.11000000,0
1507017370,22690666,51.77,21.80000000,1
1507017354,22690650,51.99,1.46676400,1
1507017350,22690646,51.99,0.44836000,1
1507017313,22690609,51.99,24.30694900,1
1507017312,22690607,51.99,10.99900000,1
1507017312,22690605,51.99,3.94260000,1
1507017308,22690604,51.99,1.91512400,1
1507017304,22690592,51.99,33.24120300,1
1507017304,22690589,52.00,7.92247000,1
1507017299,22690577,52.00,28.23150800,1
1507017290,22690566,52.00,17.61738200,1
1507017287,22690562,52.00,1.77999500,1
1507017281,22690552,52.00,5.89628000,1
1507017276,22690541,52.00,1.78040500,1
1507017275,22690539,52.00,6.77196000,1
1507017244,22690504,52.11,10.00000000,1
1507017092,22690433,52.07,1.00000000,1
1507017092,22690432,52.12,0.55913165,1
1507017092,22690431,52.12,15.89500000,1
1507017060,22690420,52.12,10.85301500,1
1507017049,22690417,52.12,14.62325900,1
1507017035,22690410,52.12,4.66347300,1
1507017021,22690403,52.13,9.77607382,0
1507017002,22690395,52.12,50.00000000,1
1507016994,22690391,52.12,7.81893400,1
1507016994,22690390,52.12,222.00000000,1
1507016989,22690381,52.12,0.53400000,1
1507016974,22690375,52.12,50.00000000,1
1507016972,22690372,52.22,15.62000000,0
1507016971,22690371,52.22,4.36000000,0
1507016971,22690370,52.21,15.02000000,0
1507016954,22690361,52.12,19.45240500,1
1507016952,22690360,52.12,4.38523400,1
1507016950,22690359,52.12,2.63000000,0
1507016887,22690337,52.01,4.36353905,1
1507016738,22690239,51.98,23.68000000,0
1507016500,22690030,51.87,0.19221130,0
1507016480,22689992,51.87,0.19221130,0
1507016468,22689984,51.88,0.00013704,1
1507016448,22689971,51.88,14.99986296,1
1507015823,22689563,51.80,1.12921621,0
1507015634,22689439,51.78,38.00000000,0
1507015584,22689406,51.62,3.28175000,1
1507015547,22689376,51.60,4.24534845,0
1507015441,22689246,51.59,103.82682699,0
1507015285,22689171,51.50,10.16559957,1
1507015285,22689170,51.50,0.00000043,1
1507015285,22689169,51.55,0.29100000,1
1507015208,22689111,51.55,1.00000000,0
1507015101,22689012,51.50,0.29129957,1
1507015101,22689011,51.50,0.29130000,1
1507015101,22689009,51.50,26.63247543,1
1507015005,22688928,51.50,15.97868300,1
1507014966,22688879,51.50,6.21936000,1
1507014965,22688878,51.55,7.60000000,0
1507014953,22688856,51.50,7.35232000,1
1507014932,22688837,51.50,40.00000000,1
1507014931,22688836,51.50,40.00000000,1
1507014924,22688827,51.50,13.81716157,1
1507014924,22688825,51.50,6.13133543,1
1507014912,22688786,51.50,40.00000000,1
1507014904,22688777,51.50,1.23756700,1
1507014896,22688752,51.50,27.14312036,1
1507014896,22688750,51.51,2.00000000,1
1507014896,22688748,51.52,10.85687964,1
1507014881,22688736,51.52,1.24012802,1
1507014881,22688735,51.53,4.74270498,1
1507014874,22688707,51.53,0.55729502,1
1507014871,22688694,51.52,39.44270498,1
1507014861,22688678,51.54,0.55729502,0
1507014856,22688673,51.54,4.81904762,1
1507014840,22688647,51.52,32.96028736,1
1507014840,22688646,51.62,1.66337000,1
1507014807,22688590,51.62,1.33663000,1
1507014791,22688566,51.65,34.62365736,1
1507014790,22688565,51.65,40.00000000,1
1507014773,22688550,51.79,4.27920447,1
1507014773,22688549,51.71,3.13441583,0
1507014773,22688548,51.71,37.38005100,0
1507014773,22688547,51.69,8.45460017,0
1507014773,22688546,51.69,4.52342400,0
1507014771,22688544,51.66,0.10372203,0
1507014761,22688529,51.65,9.97394000,1
1507014738,22688500,51.66,37.15427797,0
1507014713,22688452,51.65,8.07763400,1
1507014706,22688445,51.65,4.58276864,1
1507014664,22688406,51.65,2.74200000,1
1507014644,22688381,51.70,3.13441583,1
1507014643,22688377,51.71,15.53994900,0
1507014590,22688338,51.70,2.74200000,1
1507014526,22688110,51.71,5.64796900,1
1507014476,22688001,51.70,40.00000000,1
1507014372,22687929,51.70,12.11679945,1
1507014357,22687921,51.71,27.88320055,1
1507014357,22687920,51.76,0.00570925,1
1507014080,22687770,51.71,8.15488075,0
1507014075,22687759,51.71,1.23069932,0
1507014065,22687755,51.71,9.61102757,0
1507014060,22687754,51.70,21.00339236,1
1507014024,22687745,51.70,21.00339236,1
1507013994,22687706,51.71,20.56000000,1
1507013994,22687705,51.80,0.44339236,1
1507013876,22687643,51.89,100.00000000,0
1507013751,22687594,51.97,17.01271200,1
1507013751,22687593,51.95,32.98728800,0
1507013581,22687490,52.00,10.49655650,1
1507013580,22687489,52.00,5.50344350,0
1507013580,22687488,52.00,84.00000000,0
1507013572,22687486,51.80,2.05660764,1
1507013269,22687335,51.70,0.13881048,0
1507013135,22687224,52.02,20.00000000,0
1507013131,22687218,52.01,20.00000000,1
1507013105,22687203,52.19,5.00000000,0
1507012956,22687093,52.21,20.00000000,1
1507012847,22687026,52.10,19.61354791,0
1507012754,22686925,52.08,1.76311048,1
1507012742,22686918,52.08,3.37570000,1
1507012558,22686740,52.07,14.95738146,0
1507012471,22686649,52.06,4.50000000,0
1507012467,22686647,52.05,1.50000000,0
1507012463,22686645,51.77,21.70031527,0
1507012451,22686641,51.77,17.71000000,0
1507012446,22686635,51.77,47.36891246,1
1507012395,22686602,51.82,31.03820000,1
1507012310,22686577,52.01,5.75370121,0
1507012310,22686576,52.00,19.99125700,1
1507012310,22686575,52.00,9.76847612,1
1507012287,22686564,52.00,14.50368700,1
1507012278,22686561,52.00,28.52611700,1
1507012275,22686560,52.00,1.23361600,1
1507012272,22686559,52.00,3.00000000,1
1507012266,22686555,52.00,42.96810388,0
1507012239,22686542,51.81,24.00000000,0
1507012129,22686473,51.95,6.00000000,1
1507012079,22686459,51.90,2.75000000,1
1507012079,22686457,51.90,1.50620000,0
1507012072,22686441,51.86,0.25000000,1
1507012026,22686425,51.82,3.00000000,1
1507012017,22686417,52.00,50.00000000,1
1507011854,22686314,52.08,9.05433947,1
1507011852,22686313,52.00,139.33170332,0
1507011746,22686261,51.85,13.52500000,1
1507011745,22686260,51.86,36.17500000,1
1507011729,22686254,52.00,1.56437800,0
1507011694,22686220,52.00,1.53096153,0
1507011678,22686203,52.00,27.52273700,0
1507011666,22686201,51.88,0.02800000,1
1507011666,22686199,51.99,40.00000000,1
1507011562,22686029,51.71,116.00000000,1
1507011532,22685994,51.63,49.67130704,1
1507011530,22685992,51.72,0.32869296,1
1507011413,22685852,51.88,28.24825595,0
1507011411,22685851,51.85,37.60000000,0
1507011405,22685846,51.89,2.41346154,0
1507011294,22685698,51.92,3.37000000,0
1507011287,22685689,51.93,3.22268000,1
1507011285,22685687,51.75,2.07930300,0
1507011280,22685681,51.96,2.92125314,0
1507011280,22685680,51.95,4.20756892,0
1507011279,22685679,51.95,11.77243108,0
1507011270,22685667,51.86,0.23069700,0
1507011269,22685665,51.86,10.40000000,0
1507011268,22685661,51.86,4.61000000,1
1507011268,22685660,51.86,10.40000000,1
1507011266,22685658,51.86,4.62000000,1
1507011262,22685650,51.74,3.24000000,1
1507011262,22685649,51.74,70.56602003,1
1507011262,22685647,51.78,1.00000000,1
1507011262,22685646,51.82,2.00000000,1
1507011262,22685645,51.82,3.00000000,1
1507011261,22685644,51.82,15.00000000,0
1507011261,22685643,51.84,2.47000000,1
1507011261,22685642,51.85,5.96397997,1
1507011259,22685633,51.99,19.99999978,0
1507011257,22685630,52.00,50.00000000,1
1507011257,22685629,52.00,13.00000000,1
1507011256,22685628,52.00,10.00000000,1
1507011256,22685627,52.00,30.00000000,1
1507011256,22685626,52.00,6.94038460,1
1507011256,22685625,52.00,10.00000000,1
1507011256,22685624,52.00,20.00000000,1
1507011256,22685623,52.02,3.00000000,1
1507011256,22685622,52.04,3.00000000,1
1507011256,22685621,52.10,1464.27746826,1
1507011250,22685612,52.11,12.28000000,0
1507011209,22685580,52.10,6.27089585,1
1507011195,22685568,52.10,1.83459200,1
1507011149,22685541,52.10,1.65000000,1
1507011140,22685533,52.10,29.93142810,1
1507011140,22685532,52.11,1.63880790,1
1507011140,22685531,52.11,2.05329300,1
1507011139,22685530,52.11,11.51670700,1
1507011029,22685448,52.10,401.10889359,1
1507011029,22685447,52.12,14.99000000,1
1507011028,22685446,52.14,5.00191791,1
1507011028,22685445,52.16,15.02000000,1
1507011028,22685444,52.18,60.82000000,0
1507011027,22685442,52.18,3.05918850,1
1507010904,22685346,52.15,1.14468200,1
1507010902,22685341,52.15,7.18104200,1
1507010817,22685259,52.34,3.79510700,1
1507010616,22685147,52.49,10.81024957,0
1507010614,22685143,52.38,6.90000000,0
1507010550,22685093,52.28,1.83798600,0
1507010550,22685092,52.28,1.95712100,0
1507010499,22685041,52.16,85.00000000,1
1507010499,22685040,52.17,15.00000000,1
1507010432,22685025,52.18,6.90319197,0
1507010414,22685019,52.18,1.16889100,1
1507009948,22684755,52.28,18.79158400,1
1507009916,22684737,52.28,1.95712100,1
1507009914,22684734,52.28,2.56407300,1
1507009909,22684731,52.28,10.03488800,1
1507009900,22684725,52.28,40.44913900,1
1507009623,22684492,52.10,89.92672220,1
1507009623,22684491,52.11,9.04000000,1
1507009585,22684362,52.10,5.00000000,1
1507009583,22684348,52.17,1.03327780,0
1507009582,22684347,52.11,0.31672220,0
1507009581,22684339,52.11,4.68327780,0
1507009581,22684330,52.11,2.00000000,1
1507009580,22684322,52.15,84.00000000,1
1507009580,22684318,52.17,20.00000000,1
1507009576,22684276,52.21,18.77340700,0
1507009572,22684236,52.22,15.02000000,1
1507009572,22684235,52.22,3.00000000,1
1507009566,22684213,52.25,0.50000000,1
1507009566,22684212,52.25,0.25416268,1
1507009541,22684043,52.35,13.23620000,0
1507009534,22684019,52.32,143.00000000,1
1507009532,22684010,52.32,50.00000000,1
1507009520,22683989,52.32,5.00000000,1
1507009511,22683979,52.32,5.00000000,1
1507009506,22683965,52.32,5.00000000,1
1507009500,22683941,52.35,5.00000000,1
1507009495,22683908,52.34,5.00000000,1
1507009480,22683783,52.33,3.57202447,1
1507009480,22683781,52.33,78.40711246,0
1507009479,22683778,52.37,22.11064470,1
1507009479,22683774,52.41,1.14481969,1
1507009479,22683771,52.49,24.25485082,1
1507009478,22683760,52.50,19.00000000,1
1507009478,22683759,52.50,1.51054786,1
1507009476,22683756,52.50,3.48945214,1
1507009476,22683755,52.51,0.32374786,1
1507009471,22683733,52.55,1.00000000,1
1507009466,22683710,52.56,4.49426904,1
1507009411,22683661,52.56,4.23556400,1
1507009410,22683660,52.62,0.76443600,1
1507009385,22683640,52.62,1.47112800,1
1507009383,22683637,52.62,0.76443600,1
1507008832,22683386,52.84,7.41503985,0
1507008831,22683385,52.83,19.33000000,0
1507008689,22683330,52.79,11.67738665,0
1507008688,22683329,52.77,78.40711246,1
1507008687,22683328,52.77,10.66480720,0
1507008605,22683291,52.63,10.07694111,1
1507008605,22683289,52.64,8.92305889,1
1507008448,22683206,52.72,2.00000000,1
1507008445,22683205,52.73,0.49515000,0
1507008443,22683203,52.91,0.00485000,1
1507008435,22683193,52.86,6.92620000,0
1507008432,22683188,52.70,0.25000000,1
1507008430,22683186,52.64,9.13500000,0
1507008428,22683184,52.64,70.00000000,1
1507008428,22683183,52.64,15.45003007,1
1507008427,22683182,52.68,2.00000000,1
1507008427,22683181,52.69,2.02000000,0
1507008427,22683180,52.74,75.66011246,0
1507008426,22683179,52.74,14.01583180,1
1507008426,22683177,52.75,10.08000000,0
1507008426,22683176,52.81,5.50000000,1
1507008425,22683173,52.82,50.00000000,1
1507008425,22683172,52.85,0.22184527,1
1507008425,22683171,52.85,0.99930048,1
1507008423,22683157,52.87,29.36867992,1
1507008419,22683155,52.87,0.25000000,1
1507008418,22683154,52.87,0.93650000,1
1507008395,22683129,52.88,13.07380000,0
1507008379,22683085,52.87,63.62175200,1
1507008375,22683077,52.87,6.00000000,1
1507008364,22683039,52.88,0.24700000,1
1507008356,22683009,52.87,0.98800000,1
1507008348,22682979,52.87,219.00000000,1
1507008346,22682969,52.87,3.79270000,1
1507008339,22682945,52.88,0.50000000,1
1507008332,22682913,52.88,2.50000000,1
1507008323,22682869,52.88,0.25000000,1
1507008310,22682802,52.89,2.50000000,1
1507008298,22682780,52.98,1.40610000,0
1507008288,22682754,52.87,248.00000000,1
1507008285,22682746,52.88,15.72000000,1
1507008285,22682744,52.88,2.00000000,1
1507008285,22682742,52.88,13.00000000,1
1507008284,22682739,52.91,65.00000000,1
1507008266,22682715,52.98,2.70960000,0
1507008255,22682700,52.98,1.30841000,0
1507008241,22682648,52.97,11.31779110,1
1507008238,22682646,52.97,0.25000000,1
1507008234,22682643,53.05,2.32720000,1
1507008229,22682642,52.97,2.75000000,1
1507008227,22682641,52.97,0.25000000,1
1507008112,22682579,53.13,1.86370000,0
1507007307,22682315,53.42,84.71115687,0
1507007307,22682314,53.40,11.55501013,0
1507007306,22682313,53.39,2.29000000,0
1507007306,22682312,53.33,108.00000000,0
1507007306,22682311,53.32,11.47000000,0
1507007305,22682310,53.31,111.00000000,1
1507007305,22682309,53.31,26.28589983,1
1507007141,22682283,53.29,1.00000000,0
1507006672,22682200,53.26,31.99859189,0
1507006170,22682030,53.26,13.73237589,1
1507006170,22682029,53.26,13.63000000,0
1507006136,22682028,53.22,4.11380785,0
1507006136,22682027,53.19,34.35000000,0
1507006104,22682024,53.17,1.53580000,0
1507006051,22682009,53.23,19.83670333,0
1507005981,22682001,53.25,5.45348124,0
1507005951,22681999,53.26,3.85444485,1
1507005951,22681998,53.24,16.97000000,0
1507005951,22681997,53.23,19.16835050,0
1507005009,22681869,52.91,67.38613304,1
1507005008,22681868,52.97,112.00000000,1
1507005008,22681867,53.01,3.00000000,1
1507005008,22681866,53.10,15.11000000,1
1507005007,22681865,53.12,8.11444450,0
1507005006,22681864,53.12,59.64000000,1
1507005006,22681863,53.13,78.21942246,1
1507003977,22681558,53.16,0.18769000,0
1507000371,22680942,53.26,3.00000000,1
1507000022,22680884,53.34,9.07530511,1
1506997891,22680455,53.40,38.44498987,0
1506997890,22680453,53.39,11.55500475,0
1506996321,22679992,53.40,6.46790262,0
1506996321,22679991,53.39,14.96000000,0
1506996121,22679967,53.37,0.80363500,1
1506996024,22679944,53.34,3.05660764,0
1506995656,22679835,53.43,38.35644769,0
1506995632,22679833,53.43,1.64355231,0
1506994528,22679568,53.33,0.24000000,0
1506994521,22679567,53.29,0.99400000,0
1506994001,22679361,52.92,6.00000000,1
1506993937,22679355,52.88,160.70366942,1
1506993936,22679354,52.88,15.00000000,0
1506993936,22679353,52.89,7.88000000,1
1506993936,22679352,52.90,1.00950029,1
1506993934,22679351,52.91,1.19635080,1
1506993609,22679292,52.90,26.72321396,1
1506993608,22679290,52.95,1.00000000,1
1506993608,22679288,52.96,3.73332410,0
1506993608,22679287,53.00,8.04346194,0
1506993606,22679286,53.00,6.50000000,1
1506993266,22679231,53.13,1.18179911,0
1506993230,22679219,53.13,7.51063429,0
1506993061,22679181,53.13,24.38556521,0
1506992979,22679141,53.13,0.50500000,0
1506992823,22679078,53.13,4.92930000,0
1506992793,22679076,53.01,3.00000000,1
1506992789,22679074,53.01,0.50000000,1
1506992775,22679065,53.00,2.50000000,1
1506992771,22679063,53.00,1.00000000,1
1506992771,22679062,53.00,0.50000000,1
1506992767,22679061,53.00,1.50000000,1
1506992767,22679060,53.13,5.03975255,0
1506992764,22679059,53.00,1.50000000,1
1506992764,22679057,53.13,34.95360428,0
1506992760,22679056,53.00,1.50000000,1
1506992751,22679055,53.01,3.00000000,1
1506992740,22679053,53.01,3.00000000,1
1506992726,22679050,53.01,1.25000000,1
1506992693,22679043,53.01,1.75000000,1
1506992666,22679038,53.13,5.04602154,0
1506992601,22679014,53.01,3.00000000,1
1506992592,22679007,53.13,3.20701705,0
1506992591,22679006,53.01,3.00000000,1
1506992562,22678999,53.13,47.96653900,0
1506992474,22678976,53.12,4.55420000,0
1506992470,22678975,53.01,6.00000000,1
1506992467,22678974,53.00,3.50000000,1
1506992464,22678973,53.01,2.50000000,1
1506992381,22678959,53.13,39.99487226,0
1506992351,22678952,53.13,0.62212858,0
1506992351,22678951,53.12,15.04000000,0
1506992286,22678941,53.13,4.17223137,0
1506992254,22678934,53.13,5.54550000,0
1506992191,22678915,53.13,22.21783380,0
1506992156,22678914,53.13,39.99621955,0
1506992081,22678909,53.13,39.99621955,0
1506992077,22678908,53.13,0.69217100,0
1506992064,22678902,53.13,34.81781838,0
1506992033,22678895,53.13,5.18218162,0
1506992016,22678893,53.13,35.56738731,0
1506992003,22678887,53.13,3.86288151,0
1506991974,22678879,53.13,0.56935686,0
1506991941,22678873,53.13,9.64764019,0
1506991907,22678867,53.13,12.56760000,0
1506991844,22678859,53.13,12.38337016,0
1506991812,22678852,53.13,37.15880000,0
1506991751,22678842,53.13,39.99867134,0
1506991695,22678838,53.13,12.61469997,0
1506991656,22678827,53.13,29.99779950,0
1506991623,22678820,53.13,7.41134139,0
1506991592,22678815,53.13,2.37495083,0
1506991244,22678714,53.13,1.26540000,0
1506991244,22678713,53.12,4.80000000,0
1506990676,22678598,53.24,0.32669496,0
1506990534,22678555,53.02,1.50000000,1
1506990532,22678554,53.21,28.43784749,0
1506990530,22678553,53.00,1.50000000,1
1506989019,22678174,53.01,0.84028640,1
1506989019,22678173,53.02,4.70000000,1
1506989017,22678171,53.07,1.31988360,1
