date,tid,price,amount,type
1507075218,22731283,0.00004697,123.86828529,1
1507075216,22731282,0.00004697,616.61974454,0
1507075212,22731276,0.00004749,13938.76584544,0
1507075212,22731275,0.00004729,1000.00000000,0
1507075212,22731274,0.00004728,135.72788309,0
1507075212,22731273,0.00004728,214.00000000,1
1507075211,22731272,0.00004728,11926.83600000,1
1507075211,22731269,0.00004724,678.63941546,0
1507075211,22731267,0.00004718,11005.34500000,0
1507075210,22731264,0.00004717,3004.00000000,1
1507075209,22731260,0.00004717,2165.87599517,0
1507075080,22731224,0.00004696,589.59809926,1
1507073996,22730910,0.00004721,3963.74602838,0
1507073996,22730909,0.00004717,1145.46828078,0
1507073994,22730908,0.00004712,1723.70000000,0
1507073994,22730907,0.00004712,769.17623853,0
1507073814,22730883,0.00004712,1237.05432937,0
1507073678,22730848,0.00004706,73.88021742,0
1507073005,22730682,0.00004712,1620.70824691,1
1507072838,22730633,0.00004714,870.92740382,1
1507072832,22730628,0.00004717,267.60801300,1
1507072832,22730627,0.00004717,870.92740382,1
1507072803,22730622,0.00004747,1120.99452285,0
1507072718,22730595,0.00004726,444.73127380,0
1507072490,22730536,0.00004728,2264.49027072,0
1507072490,22730535,0.00004725,13100.41800000,0
1507072488,22730534,0.00004724,3942.85605604,0
1507072207,22730437,0.00004701,103.06366773,1
1507072207,22730436,0.00004704,910.54968956,1
1507072196,22730434,0.00004701,8.03313960,1
1507072196,22730433,0.00004707,1005.58020824,1
1507072158,22730424,0.00004698,1013.61337386,1
1507072143,22730418,0.00004713,1013.61337891,1
1507071512,22730199,0.00004714,1053.49243300,1
1507071500,22730195,0.00004713,384.71089091,1
1507071500,22730194,0.00004719,1922.00119860,1
1507071492,22730193,0.00004713,384.75151508,1
1507071491,22730192,0.00004722,1920.77984643,1
1507070990,22729959,0.00004738,698.18193330,0
1507070800,22729915,0.00004743,1072.58718111,0
1507070631,22729879,0.00004739,47.83224308,0
1507070584,22729840,0.00004740,3408.39388185,0
1507070582,22729839,0.00004730,1152.98570156,0
1507070370,22729783,0.00004729,1477.66236786,0
1507070178,22729752,0.00004730,180.39598308,0
1507070002,22729704,0.00004730,172.41893720,0
1507069890,22729686,0.00004727,98.31563359,0
1507069807,22729669,0.00004728,307.50999872,0
1507069754,22729656,0.00004730,2459.83086680,0
1507069565,22729561,0.00004714,1579.42082000,1
1507069503,22729541,0.00004727,162.96678654,1
1507069501,22729540,0.00004722,1000.00000000,0
1507069176,22729430,0.00004700,2476.00000000,0
1507069174,22729429,0.00004722,24.00000000,1
1507069061,22729377,0.00004726,111.70938031,0
1507068692,22729215,0.00004727,1638.14491220,0
1507068692,22729214,0.00004727,625.92720000,0
1507068311,22729051,0.00004722,50.00000000,1
1507068238,22729022,0.00004730,1880.00000000,0
1507067716,22728736,0.00004730,232.74814153,0
1507067618,22728712,0.00004730,2648.81797040,0
1507067566,22728683,0.00004720,2668.48000000,1
1507067063,22728417,0.00004730,43.00000000,0
1507066970,22728397,0.00004730,1229.80239943,0
1507066970,22728396,0.00004728,6684.82658331,0
1507066970,22728395,0.00004727,10585.37101726,0
1507066890,22728366,0.00004727,10000.00000000,0
1507066857,22728357,0.00004712,250.00000000,1
1507066593,22728277,0.00004722,50.00073610,1
1507066290,22728126,0.00004724,434.28513971,0
1507066236,22728116,0.00004707,20000.00000000,1
1507066067,22728068,0.00004706,609.86537632,1
1507065128,22727650,0.00004690,616.42291480,1
1507065128,22727647,0.00004690,160.00000000,1
1507065128,22727646,0.00004705,55.96940344,1
1507065127,22727642,0.00004707,0.00000006,1
1507065102,22727633,0.00004707,1252.89569800,1
1507064965,22727569,0.00004707,4512.90495506,1
1507064965,22727568,0.00004708,1024.02104794,1
1507064882,22727540,0.00004724,1007.93056731,0
1507064761,22727507,0.00004707,19234.19934688,1
1507064761,22727506,0.00004708,11652.54966812,1
1507064544,22727456,0.00004709,187.68548215,1
1507064469,22727315,0.00004708,760.95019948,1
1507064468,22727311,0.00004719,3799.36059241,1
1507064468,22727307,0.00004724,9848.60641993,1
1507064455,22727238,0.00004719,2658.69458400,1
1507064440,22727195,0.00004750,667.55190181,1
1507064426,22727138,0.00004770,2693.82400000,1
1507064426,22727136,0.00004770,4820.00000000,1
1507064423,22727102,0.00004785,51374.22836700,0
1507064423,22727100,0.00004785,872.01700000,0
1507064423,22727099,0.00004785,40138.99142830,0
1507064423,22727098,0.00004784,1701.91103470,0
1507064422,22727092,0.00004784,1343.08896530,0
1507064422,22727090,0.00004784,1101.13283758,0
1507064422,22727088,0.00004775,1337.02244612,0
1507064422,22727083,0.00004775,1139.13700000,0
1507064421,22727079,0.00004775,2523.84055388,0
1507064421,22727076,0.00004770,3575.37322112,0
1507064421,22727072,0.00004770,1100.00000000,0
1507064421,22727067,0.00004770,2214.39011488,0
1507064421,22727065,0.00004769,339.15636212,0
1507064420,22727055,0.00004747,138.26669729,1
1507064419,22727047,0.00004748,1695.78181060,1
1507064419,22727041,0.00004750,867.54650600,1
1507064418,22727036,0.00004770,1791.14807800,0
1507064418,22727030,0.00004770,12774.08858600,0
1507064418,22727024,0.00004770,949.92424500,0
1507064418,22727021,0.00004770,9050.07575500,0
1507064414,22726983,0.00004741,2017.17872100,0
1507064312,22726882,0.00004740,865.70623207,1
1507064312,22726881,0.00004740,2459.29376793,0
1507064310,22726879,0.00004740,21044.43523207,0
1507064307,22726877,0.00004740,710.00000000,0
1507064115,22726800,0.00004730,4533.79498626,1
1507063999,22726754,0.00004730,3049.58818900,1
1507063971,22726748,0.00004730,3017.00000000,1
1507063944,22726743,0.00004730,2366.13240000,1
1507063924,22726735,0.00004730,167.27941100,1
1507063896,22726731,0.00004730,2400.00000000,1
1507063850,22726720,0.00004717,165.87417941,1
1507063477,22726590,0.00004749,447.15224258,0
1507062662,22726027,0.00004734,1921.42174000,1
1507062652,22726019,0.00004734,600.00000000,1
1507062647,22726013,0.00004731,2333.05085992,1
1507062647,22726012,0.00004750,154.69698208,1
1507062642,22726005,0.00004750,383.30301792,0
1507062344,22725891,0.00004740,1400.00000000,1
1507061881,22725689,0.00004727,477.71000000,1
1507061796,22725666,0.00004748,1681.01453243,1
1507061794,22725665,0.00004741,1797.70000000,0
1507061762,22725654,0.00004741,63.00000000,0
1507061745,22725652,0.00004719,47.00000000,1
1507061603,22725592,0.00004745,385.52118018,0
1507061530,22725523,0.00004747,227.41731619,0
1507061423,22725482,0.00004752,225.50210437,0
1507061423,22725481,0.00004751,598.93258469,1
1507061423,22725480,0.00004745,55.96940344,0
1507061422,22725479,0.00004735,22492.58648812,0
1507061389,22725466,0.00004735,454.98121644,0
1507061375,22725461,0.00004735,274.95425940,0
1507061297,22725429,0.00004724,989.00000000,1
1507061267,22725418,0.00004724,2117.57663844,1
1507061267,22725417,0.00004725,5759.92336156,1
1507061265,22725416,0.00004726,1172.50000000,1
1507061074,22725346,0.00004735,100.00000000,0
1507060993,22725318,0.00004735,50.00000000,0
1507060954,22725276,0.00004735,377.96975270,0
1507060799,22725167,0.00004735,530.50749736,0
1507060724,22725130,0.00004735,149.51460391,0
1507060663,22725101,0.00004735,100.29858982,0
1507060393,22724983,0.00004735,337.69057837,0
1507060339,22724974,0.00004725,663.00000000,1
1507060151,22724884,0.00004735,452.63780359,0
1507060139,22724876,0.00004735,93.60727895,0
1507060085,22724805,0.00004727,134.20000000,1
1507060035,22724785,0.00004735,550.26583193,0
1507059395,22724201,0.00004739,44.00000000,1
1507058857,22723954,0.00004748,2249.98609941,0
1507058629,22723816,0.00004750,698.63347368,0
1507058627,22723815,0.00004749,1553.86337166,0
1507058495,22723767,0.00004749,401.18677616,0
1507058261,22723665,0.00004748,342.82434709,1
1507058260,22723664,0.00004739,1905.02658789,0
1507058125,22723520,0.00004734,2197.95881700,1
1507058123,22723516,0.00004739,1094.97341211,0
1507058123,22723514,0.00004737,1101.13283758,0
1507058121,22723511,0.00004735,996.08553327,0
1507058118,22723509,0.00004734,339.34200000,1
1507057971,22723374,0.00004735,1003.91446673,0
1507057971,22723373,0.00004735,72.45455784,0
1507057342,22722888,0.00004717,785.46000000,1
1507057342,22722887,0.00004720,145.54000000,1
1507057086,22722704,0.00004729,1358.00000000,0
1507057083,22722702,0.00004729,229.06343836,0
1507057041,22722694,0.00004733,238.69892245,0
1507057040,22722693,0.00004720,900.00000000,1
1507056923,22722609,0.00004733,148.12211872,0
1507056914,22722602,0.00004720,3000.00000000,1
1507056913,22722600,0.00004720,215.00000000,1
1507056908,22722593,0.00004732,148.11308455,0
1507056898,22722582,0.00004720,3000.00000000,1
1507056774,22722503,0.00004732,990.46914623,0
1507056772,22722502,0.00004730,329.65406343,0
1507056614,22722403,0.00004730,159.30993657,0
1507056355,22722152,0.00004704,2266.29998832,1
1507056194,22722032,0.00004700,148.53355636,1
1507055985,22721941,0.00004723,70.74619501,1
1507055951,22721932,0.00004725,0.00002627,1
1507055867,22721878,0.00004731,4557.68103994,0
1507055470,22721590,0.00004725,384.37769262,1
1507054679,22721066,0.00004724,3239.60541913,1
1507054679,22721065,0.00004720,936.97260600,1
1507054677,22721064,0.00004720,395.56534932,0
1507054514,22720924,0.00004720,197.66949152,0
1507053977,22720631,0.00004727,2447.86799238,0
1507053902,22720608,0.00004722,1326.97925926,0
1507053879,22720600,0.00004717,626.26764534,0
1507053863,22720593,0.00004716,100.00000000,0
1507053835,22720568,0.00004717,493.62402303,0
1507053812,22720551,0.00004716,1130.49120204,0
1507053794,22720545,0.00004715,500.00000000,0
1507053704,22720498,0.00004715,170.55409296,0
1507053704,22720497,0.00004713,591.85400517,0
1507053396,22720332,0.00004719,1132.95041322,0
1507053372,22720328,0.00004728,2356.30478003,1
1507053370,22720326,0.00004700,2217.40000000,0
1507053210,22720199,0.00004701,26.46500744,0
1507052999,22720100,0.00004710,177.78824557,0
1507052778,22719970,0.00004720,5578.39322034,0
1507052722,22719936,0.00004671,28415.09158021,1
1507052722,22719935,0.00004672,940.44208286,1
1507052722,22719934,0.00004673,2310.55963204,0
1507052721,22719933,0.00004689,3021.69650564,1
1507052721,22719932,0.00004696,34406.94300000,1
1507052721,22719931,0.00004696,4692.51629925,1
1507052720,22719930,0.00004697,1212.75090000,1
1507052532,22719863,0.00004701,457.00000000,1
1507052408,22719792,0.00004728,105.00000000,0
1507052325,22719750,0.00004708,2664.45612074,0
1507052309,22719736,0.00004709,3165.69044000,0
1507052040,22719555,0.00004706,533.46536336,0
1507052036,22719540,0.00004705,4.67587672,0
1507051701,22719308,0.00004705,493.81062699,1
1507051553,22719254,0.00004697,315.98616137,0
1507051414,22719202,0.00004686,334.47991511,1
1507051382,22719191,0.00004702,456.63823904,0
1507051372,22719153,0.00004701,742.66560306,0
1507051142,22719030,0.00004698,2284.81204767,0
1507050758,22718804,0.00004698,273.46466581,0
1507050748,22718801,0.00004696,718.44250425,1
1507050704,22718780,0.00004670,51498.62067936,1
1507050703,22718779,0.00004677,14211.05698200,0
1507050703,22718778,0.00004677,4644.66451999,0
1507050703,22718777,0.00004670,2604.82912330,1
1507050702,22718776,0.00004677,4645.65781865,1
1507050702,22718774,0.00004681,1223.65190000,1
1507050602,22718702,0.00004685,35058.58198274,0
1507050602,22718700,0.00004686,8679.69900000,1
1507050602,22718699,0.00004687,45676.34800000,0
1507050601,22718698,0.00004687,10585.37101726,0
1507050382,22718559,0.00004681,2133.55767300,0
1507050351,22718491,0.00004681,1622.35172600,0
1507050342,22718482,0.00004682,15920.00648048,0
1507050342,22718481,0.00004681,1399.99351952,0
1507050338,22718480,0.00004681,1999.99958000,0
1507050333,22718471,0.00004682,2000.00000000,0
1507050332,22718470,0.00004682,5202.26000000,0
1507050324,22718464,0.00004682,1015.52401719,0
1507050324,22718463,0.00004681,4039.59576181,0
1507050303,22718446,0.00004682,180.17005100,0
1507050303,22718445,0.00004681,1823.50072700,0
1507050302,22718444,0.00004681,2976.01899000,0
1507050285,22718431,0.00004682,5955.77769200,0
1507050284,22718430,0.00004682,13461.14923400,0
1507050282,22718429,0.00004682,72838.02934200,0
1507050282,22718428,0.00004682,5140.66620400,0
1507050281,22718427,0.00004682,1103.81800000,0
1507050281,22718425,0.00004682,5349.32279600,0
1507050281,22718424,0.00004682,3445.10207275,0
1507050280,22718423,0.00004682,71326.98000000,0
1507050278,22718422,0.00004683,1238.74590000,1
1507050278,22718421,0.00004686,11211.21100000,1
1507050278,22718420,0.00004688,8448.66485920,1
1507050278,22718419,0.00004692,3803.78313046,1
1507050204,22718386,0.00004688,8357.89248900,0
1507050203,22718385,0.00004667,19262.36184678,0
1507050203,22718384,0.00004667,64503.04200000,0
1507050203,22718383,0.00004688,1216.38680000,1
1507050202,22718382,0.00004689,2271.90000000,1
1507050202,22718381,0.00004689,8119.28700000,1
1507050202,22718380,0.00004690,4205.18602154,0
1507050200,22718379,0.00004698,421.83633168,1
1507050093,22718343,0.00004713,1137.54254190,0
1507050028,22718317,0.00004715,84.47189819,0
1507050026,22718314,0.00004699,95.27884615,0
1507049876,22718195,0.00004698,1000.00000000,0
1507049721,22718071,0.00004699,14396.71077800,0
1507049720,22718067,0.00004699,2237.41011934,1
1507049720,22718066,0.00004699,4518.33479566,1
1507049711,22718057,0.00004700,4991.95224303,1
1507049453,22717854,0.00004722,869.73062261,0
1507049451,22717852,0.00004719,212.34551783,0
1507049145,22717612,0.00004714,4012.84259652,0
1507049145,22717610,0.00004714,131.82046228,1
1507049145,22717609,0.00004706,4000.00000000,0
1507049145,22717606,0.00004705,1030.53888889,0
1507049144,22717605,0.00004697,0.00000021,0
1507048916,22717387,0.00004697,11603.57166000,0
1507048905,22717380,0.00004697,28493.65222700,0
1507048864,22717309,0.00004697,2627.98502900,0
1507048863,22717307,0.00004697,2437.91033811,0
1507048825,22717232,0.00004697,381.19200819,0
1507048740,22717143,0.00004697,455.68873749,0
1507048594,22717032,0.00004694,11501.90698499,1
1507048583,22717023,0.00004693,1883.59709000,0
1507048550,22716996,0.00004694,5072.98424600,0
1507048321,22716783,0.00004695,1419.25069222,0
1507048319,22716782,0.00004694,3192.75920626,0
1507048258,22716743,0.00004692,5665.05408100,0
1507048233,22716714,0.00004696,611.39424668,0
1507048233,22716713,0.00004696,986.72388672,0
1507048186,22716678,0.00004689,909.19433100,0
1507048182,22716671,0.00004688,1727.55773000,0
1507048163,22716654,0.00004693,100.00000000,0
1507048105,22716621,0.00004691,102.42047457,1
1507047912,22716462,0.00004679,466.88138491,0
1507047617,22716131,0.00004680,253.13205128,1
1507047615,22716121,0.00004671,204.13061764,0
1507047545,22716053,0.00004676,310.87596236,0
1507047474,22715992,0.00004670,5190.76931677,1
1507047474,22715991,0.00004671,16689.55553360,1
1507047472,22715987,0.00004678,204.13061764,1
1507047371,22715900,0.00004687,2277.78216343,0
1507046833,22715313,0.00004655,285.93573356,0
1507046833,22715311,0.00004658,1228.50380000,1
1507046833,22715310,0.00004658,209.56665313,1
1507046831,22715309,0.00004659,1734.99381331,1
1507046795,22715269,0.00004664,5414.76424034,0
1507046794,22715268,0.00004664,2427.50000000,1
1507046794,22715266,0.00004664,592.60000000,1
1507046314,22714707,0.00004665,630.06203458,1
1507046314,22714706,0.00004666,237.73209597,1
1507046030,22714430,0.00004673,1143.50267494,0
1507045778,22714272,0.00004683,471.43390988,0
1507045648,22714152,0.00004684,2124.03928266,0
1507045554,22714106,0.00004682,770.76823262,0
1507045554,22714104,0.00004682,81.43680796,0
1507045536,22714095,0.00004681,14671.28866661,0
1507045536,22714094,0.00004680,96.75660352,0
1507045314,22713990,0.00004683,1721.64017200,1
1507045284,22713975,0.00004684,5419.88770281,0
1507045261,22713965,0.00004683,972.25281500,1
1507045235,22713962,0.00004683,6000.00000000,1
1507045202,22713955,0.00004683,2688.10701300,1
1507045150,22713942,0.00004683,218.00000000,1
1507045114,22713923,0.00004683,836.98123729,1
1507045113,22713921,0.00004683,1719.08837621,0
1507045047,22713820,0.00004682,3979.74540794,0
1507045045,22713814,0.00004665,641.29984163,0
1507045020,22713750,0.00004669,761.94040706,1
1507044990,22713697,0.00004667,905.27573464,0
1507043984,22713084,0.00004665,845.19357400,1
1507043521,22712833,0.00004675,652.83422459,0
1507043440,22712743,0.00004665,1986.70271857,1
1507043440,22712742,0.00004670,249.00000000,1
1507043228,22712593,0.00004665,2928.10370700,1
1507043046,22712531,0.00004676,2689.07506415,0
1507042758,22712320,0.00004676,189.49123182,0
1507042251,22711992,0.00004676,4474.76432848,0
1507042072,22711896,0.00004669,459.04433497,0
1507041975,22711839,0.00004676,258.78934987,1
1507041975,22711838,0.00004674,3333.40226700,0
1507041973,22711837,0.00004673,489.60863147,0
1507041973,22711836,0.00004673,448.32281722,0
1507041702,22711715,0.00004673,254.27027605,0
1507041535,22711517,0.00004675,702.02759358,0
1507041533,22711512,0.00004673,646.48712771,0
1507041432,22711418,0.00004660,2605.37805920,1
1507041429,22711415,0.00004659,646.48712771,1
1507041385,22711382,0.00004692,3196.27003410,1
1507041385,22711381,0.00004692,3712.93712868,0
1507041277,22711287,0.00004681,592.61589403,0
1507041277,22711286,0.00004681,5199.80741430,0
1507041234,22711274,0.00004663,204.33613935,1
1507041234,22711273,0.00004663,4083.19826040,1
1507041227,22711267,0.00004667,284.23653000,0
1507040755,22710888,0.00004669,310.61679000,1
1507040501,22710683,0.00004685,9082.25666738,0
1507040489,22710681,0.00004691,1494.66275847,0
1507040489,22710680,0.00004690,4093.08747260,0
1507040487,22710679,0.00004681,6159.12474735,0
1507040436,22710628,0.00004681,639.29032258,0
1507040164,22710404,0.00004680,1005.98290598,0
1507040138,22710392,0.00004676,82.17182961,1
1507040137,22710390,0.00004679,496.54306475,0
1507039861,22710189,0.00004666,722.71332677,0
1507039860,22710188,0.00004666,388.28667323,1
1507039771,22710131,0.00004680,460.54444444,0
1507039760,22710119,0.00004671,773.88685800,1
1507039646,22709931,0.00004684,3372.99874100,0
1507039639,22709917,0.00004685,425.64823906,0
1507039598,22709867,0.00004681,8675.50437940,1
1507039598,22709866,0.00004681,9538.80000000,1
1507039598,22709864,0.00004681,4834.12205726,1
1507039598,22709863,0.00004682,400.56958774,1
1507039585,22709851,0.00004681,6347.75710200,1
1507039557,22709828,0.00004682,799.40562330,1
1507039544,22709818,0.00004681,7487.38400000,1
1507039537,22709812,0.00004681,1563.33100000,1
1507039532,22709811,0.00004682,2829.60176600,1
1507039519,22709793,0.00004681,2882.09858600,1
1507039511,22709789,0.00004682,5199.80741430,1
1507039510,22709788,0.00004681,7886.85500000,1
1507039505,22709777,0.00004681,2369.49395315,1
1507039505,22709775,0.00004682,832.91905485,1
1507039170,22709359,0.00004697,457.60144773,0
1507039042,22709281,0.00004697,2294.25633383,0
1507038968,22709236,0.00004690,2227.07520962,1
1507038952,22709225,0.00004690,47772.92479038,1
1507038952,22709224,0.00004691,5941.39021962,1
1507038936,22709212,0.00004708,2281.50934579,0
1507038901,22709142,0.00004691,387.76699100,1
1507038809,22709109,0.00004700,7131.21563679,1
1507038808,22709106,0.00004700,4189.00730300,1
1507038807,22709104,0.00004700,13881.16683183,1
1507038805,22709098,0.00004700,10508.97139316,0
1507038805,22709097,0.00004691,14289.63883522,0
1507038802,22709094,0.00004691,2893.29716478,0
1507038642,22709014,0.00004692,58.79412000,0
1507038455,22708857,0.00004695,63.94920616,0
1507038455,22708856,0.00004695,91.35600881,0
1507038454,22708855,0.00004695,130.50858400,0
1507038454,22708854,0.00004695,186.44083430,0
1507038453,22708853,0.00004695,257.19940555,0
1507038398,22708801,0.00004694,3764.28610992,0
1507038381,22708789,0.00004682,1889.00000000,1
1507038313,22708747,0.00004695,63.50395879,0
1507038313,22708743,0.00004694,76.39962410,0
1507038179,22708605,0.00004694,591.68853855,0
1507038089,22708508,0.00004694,11616.95291861,0
1507037939,22708323,0.00004693,1132.94438525,0
1507037887,22708286,0.00004692,18744.49211760,0
1507037813,22708246,0.00004694,11748.23178525,0
1507037671,22708096,0.00004691,552.76060541,0
1507037575,22708008,0.00004692,14960.95439045,0
1507037573,22708005,0.00004689,3750.00000000,0
1507037411,22707770,0.00004682,2536.11046157,0
1507037399,22707739,0.00004682,10585.37101707,0
1507037398,22707738,0.00004682,11729.22379404,1
1507037398,22707737,0.00004682,149.29472732,1
1507037317,22707656,0.00004685,399.55000000,1
1507037162,22707553,0.00004684,4636.64664700,1
1507037154,22707546,0.00004681,15808.28644200,1
1507037152,22707543,0.00004681,1357.70000000,0
1507037059,22707484,0.00004687,251.13228078,0
1507036804,22707274,0.00004689,531.83301344,0
1507036506,22707002,0.00004692,459.20502983,0
1507036435,22706902,0.00004698,72.45000000,0
1507036383,22706852,0.00004680,298.64767970,0
1507036380,22706838,0.00004680,1496.80000000,1
1507036146,22706556,0.00004701,60.85683897,0
1507036146,22706555,0.00004700,175.00000000,0
1507036145,22706550,0.00004699,133.21436016,0
1507036086,22706418,0.00004683,50.00000000,1
1507035904,22706074,0.00004686,9690.98907000,0
1507035882,22706040,0.00004687,906.87282426,0
1507035881,22706032,0.00004686,0.00000340,1
1507035880,22706028,0.00004680,8323.77006539,0
1507035880,22706027,0.00004679,7008.25026121,0
1507035850,22705894,0.00004680,2529.09052269,0
1507035829,22705854,0.00004679,201.00935000,1
1507035811,22705820,0.00004679,192.46725732,0
1507035644,22705674,0.00004680,4500.00000000,0
1507035642,22705670,0.00004680,1299.89325808,0
1507035641,22705665,0.00004675,20.00000000,0
1507035639,22705651,0.00004675,180.00000000,0
1507035631,22705610,0.00004675,1800.00000000,0
1507035498,22705229,0.00004661,14159.42796610,1
1507035464,22705193,0.00004673,49.09608389,0
1507034918,22704821,0.00004674,486.42618741,0
1507034907,22704800,0.00004675,1322.89582888,0
1507034852,22704708,0.00004669,3418.31205826,0
1507034496,22704564,0.00004677,128.07481814,1
1507034339,22704450,0.00004659,151.00000000,1
1507033685,22704003,0.00004677,187.68548215,0
1507033673,22704000,0.00004677,45.03934145,0
1507033661,22703998,0.00004676,174.94669906,1
1507033656,22703995,0.00004680,3347.24615384,0
1507033656,22703994,0.00004677,7784.31400000,1
1507033656,22703993,0.00004677,1630.68238244,0
1507032901,22703519,0.00004670,260.85524625,1
1507032899,22703517,0.00004660,196.23724102,0
1507032856,22703499,0.00004660,121.30912678,0
1507032653,22703361,0.00004658,174.27099400,1
1507032430,22703205,0.00004660,91.74752121,0
1507032313,22703070,0.00004653,208.97936866,1
1507032294,22703060,0.00004653,166.13146791,0
1507032188,22703011,0.00004651,207.61984781,0
1507032187,22703006,0.00004641,2136.51124427,1
1507032187,22703005,0.00004650,621.08424873,1
1507031968,22702754,0.00004627,590.70611099,1
1507031966,22702753,0.00004631,409.29388901,1
1507031793,22702664,0.00004644,94.89061613,0
1507031762,22702640,0.00004650,1142.00000000,0
1507031746,22702632,0.00004649,214.45472144,0
1507031062,22702186,0.00004655,159.34538808,0
1507030917,22702100,0.00004655,602.55879675,0
1507030520,22701859,0.00004630,599.07692307,1
1507030411,22701787,0.00004658,3010.50171747,0
1507030411,22701786,0.00004658,2430.40000000,0
1507030315,22701731,0.00004664,580.07225557,0
1507030283,22701703,0.00004651,10177.41526100,1
1507030280,22701701,0.00004644,407.95575646,1
1507030279,22701700,0.00004655,2355.34863354,1
1507029931,22701404,0.00004647,210.36988025,0
1507029931,22701403,0.00004647,2105.40000000,1
1507029931,22701402,0.00004651,0.00002856,1
1507029929,22701401,0.00004653,209.23009119,1
1507029468,22701147,0.00004666,1000.00000000,0
1507029312,22701076,0.00004651,497.74705144,1
1507029153,22700857,0.00004670,1644.38543897,1
1507029152,22700855,0.00004662,1035.55803897,0
1507028886,22700609,0.00004667,100.00350012,0
1507028885,22700608,0.00004667,4088.12573147,0
1507028885,22700607,0.00004666,1366.65612821,0
1507028885,22700606,0.00004666,4424.30970202,0
1507028832,22700545,0.00004651,2121.32845300,1
1507028817,22700512,0.00004675,18345.08572000,0
1507028814,22700500,0.00004677,244.26023626,0
1507028814,22700499,0.00004657,4965.15839262,0
1507028475,22700243,0.00004647,287.53604476,0
1507028363,22700039,0.00004649,812.97619051,0
1507028245,22699934,0.00004655,133.76501505,0
1507028025,22699814,0.00004663,64.85294118,0
1507028015,22699813,0.00004669,92.64705882,0
1507028015,22699812,0.00004669,132.35294118,0
1507028014,22699811,0.00004669,189.07563025,0
1507028014,22699810,0.00004669,63.02521008,0
1507028004,22699807,0.00004659,61.76470588,0
1507028003,22699806,0.00004659,88.23529412,0
1507027993,22699802,0.00004659,126.05042017,0
1507027843,22699711,0.00004662,73.39196000,0
1507027735,22699656,0.00004666,50.11193505,0
1507027735,22699654,0.00004666,71.58847864,0
1507027734,22699653,0.00004664,102.26925520,0
1507027718,22699631,0.00004664,2023.84605488,0
1507027716,22699623,0.00004663,3844.66705092,0
1507027714,22699607,0.00004663,52.87405462,0
1507027714,22699606,0.00004663,75.53432773,0
1507027713,22699605,0.00004663,107.90621849,0
1507027713,22699603,0.00004663,154.15178571,0
1507026849,22698788,0.00004657,1344.75993128,0
1507026571,22698534,0.00004668,51.62596401,0
1507025881,22698053,0.00004687,136.54448474,0
1507025881,22698052,0.00004687,68.21269100,0
1507025881,22698051,0.00004685,822.03003641,0
1507025879,22698049,0.00004683,3536.58237898,0
1507025842,22698038,0.00004656,941.70384050,1
1507025842,22698037,0.00004660,3060.52778258,1
1507025840,22698036,0.00004661,608.47274162,1
1507025790,22698018,0.00004684,585.97651579,0
1507025790,22698017,0.00004683,4024.72784661,0
1507025788,22698016,0.00004671,0.00000231,0
1507025150,22697271,0.00004671,2408.70520000,0
1507024686,22696712,0.00004632,30298.51111101,1
1507024686,22696711,0.00004633,1402.50309353,1
1507024684,22696710,0.00004636,16704.98579546,1
1507024615,22696677,0.00004654,361.14009454,0
1507024395,22696569,0.00004644,2063.74022700,1
1507024394,22696568,0.00004644,3136.06718707,1
1507024394,22696567,0.00004644,1218.72550793,1
1507023979,22696225,0.00004652,151.91817960,0
1507023888,22695964,0.00004643,1042.50705000,1
1507023870,22695940,0.00004671,764.41939627,1
1507023869,22695939,0.00004671,1911.75983930,0
1507023813,22695921,0.00004645,1042.28256600,1
1507023753,22695891,0.00004667,321.03149775,0
1507023632,22695846,0.00004663,219.38751892,0
1507023620,22695844,0.00004665,641.37191854,0
1507023174,22695477,0.00004672,454.44460580,0
1507023102,22695448,0.00004664,0.00000047,1
1507023080,22695426,0.00004664,2637.71780300,1
1507023077,22695421,0.00004663,4329.34269547,0
1507023077,22695420,0.00004662,16648.45532223,0
1507022439,22694776,0.00004643,884.90011973,1
1507022034,22694445,0.00004645,2274.93455328,0
1507021882,22694282,0.00004643,233.47896205,1
1507021867,22694267,0.00004640,1000.00000000,1
1507021738,22694165,0.00004645,1133.15586652,1
1507021736,22694164,0.00004645,262.00000000,1
1507021723,22694163,0.00004647,105.85709771,0
1507021632,22694115,0.00004645,300.00000000,1
1507021541,22694088,0.00004650,2000.00000000,1
1507021541,22694087,0.00004651,135.25318143,1
1507021355,22694019,0.00004657,102.00000000,1
1507021237,22693954,0.00004686,317.03926589,0
1507021237,22693951,0.00004685,254.72316655,1
1507021236,22693948,0.00004685,250.20000000,1
1507021235,22693947,0.00004685,282.99813862,0
1507021204,22693938,0.00004666,636.31783111,1
1507021204,22693937,0.00004663,1681.17706111,0
1507021202,22693931,0.00004662,184.99223510,0
1507020769,22693709,0.00004662,27.90776490,0
1507020769,22693708,0.00004662,500.00000000,0
1507020763,22693703,0.00004645,11937.33420767,1
1507020762,22693702,0.00004646,14570.99011326,1
1507020762,22693701,0.00004647,124.47703507,1
1507020756,22693693,0.00004647,1721.31637793,0
1507020755,22693692,0.00004646,521.56036921,1
1507020753,22693689,0.00004651,1406.86998907,1
1507020752,22693688,0.00004653,520.77556212,1
1507020518,22693573,0.00004662,1000.00000000,1
1507020494,22693560,0.00004654,357.40124300,1
1507020388,22693429,0.00004651,53.71010123,1
1507020340,22693376,0.00004665,1000.00000000,1
1507020235,22693245,0.00004680,1128.94294871,0
1507020089,22693096,0.00004676,1134.66873396,0
1507020057,22693013,0.00004665,1000.00000000,1
1507019900,22692855,0.00004677,96.05102420,0
1507019755,22692759,0.00004670,999.99999979,1
1507019732,22692753,0.00004668,0.00000021,0
1507018965,22692106,0.00004668,2145.07462700,0
1507018948,22692095,0.00004668,21306.53338183,0
1507018948,22692094,0.00004667,1192.94311017,0
1507018943,22692092,0.00004668,2145.07462700,0
1507018942,22692085,0.00004668,2195.22137300,0
1507018940,22692084,0.00004667,1192.94311017,0
1507018940,22692083,0.00004666,6662.04130920,0
1507018884,22692026,0.00004667,155.00346496,0
1507018779,22691951,0.00004667,299.12149132,0
1507018664,22691910,0.00004668,403.47584490,0
1507018651,22691902,0.00004667,355.74541255,0
1507018580,22691865,0.00004671,81.93087186,0
1507018438,22691582,0.00004681,150.62014606,0
1507018402,22691514,0.00004680,1500.52200855,0
1507017913,22691143,0.00004684,116.34998963,0
1507017889,22691106,0.00004675,5741.40705882,0
1507017308,22690603,0.00004653,28.15852411,0
1507017307,22690602,0.00004653,3971.84147589,1
1507017261,22690516,0.00004671,795.44080496,0
1507017226,22690494,0.00004679,42.63752939,0
1507017183,22690470,0.00004673,527.26150566,0
1507017175,22690466,0.00004679,1952.83415259,1
1507017173,22690464,0.00004657,320.64994103,0
1507016777,22690265,0.00004657,0.00000617,1
1507016772,22690258,0.00004657,320.64994720,1
1507016648,22690106,0.00004668,510.47943444,0
1507016614,22690094,0.00004671,65.12920648,0
1507016461,22689980,0.00004669,1068.22253159,0
1507016250,22689863,0.00004653,4411.56709480,1
1507016248,22689857,0.00004660,5049.99865382,1
1507016248,22689856,0.00004661,11698.79737716,1
1507016248,22689855,0.00004662,1103.04170996,1
1507016052,22689711,0.00004684,496.54099060,1
1507016052,22689710,0.00004678,4112.59240551,0
1507015804,22689548,0.00004671,1336.12117319,0
1507015803,22689541,0.00004671,1066.00000000,0
1507015769,22689528,0.00004660,1026.71287300,1
1507015617,22689428,0.00004661,3373.21915700,1
1507015435,22689233,0.00004679,435.06385188,0
1507015390,22689218,0.00004677,496.00391790,0
1507015034,22688962,0.00004666,325.00000000,1
1507014559,22688300,0.00004663,1242.49120000,0
1507014552,22688289,0.00004667,423.94598686,0
1507014294,22687875,0.00004666,338.39817123,0
1507014000,22687723,0.00004651,1232.17436130,1
1507013990,22687702,0.00004661,128.40656511,0
1507013649,22687549,0.00004663,939.78254342,0
1507013062,22687176,0.00004664,1019.51114922,0
1507013012,22687149,0.00004670,946.36852248,1
1507013012,22687148,0.00004664,2428.50000000,1
1507013010,22687147,0.00004662,1230.67900000,0
1507012976,22687108,0.00004644,1227.33990000,0
1507012714,22686889,0.00004671,4528.49239991,0
1507012714,22686884,0.00004667,5199.80741430,0
1507012714,22686883,0.00004667,680.79531576,1
1507012712,22686878,0.00004663,1236.58350000,0
1507012037,22686427,0.00004686,4593.09965855,0
1507011714,22686249,0.00004673,2428.50000000,1
1507011524,22685989,0.00004686,533.50405463,0
1507011192,22685564,0.00004682,311.36811446,0
1507010936,22685370,0.00004648,220.34439484,1
1507010703,22685184,0.00004686,487.40930431,0
1507010594,22685123,0.00004678,33.40487387,0
1507009820,22684658,0.00004679,828.32400085,0
1507009647,22684538,0.00004668,0.00000075,0
1507009631,22684508,0.00004668,159.24560000,0
1507009627,22684499,0.00004668,1668.75439925,0
1507009540,22684038,0.00004671,1828.14810140,0
1507009539,22684032,0.00004668,429.85189860,0
1507009473,22683739,0.00004645,164.98000000,0
1507009332,22683621,0.00004667,99.26446795,0
1507009173,22683561,0.00004672,212.83592615,0
1507008896,22683444,0.00004686,1636.41549295,1
1507008896,22683443,0.00004685,582.84072891,0
1507008895,22683442,0.00004668,2914.20364454,0
1507008895,22683441,0.00004663,3908.97515067,0
1507008893,22683440,0.00004659,2440.90000000,0
1507008650,22683317,0.00004648,2326.10000000,1
1507008650,22683316,0.00004648,2440.90000000,1
1507008546,22683256,0.00004650,5232.97528400,0
1507008527,22683246,0.00004652,2000.00000000,1
1507008509,22683235,0.00004650,2000.00000000,1
1507008346,22682967,0.00004660,87.57875536,1
1507008345,22682964,0.00004655,18.79125697,0
1507008336,22682933,0.00004655,229.20874303,0
1507008319,22682845,0.00004643,2000.00000000,1
1507008143,22682609,0.00004648,716.43713422,0
1507007526,22682357,0.00004639,72.45455784,1
1507007469,22682355,0.00004641,2041.86791640,0
1507007309,22682316,0.00004645,254.04650161,0
1507006597,22682152,0.00004646,161.05854498,1
1507006597,22682150,0.00004646,1155.54607017,0
1507006586,22682145,0.00004633,161.15549675,0
1507006552,22682131,0.00004621,1156.55251100,1
1507006211,22682034,0.00004620,240.27510822,0
1507006209,22682033,0.00004619,2000.68087735,0
1507006093,22682021,0.00004619,97.81359601,0
1507006091,22682019,0.00004618,351.39984102,0
1507005451,22681958,0.00004620,694.08441558,0
1507005401,22681951,0.00004620,167.29736237,0
1507005377,22681940,0.00004619,510.43968525,1
1507005377,22681939,0.00004633,161.15549675,1
1507004933,22681848,0.00004639,200.00000000,0
1507004779,22681829,0.00004617,900.00000000,1
1507003428,22681485,0.00004644,4809.78294573,0
1507003011,22681430,0.00004642,0.00000007,1
1507002886,22681419,0.00004645,566.16209605,0
1507002863,22681416,0.00004642,2016.16803000,1
1507002862,22681415,0.00004650,728.54539045,0
1507002733,22681408,0.00004652,200.00000000,0
1507002371,22681357,0.00004646,2147.02152389,0
1507002233,22681342,0.00004677,50.21615993,0
1507002225,22681341,0.00004678,250.14514749,0
1507002225,22681340,0.00004653,2404.89376878,0
1507002223,22681339,0.00004649,20384.23200000,0
1507001443,22681197,0.00004642,2222.60488564,0
1507001443,22681196,0.00004642,2857.29952726,0
1507001407,22681192,0.00004628,2223.50416500,0
1507001195,22681137,0.00004653,4511.68042123,0
1507000872,22681091,0.00004644,80.11513637,0
1507000858,22681088,0.00004645,931.42368137,0
1507000857,22681087,0.00004644,1504.08067341,1
1507000809,22681082,0.00004646,1118.50990099,0
1507000579,22681015,0.00004627,3246.26151100,1
1507000579,22681014,0.00004637,1043.41730900,1
1507000434,22680999,0.00004642,4512.63033175,0
1507000371,22680941,0.00004637,68.21269100,1
1507000321,22680927,0.00004660,484.53240343,0
1507000265,22680918,0.00004653,1396.58628841,1
1507000264,22680917,0.00004653,852.90336181,0
1507000044,22680893,0.00004653,42.92628411,0
1506999634,22680823,0.00004640,1230.37851174,1
1506999634,22680822,0.00004644,10585.37101726,1
1506999633,22680821,0.00004683,258.54665812,0
1506999631,22680820,0.00004654,1261.20000000,0
1506999631,22680819,0.00004654,794.65765245,0
1506999588,22680801,0.00004657,10710.81962637,0
1506999581,22680800,0.00004656,2578.57152061,0
1506999581,22680799,0.00004655,2153.46702731,1
1506999580,22680798,0.00004655,944.14770588,0
1506999363,22680786,0.00004658,1113.01245169,0
1506999255,22680775,0.00004651,446.03096108,0
1506998989,22680675,0.00004652,472.69776440,0
1506998834,22680636,0.00004651,445.71274994,0
1506998531,22680593,0.00004638,2373.00000000,1
1506998420,22680583,0.00004664,13833.61642367,0
1506998420,22680582,0.00004664,7112.49900000,1
1506998420,22680581,0.00004663,329.08240559,0
1506998419,22680580,0.00004655,1645.41202794,0
1506997582,22680332,0.00004641,9691.89153800,1
1506997547,22680311,0.00004647,893.47947900,1
1506997195,22680217,0.00004644,1440.78767853,1
1506997195,22680216,0.00004644,0.00000047,1
1506996516,22680061,0.00004656,466.37440537,1
1506996248,22679981,0.00004660,479.43581800,1
1506996084,22679960,0.00004687,999.64796244,0
1506996083,22679959,0.00004682,1110.53000000,0
1506996082,22679958,0.00004682,0.53000000,0
1506996082,22679957,0.00004682,562.06951780,0
1506996068,22679954,0.00004682,403.40593923,0
1506996021,22679941,0.00004682,144.52454297,0
1506995793,22679873,0.00004675,2220.23122994,0
1506995752,22679863,0.00004676,177.45246348,0
1506995739,22679861,0.00004677,443.65020312,0
1506995279,22679729,0.00004671,2182.45172339,0
1506995278,22679727,0.00004669,266.04168788,1
1506995277,22679725,0.00004669,7101.28800000,0
1506994931,22679628,0.00004673,13933.51808260,0
1506994872,22679617,0.00004652,65.93400000,1
1506994594,22679583,0.00004650,250.00000000,0
1506994472,22679539,0.00004653,1460.05531602,1
1506994467,22679532,0.00004652,589.17981732,1
1506994467,22679531,0.00004652,3508.71116749,1
1506994416,22679509,0.00004675,384.06652406,0
1506994413,22679507,0.00004654,1092.01523837,1
1506994201,22679410,0.00004676,1066.62339607,0
1506994087,22679400,0.00004645,60.45000000,1
1506994086,22679399,0.00004645,489.55000000,1
1506993802,22679338,0.00004657,947.02812969,0
1506993729,22679330,0.00004644,5028.65125600,1
1506993726,22679329,0.00004644,6871.44721682,1
1506993570,22679279,0.00004648,489.24268502,0
1506993508,22679261,0.00004643,53.71010123,0
1506992036,22678897,0.00004648,447.18975903,0
1506991632,22678821,0.00004643,958.58618197,0
1506991554,22678811,0.00004643,107.87856070,0
1506991283,22678736,0.00004641,1149.83085542,0
1506991277,22678735,0.00004642,153.38216286,0
1506991222,22678706,0.00004642,259.69010390,0
1506990883,22678631,0.00004649,897.92041299,0
1506990725,22678602,0.00004653,628.00000000,0
1506990645,22678585,0.00004655,244.25349087,0
1506990511,22678547,0.00004649,245.86750287,1
1506990448,22678524,0.00004645,590.98277300,0
1506989826,22678354,0.00004641,8320.17586711,0
1506989596,22678303,0.00004645,1073.74187298,0
