date,tid,price,amount,type
1507075215,22731281,0.20262,4649.11481567,1
1507075215,22731279,0.20263,14877.84095000,1
1507075214,22731278,0.20319,473.04423433,1
1507075086,22731227,0.20368,189.13565396,0
1507075084,22731225,0.20367,806.30426000,0
1507074969,22731144,0.20319,153.95576567,0
1507074928,22731113,0.20250,17427.77642655,0
1507074926,22731111,0.20250,1674.76800000,0
1507074831,22731084,0.20250,6873.93067800,0
1507074831,22731083,0.20249,957.98526000,0
1507074801,22731078,0.20250,3861.79969000,0
1507074801,22731077,0.20249,1138.20031000,0
1507074748,22731072,0.20250,6047.68280000,0
1507074747,22731071,0.20249,1352.31720000,0
1507074515,22731028,0.20249,190.49030600,0
1507074312,22730998,0.20249,1230.71742700,0
1507074228,22730944,0.20250,334.84649300,0
1507074228,22730943,0.20249,1874.06941000,0
1507074222,22730938,0.20203,10970.25650000,1
1507074220,22730937,0.20204,2500.00000000,1
1507074190,22730935,0.20249,501.50669662,0
1507074034,22730917,0.20250,140.46252400,0
1507074034,22730916,0.20249,2320.95997000,0
1507074005,22730912,0.20249,2664.32461000,0
1507074005,22730911,0.20227,44.00000000,0
1507073978,22730906,0.20203,35700.30317000,1
1507073978,22730905,0.20204,5089.69683000,1
1507073978,22730904,0.20205,2500.00000000,1
1507073787,22730872,0.20250,3603.84032900,0
1507073575,22730816,0.20249,1524.53275200,0
1507073480,22730778,0.20250,2252.07809200,0
1507073480,22730777,0.20249,2588.11134000,0
1507073480,22730776,0.20248,1202.99260000,0
1507073480,22730775,0.20248,3252.83355000,0
1507073206,22730721,0.20248,806.82955200,0
1507073090,22730712,0.20115,27682.38839000,1
1507073089,22730711,0.20116,5000.00000000,1
1507073089,22730710,0.20129,5211.14741000,1
1507073089,22730709,0.20130,0.81600000,1
1507073089,22730708,0.20169,18317.73900000,1
1507073089,22730707,0.20170,5000.00000000,1
1507073089,22730706,0.20189,2050.00920000,1
1507073089,22730705,0.20190,2500.00000000,1
1507073012,22730691,0.20249,2006.89688985,0
1507073009,22730688,0.20249,29.28539680,0
1507073006,22730684,0.20250,1621.24659513,0
1507072997,22730681,0.20249,2477.71311000,0
1507072838,22730635,0.20249,871.02035745,0
1507072832,22730629,0.20249,871.02035745,0
1507072812,22730624,0.20249,1120.99452300,0
1507072806,22730623,0.20218,44.00000000,0
1507072727,22730598,0.20246,444.73127400,0
1507072658,22730588,0.20250,6161.56837232,0
1507072658,22730587,0.20249,3318.57051000,0
1507072657,22730586,0.20240,7864.36856468,0
1507072500,22730541,0.20240,5094.90827100,0
1507072500,22730540,0.20239,270.00000000,0
1507072207,22730438,0.20240,24.64194664,0
1507072109,22730403,0.20181,2500.00000000,1
1507072108,22730402,0.20240,616.17237768,0
1507072108,22730401,0.20239,2196.59000000,0
1507071783,22730276,0.20174,44.00000000,0
1507070928,22729949,0.20240,5612.90884000,0
1507070601,22729842,0.20200,30.00000000,0
1507070576,22729838,0.20179,90.00000000,0
1507069552,22729555,0.20161,30.00000000,1
1507069407,22729510,0.20160,1160.15941700,1
1507069406,22729509,0.20161,270.00000000,1
1507069310,22729485,0.20222,261.27475501,0
1507069310,22729484,0.20200,100.00000000,0
1507069308,22729483,0.20180,90.00000000,0
1507068995,22729314,0.20160,12385.09890400,1
1507068862,22729262,0.20176,810.81988501,0
1507068724,22729220,0.20130,3518.00000000,1
1507068492,22729133,0.20130,1086.18400000,1
1507068479,22729128,0.20131,2043.91630000,1
1507068479,22729126,0.20131,986.08370000,1
1507068474,22729116,0.20131,3026.00000000,1
1507068471,22729115,0.20131,538.12370000,1
1507068470,22729114,0.20131,3030.00000000,1
1507068467,22729112,0.20131,2334.78608100,1
1507068453,22729106,0.20131,2503.56394800,1
1507068443,22729099,0.20150,270.00000000,1
1507068200,22729015,0.20137,90.00000000,0
1507068200,22729014,0.20137,867.34240000,0
1507068200,22729013,0.20135,90.00000000,0
1507068197,22729012,0.20137,1542.65760000,0
1507068129,22728990,0.20150,1484.14449200,1
1507067931,22728862,0.20170,499.93627182,1
1507067931,22728861,0.20174,2500.00000000,1
1507067931,22728860,0.20174,6006.22937000,1
1507067931,22728859,0.20174,270.00000000,1
1507067818,22728773,0.20158,230.00000000,0
1507067818,22728772,0.20161,270.00000000,0
1507067707,22728733,0.20210,35.00000000,1
1507067317,22728627,0.20319,1046.81331389,0
1507067317,22728626,0.20319,1199.96057877,0
1507067315,22728624,0.20198,25.38382458,1
1507067286,22728607,0.20320,1254.00127952,0
1507067286,22728605,0.20319,1200.76912000,0
1507067285,22728604,0.20282,270.00000000,0
1507067095,22728426,0.20220,4321.89923907,0
1507067094,22728425,0.20217,1467.36532000,0
1507067094,22728424,0.20214,270.00000000,0
1507067092,22728423,0.20212,12279.91751000,0
1507066849,22728353,0.20220,1590.00000000,0
1507066848,22728352,0.20218,1590.00000000,0
1507066826,22728347,0.20216,146.00000000,1
1507066823,22728346,0.20216,146.00000000,1
1507066823,22728345,0.20216,146.00000000,1
1507066823,22728344,0.20216,146.00000000,1
1507066820,22728343,0.20216,146.00000000,1
1507066820,22728342,0.20216,146.00000000,1
1507066820,22728341,0.20216,146.00000000,1
1507066806,22728330,0.20179,146.00000000,0
1507065784,22727935,0.20200,256.78376238,0
1507065690,22727885,0.20132,145.99999973,0
1507065690,22727884,0.20132,2677.63281527,0
1507065674,22727874,0.20132,739.88587000,0
1507065662,22727866,0.20132,749.23100000,0
1507065661,22727863,0.20132,347.46470396,0
1507065578,22727818,0.20132,5640.45312024,0
1507065538,22727801,0.20132,2168.15000000,0
1507065536,22727799,0.20132,230.29200000,0
1507065478,22727772,0.20132,270.00000000,0
1507065476,22727771,0.20132,2500.00000000,1
1507065476,22727770,0.20133,270.00000000,1
1507065275,22727710,0.20182,840.00000000,0
1507065225,22727693,0.20183,8523.13387000,0
1507065225,22727692,0.20182,2726.86613000,0
1507064482,22727362,0.20179,2456.36676000,1
1507064481,22727360,0.20180,14351.36807000,1
1507064481,22727357,0.20186,270.00000000,1
1507064481,22727352,0.20186,1169.06604000,1
1507064432,22727174,0.20292,369.63727000,0
1507064429,22727151,0.20290,4041.80096473,0
1507064418,22727029,0.20230,138.26669729,0
1507064309,22726878,0.20285,522.00000000,0
1507064247,22726851,0.20208,5099.94234030,1
1507064109,22726799,0.20400,11035.87509803,0
1507064109,22726798,0.20400,729.50000000,0
1507064109,22726797,0.20400,204.80922138,0
1507064109,22726796,0.20400,495.19077862,0
1507064108,22726795,0.20400,2100.00000000,0
1507064108,22726794,0.20380,523.46961198,0
1507064108,22726793,0.20350,5000.00000000,0
1507064108,22726792,0.20333,27679.83721180,0
1507064107,22726791,0.20330,50.00000000,0
1507064107,22726789,0.20320,5537.41053151,0
1507064107,22726788,0.20319,6148.75000000,0
1507064106,22726787,0.20317,311.27599000,0
1507064106,22726786,0.20310,250.00000000,0
1507064106,22726785,0.20309,1556.37995000,0
1507064104,22726784,0.20260,7899.30910884,0
1507063243,22726496,0.20259,532.37242706,0
1507063241,22726495,0.20206,108.00000000,0
1507063091,22726382,0.20259,187.00000000,0
1507063025,22726350,0.20260,9099.68060217,0
1507063024,22726345,0.20251,2432.29625000,0
1507062891,22726186,0.20243,60.00000000,0
1507062649,22726018,0.20218,1785.50031974,1
1507062649,22726017,0.20218,214.49968026,1
1507062648,22726016,0.20218,9422.71482974,1
1507062539,22725952,0.20260,2243.01028899,0
1507062537,22725948,0.20259,2889.85693000,0
1507062339,22725888,0.20218,12332.96299049,1
1507062246,22725800,0.20218,3897.97170000,1
1507062223,22725794,0.20218,4346.35047977,0
1507062071,22725734,0.20218,296.02517559,0
1507061867,22725688,0.20218,741.00000000,0
1507061476,22725505,0.20218,191.62434464,0
1507061474,22725504,0.20217,60.00000000,0
1507061270,22725424,0.20107,8.21939360,0
1507061270,22725423,0.20110,250.00000000,1
1507061270,22725422,0.20150,42.00000000,1
1507061268,22725419,0.20181,700.00000000,1
1507061253,22725415,0.20215,510.00000000,0
1507061253,22725414,0.20215,98.68968588,0
1507061171,22725392,0.20214,501.45867531,0
1507061057,22725341,0.20214,500.00000000,0
1507061033,22725330,0.20214,500.00000000,0
1507061024,22725326,0.20181,500.00000000,1
1507061012,22725322,0.20214,500.00000000,0
1507060933,22725273,0.20215,1739.19017080,1
1507060920,22725267,0.20215,736.39372800,1
1507060858,22725248,0.20215,9234.65891000,0
1507060776,22725157,0.20217,1280.18495574,0
1507060569,22725057,0.20212,310.27711261,0
1507060269,22724951,0.20204,200.00000000,0
1507059736,22724642,0.20218,10000.00000000,1
1507059618,22724567,0.20270,2622.11549333,1
1507059565,22724505,0.20270,8851.25819300,1
1507059419,22724266,0.20300,1090.33970200,0
1507059415,22724260,0.20300,44.11141000,0
1507059162,22724071,0.20270,99.80329537,1
1507059159,22724070,0.20300,515.95147783,0
1507058790,22723916,0.20300,7000.00000000,0
1507058614,22723812,0.20300,24.56911330,0
1507058363,22723722,0.20320,1121.01633858,0
1507058234,22723633,0.20270,215.00000000,1
1507058232,22723631,0.20270,3017.00000000,1
1507058230,22723629,0.20270,215.00000000,1
1507058226,22723625,0.20270,3017.00000000,1
1507058222,22723619,0.20270,3212.00000000,1
1507058189,22723576,0.20271,147.97114848,1
1507058137,22723538,0.20270,27956.88298000,1
1507058137,22723537,0.20271,5340.01702000,1
1507058128,22723529,0.20320,6990.39798228,0
1507057897,22723295,0.20320,1351.17514763,0
1507057897,22723294,0.20310,250.00000000,0
1507057897,22723293,0.20310,30.00000000,0
1507057895,22723292,0.20309,553.76177458,0
1507057876,22723245,0.20271,215.00000000,1
1507057874,22723244,0.20271,2497.71830984,1
1507057874,22723243,0.20286,282.16503992,1
1507057874,22723242,0.20300,237.11665024,1
1507057871,22723241,0.20300,215.00000000,1
1507057774,22723201,0.20300,547.88334976,1
1507057668,22723121,0.20309,24.55822542,0
1507057629,22723111,0.20290,4900.18357155,1
1507057629,22723110,0.20300,2351.78814582,1
1507057616,22723106,0.20300,560.95990000,1
1507057460,22722973,0.20300,1000.00000000,1
1507057453,22722967,0.20300,215.00000000,1
1507057447,22722964,0.20300,215.00000000,1
1507057444,22722961,0.20300,1266.03246600,1
1507057424,22722950,0.20300,420.00000000,1
1507057417,22722945,0.20300,4671.21948818,0
1507056983,22722670,0.20286,191.77136942,0
1507056922,22722607,0.20217,148.12211872,1
1507056506,22722301,0.20243,122.75194000,1
1507056467,22722267,0.20300,715.00000000,0
1507056467,22722266,0.20300,420.00000000,0
1507056455,22722259,0.20299,5156.38505800,0
1507056448,22722255,0.20239,247.85732000,1
1507056437,22722249,0.20285,1200.00000000,0
1507056437,22722248,0.20280,234.93228797,0
1507056437,22722246,0.20261,328.00000000,0
1507056384,22722189,0.20233,215.00000000,1
1507056359,22722161,0.20232,471.00000000,1
1507056357,22722154,0.20232,226.88800000,1
1507056355,22722151,0.20232,2363.45139951,1
1507056354,22722149,0.20232,2136.09000000,1
1507056353,22722147,0.20232,3672.03414000,1
1507056353,22722145,0.20231,1254.64352991,1
1507056352,22722140,0.20231,1250.45449359,1
1507056267,22722084,0.20220,962.00000000,1
1507055962,22721934,0.20280,24.62771203,0
1507055942,22721927,0.20279,24.62892648,0
1507055497,22721608,0.20181,246.18731563,1
1507055378,22721556,0.20180,82941.54662233,1
1507055378,22721555,0.20181,5453.01412000,1
1507055377,22721554,0.20200,11335.43925767,1
1507055377,22721553,0.20201,270.00000000,1
1507055347,22721545,0.20274,398.72570300,0
1507055347,22721544,0.20273,60.00000000,0
1507055332,22721539,0.20275,2.64315659,0
1507055330,22721534,0.20241,328.00000000,0
1507055328,22721532,0.20200,400.00000000,1
1507055224,22721485,0.20201,800.00000000,1
1507055215,22721479,0.20201,26.00000000,1
1507055215,22721478,0.20230,190.00000000,1
1507055185,22721454,0.20230,250.00000000,0
1507054995,22721280,0.20194,2500.00000000,1
1507054701,22721094,0.20248,24.63221059,0
1507054408,22720876,0.20182,750.00000000,1
1507054348,22720840,0.20259,24.71731082,0
1507054035,22720650,0.20281,251.66222000,0
1507054035,22720649,0.20273,1215.28148000,0
1507054034,22720648,0.20272,243.05630000,0
1507054034,22720647,0.20210,250.00000000,0
1507054034,22720646,0.20210,270.00000000,1
1507054032,22720644,0.20209,270.00000000,0
1507053895,22720603,0.20168,328.00000000,0
1507053164,22720168,0.20229,1036.00000000,0
1507053074,22720117,0.20209,5033.80000000,0
1507053073,22720116,0.20206,369.74564630,0
1507053073,22720115,0.20268,4425.57621570,1
1507053073,22720114,0.20268,876.69874100,1
1507053072,22720112,0.20210,1654.57148000,0
1507053072,22720111,0.20209,2500.00000000,0
1507053070,22720109,0.20208,270.00000000,0
1507052849,22720041,0.20118,973.66675750,0
1507052510,22719849,0.20092,63.88000000,1
1507052451,22719831,0.20300,12125.77112828,1
1507052449,22719828,0.20300,1407.77748829,1
1507052449,22719827,0.20300,3460.00000000,0
1507052449,22719826,0.20280,19273.00000000,0
1507052449,22719825,0.20230,55.00000000,0
1507052449,22719824,0.20229,84.16458000,0
1507052448,22719823,0.20222,93139.63498118,0
1507052448,22719822,0.20220,1239.41240648,0
1507052448,22719821,0.20214,70.66443000,0
1507052448,22719820,0.20212,497.74708000,0
1507052448,22719819,0.20210,250.00000000,0
1507052448,22719818,0.20210,30.00000000,0
1507052448,22719817,0.20203,50.00000000,0
1507052448,22719816,0.20200,1000.00000000,0
1507052447,22719814,0.20190,113311.94963179,0
1507052447,22719811,0.20189,2661.34566000,0
1507052447,22719810,0.20188,1526.96041000,0
1507052447,22719809,0.20184,305.39208000,0
1507052447,22719808,0.20117,252.00000000,0
1507052447,22719807,0.20100,193.06708955,0
1507052395,22719778,0.20100,30.47450000,0
1507052395,22719777,0.20100,30.47900000,0
1507052395,22719776,0.20100,30.47450000,0
1507052394,22719775,0.20100,30.47900000,0
1507052394,22719774,0.20100,30.47900000,0
1507052394,22719773,0.20100,30.47900000,0
1507051580,22719264,0.20025,294.82087918,1
1507051580,22719263,0.20087,205.17912082,1
1507051578,22719261,0.20062,252.00000000,0
1507051093,22718998,0.20088,1216.59209478,0
1507050834,22718858,0.20093,570.65622077,0
1507050732,22718788,0.20100,124.06791045,0
1507050604,22718703,0.20100,0.00000215,1
1507050602,22718701,0.20100,3649.09762000,1
1507050598,22718695,0.20100,83.55783085,1
1507050575,22718686,0.20100,1406.96716100,1
1507050570,22718684,0.20101,2939.25619700,1
1507050545,22718661,0.20101,1406.96716100,1
1507050530,22718658,0.20031,360.37738600,0
1507050444,22718613,0.19968,288.00000000,1
1507050444,22718612,0.20000,200.00000000,1
1507050382,22718558,0.20031,8719.61261400,0
1507050364,22718533,0.20029,9026.39750150,0
1507050363,22718532,0.20000,89.72824410,0
1507050362,22718519,0.20000,905.37175590,0
1507050361,22718515,0.20000,1004.90000000,1
1507050303,22718447,0.20015,145.43500000,0
1507050287,22718434,0.20019,1219.88397500,1
1507050287,22718433,0.20031,4698.17923000,1
1507050244,22718399,0.20083,106.56500000,0
1507050244,22718398,0.20082,60.00000000,0
1507050214,22718389,0.20040,2500.00000000,0
1507050214,22718388,0.20045,5188.03133000,1
1507050156,22718372,0.20100,7587.24618100,1
1507050118,22718360,0.20100,197.00000000,1
1507050056,22718326,0.20100,108.17166200,1
1507050042,22718321,0.20100,50.00000000,1
1507049998,22718301,0.20101,7366.20000000,1
1507049981,22718297,0.20101,367.68941000,1
1507049972,22718291,0.20101,29.00000000,1
1507049940,22718263,0.20101,30.00000000,1
1507049912,22718246,0.20171,19.18920048,1
1507049909,22718244,0.20171,10.81079952,0
1507049887,22718199,0.20171,49.18920048,0
1507049852,22718186,0.20104,29.00000000,1
1507049828,22718171,0.20104,49.72878630,1
1507049828,22718170,0.20104,49.72878630,1
1507049817,22718162,0.20104,29.00000000,1
1507049797,22718147,0.20103,29.00000000,1
1507049753,22718105,0.20101,29.00000000,1
1507049745,22718100,0.20100,29.00000000,1
1507049727,22718080,0.20100,29.00000000,1
1507049724,22718075,0.20100,16940.58215700,1
1507049723,22718074,0.20103,29.00000000,1
1507049717,22718058,0.20103,29.00000000,1
1507049704,22718052,0.20100,29.00000000,1
1507049654,22718015,0.20150,1257.40238213,0
1507049648,22718007,0.20100,30.00000000,1
1507049638,22718002,0.20150,300.00000000,0
1507049617,22717990,0.20043,30.00000000,0
1507049605,22717987,0.20150,30.00000000,0
1507049541,22717942,0.20150,17946.56142437,0
1507049540,22717941,0.20150,7053.43857563,0
1507049465,22717863,0.20150,2998.77587558,0
1507049463,22717861,0.20149,2657.13763000,0
1507049005,22717454,0.20027,29.00000000,1
1507048973,22717441,0.20100,3537.62006159,0
1507048955,22717429,0.20018,2627.98502900,1
1507048952,22717427,0.20102,84.76768480,0
1507048873,22717350,0.20156,192.02644989,0
1507048873,22717348,0.20146,2437.91033811,0
1507048863,22717306,0.20179,1233.76110000,0
1507048863,22717303,0.20139,53.00000000,0
1507048798,22717191,0.20150,10000.00000000,1
1507048774,22717158,0.20200,999.99999956,0
1507048773,22717157,0.20195,1863.36749344,0
1507048773,22717156,0.20190,50.00000000,0
1507048773,22717155,0.20183,270.00000000,0
1507048578,22717020,0.20152,766.00076000,0
1507048577,22717018,0.20152,270.00000000,0
1507048542,22716992,0.20048,29.00000000,1
1507048418,22716855,0.20071,29.00000000,1
1507048279,22716764,0.20047,30.00000000,1
1507048248,22716736,0.20194,270.00000000,0
1507048248,22716735,0.20192,2986.14109549,0
1507048248,22716734,0.20190,2779.07098000,0
1507048246,22716731,0.20033,53.00000000,1
1507048241,22716730,0.20177,270.00000000,0
1507048226,22716708,0.20026,30.00000000,1
1507048215,22716702,0.20177,270.00000000,0
1507048215,22716701,0.20172,2500.00000000,0
1507048214,22716700,0.20171,12167.23182200,0
1507048187,22716682,0.20054,13.71820000,1
1507048187,22716681,0.20054,16.28180000,1
1507048184,22716677,0.20010,30.00000000,0
1507048181,22716669,0.20014,46.28176700,0
1507048180,22716668,0.20014,3418.91000000,0
1507048179,22716667,0.20014,6231.60743600,0
1507048177,22716665,0.20014,3465.19176700,0
1507048175,22716663,0.20020,5659.07013000,1
1507048175,22716662,0.20021,14908.42980000,1
1507048174,22716661,0.20022,1270.50910000,1
1507048117,22716630,0.20001,31.00000000,1
1507048098,22716617,0.20173,707.56694591,0
1507048096,22716615,0.20100,270.00000000,0
1507047999,22716544,0.20100,7389.25271100,0
1507047999,22716543,0.20092,1857.44005000,0
1507047999,22716542,0.20091,270.00000000,0
1507047999,22716541,0.20090,9069.59769000,0
1507047988,22716529,0.20100,286.53303900,0
1507047988,22716528,0.20095,2206.85947000,0
1507047986,22716523,0.20093,5811.24383600,0
1507047986,22716522,0.20029,53.00000000,0
1507047877,22716442,0.19951,50.00000000,1
1507047828,22716401,0.19939,32.00000000,1
1507047680,22716197,0.19953,31.00000000,1
1507047484,22716005,0.20021,2415.28388400,1
1507047476,22715995,0.20022,620.21750400,1
1507047475,22715993,0.20022,641.69695600,1
1507047469,22715986,0.20100,8102.73581626,1
1507047469,22715985,0.20102,6296.02209000,1
1507047469,22715984,0.20103,12163.15835000,1
1507047399,22715927,0.20100,6046.94194500,1
1507047386,22715910,0.20100,8102.73581600,1
1507047251,22715798,0.20100,2970.00000000,1
1507047231,22715763,0.20100,9760.86865000,1
1507047220,22715753,0.20100,6139.20354400,1
1507047142,22715645,0.20101,478.26087000,1
1507047136,22715633,0.20140,1717.66190676,1
1507047134,22715632,0.20139,2500.00000000,0
1507047077,22715608,0.20101,166.88970400,1
1507047026,22715542,0.20170,1278.41095686,0
1507047026,22715541,0.20130,55.00000000,0
1507047024,22715538,0.20110,250.00000000,0
1507046954,22715477,0.20102,232.56902400,1
1507046948,22715472,0.20101,99.00000000,1
1507046946,22715471,0.20100,2000.00000000,1
1507046945,22715470,0.20100,729.50000000,0
1507046936,22715461,0.20070,113.07126100,1
1507046880,22715374,0.20061,1297.96278900,1
1507046567,22715043,0.20021,500.00000000,1
1507046542,22715018,0.20080,4788.50373506,0
1507046536,22715010,0.20079,270.00000000,0
1507046411,22714880,0.20080,1677.00000000,0
1507046411,22714879,0.20077,270.00000000,0
1507046411,22714878,0.20038,53.00000000,0
1507046253,22714632,0.20080,3137.49626494,0
1507046252,22714630,0.20079,270.00000000,1
1507046252,22714629,0.20079,6528.16331000,0
1507046188,22714580,0.20067,36.48622116,0
1507046082,22714482,0.20078,64.58601454,0
1507046047,22714451,0.19972,26.91597410,1
1507046026,22714429,0.20079,868.00049803,0
1507046024,22714428,0.20053,270.00000000,0
1507045556,22714110,0.20073,21242.11300587,0
1507045556,22714109,0.20067,30.00000000,0
1507045554,22714107,0.20023,270.00000000,0
1507045501,22714074,0.19943,105.02557000,0
1507045489,22714072,0.19945,121.97443000,1
1507044806,22713538,0.20067,27.73747944,0
1507044737,22713511,0.19911,2467.74239035,1
1507044732,22713510,0.20074,802.58558334,0
1507044730,22713509,0.19988,227.00000000,0
1507044584,22713418,0.20078,458.68428130,0
1507044577,22713416,0.20020,250.00000000,0
1507043984,22713083,0.20040,2049.96154700,1
1507043959,22713076,0.20040,350.03845300,1
1507043924,22713064,0.20040,860.00000000,0
1507043840,22713042,0.20040,9264.18945121,0
1507043648,22712931,0.20018,500.00000000,0
1507043481,22712784,0.20000,249.37500000,1
1507043480,22712783,0.20000,319.20000000,1
1507043479,22712782,0.20000,219.45000000,1
1507043478,22712780,0.20007,227.00000000,0
1507043246,22712598,0.19995,2552.35366700,1
1507042972,22712493,0.19995,79.00000000,1
1507042808,22712384,0.19995,31.00000000,1
1507042794,22712342,0.19995,31.00000000,1
1507042781,22712332,0.19995,31.00000000,1
1507042773,22712328,0.19995,31.00000000,1
1507042747,22712313,0.19995,572.88565600,1
1507042724,22712280,0.20018,9993.79858128,0
1507042689,22712249,0.19995,38.00000000,1
1507042680,22712243,0.20020,4098.75443000,1
1507042680,22712242,0.20020,2500.00000000,1
1507042676,22712239,0.20017,2500.00000000,0
1507042675,22712238,0.19995,31.00000000,1
1507042673,22712236,0.20096,172.97128781,0
1507042672,22712235,0.20060,20168.00000000,0
1507042672,22712234,0.20020,13997.25800000,0
1507042672,22712233,0.20019,2376.12460000,0
1507042671,22712232,0.20011,2500.00000000,1
1507042670,22712229,0.20011,2500.00000000,0
1507042669,22712228,0.19995,31.00000000,1
1507042611,22712194,0.19995,270.00000000,1
1507042610,22712193,0.19995,32.00000000,1
1507042610,22712192,0.19994,270.00000000,0
1507042578,22712177,0.19908,34.00000000,1
1507042550,22712159,0.20014,228.64704706,1
1507042548,22712158,0.19996,270.00000000,0
1507042125,22711956,0.19900,2182.31784108,0
1507042104,22711946,0.19900,317.68215892,1
1507042048,22711874,0.19900,0.15892054,0
1507042046,22711870,0.19900,317.84107946,0
1507041784,22711771,0.19949,50.00000000,1
1507041506,22711487,0.19949,165.60477587,0
1507041435,22711424,0.19964,2632.71369000,1
1507041434,22711421,0.19962,270.00000000,0
1507041434,22711420,0.19962,2500.00000000,0
1507041434,22711419,0.19960,1401.63160000,0
1507041425,22711406,0.19810,3936.47967521,0
1507041425,22711405,0.19810,1999.42457000,0
1507041425,22711404,0.19810,858.06451600,0
1507041422,22711401,0.19818,1243.83810000,1
1507041422,22711400,0.19866,969.54859700,1
1507041422,22711399,0.19900,7950.00000000,1
1507041422,22711398,0.19900,0.00000023,1
1507041422,22711397,0.19901,14922.03060000,1
1507041326,22711308,0.20009,976.52431405,0
1507041325,22711307,0.19994,270.00000000,0
1507041243,22711277,0.20002,24.93515648,0
1507041097,22711187,0.19972,4991.78524935,0
1507041097,22711186,0.19972,2500.00000000,0
1507040993,22711064,0.19931,456.86164781,0
1507040886,22710992,0.19956,1961.86610543,0
1507040852,22710950,0.19900,4687.18542800,1
1507040849,22710947,0.19900,27609.34723508,0
1507040810,22710911,0.19900,93.23422111,0
1507040702,22710836,0.19900,1979.97467337,0
1507040702,22710833,0.19866,1530.45140300,1
1507040671,22710817,0.19867,2500.00000000,1
1507040614,22710757,0.19883,368.00000000,0
1507040544,22710719,0.19866,400.00000000,1
1507040532,22710714,0.19865,87.11518200,1
1507040532,22710713,0.19865,7203.78932900,1
1507040481,22710672,0.19900,1793.09387044,1
1507040400,22710594,0.19900,167.45597000,1
1507040394,22710591,0.19900,1958.12518500,1
1507040250,22710505,0.19900,25637.81754100,1
1507040234,22710494,0.19900,944.57015000,1
1507040229,22710491,0.19900,945.51562815,1
1507040225,22710485,0.19900,1337.37709100,1
1507040225,22710481,0.19900,1337.37709100,1
1507040224,22710478,0.19900,5970.73427451,1
1507040223,22710466,0.19900,2300.00000000,1
1507040219,22710460,0.19900,237.59486000,1
1507040212,22710436,0.19900,1487.63656200,1
1507040196,22710428,0.19900,5970.78577200,1
1507040101,22710366,0.19865,2470.41067100,1
1507039774,22710135,0.19860,206.00000000,0
1507039768,22710129,0.19860,30.00000000,0
1507039761,22710122,0.19860,773.97181781,0
1507039760,22710121,0.19860,30.00000000,0
1507039760,22710120,0.19860,30.00000000,0
1507039760,22710118,0.19860,130.97905300,0
1507039751,22710113,0.19860,30.00000000,0
1507039749,22710111,0.19860,30.00000000,0
1507039745,22710106,0.19860,30.00000000,0
1507039700,22710054,0.19860,2190.74032973,0
1507039697,22710039,0.19860,221.50490716,0
1507039688,22710012,0.19860,2874.63000000,0
1507039687,22710011,0.19860,5034.45000000,0
1507039685,22710006,0.19860,1015.45000000,0
1507039685,22710004,0.19860,145.43181581,0
1507039410,22709660,0.19859,226.31525469,0
1507039352,22709592,0.19883,80.00000000,1
1507039303,22709545,0.19896,200.54402895,0
1507039188,22709376,0.20014,4829.94234036,1
1507039186,22709372,0.19921,270.00000000,0
1507039100,22709318,0.19850,500.00000000,1
1507039099,22709317,0.19850,962.00000000,1
1507039091,22709313,0.19852,1240.85730000,1
1507039091,22709312,0.19855,8903.89821000,1
1507039091,22709311,0.19855,270.00000000,1
1507039091,22709310,0.19857,2500.00000000,1
1507038913,22709154,0.19956,152.09352736,0
1507038911,22709153,0.19926,270.00000000,0
1507038734,22709070,0.19900,500.00000000,1
1507038734,22709069,0.19900,1000.00000000,1
1507038719,22709063,0.19933,2500.00000000,0
1507038486,22708918,0.19936,3713.40295000,0
1507038430,22708829,0.19837,4167.20739631,1
1507038430,22708828,0.19840,925.00000000,1
1507038430,22708827,0.19866,414.79260369,1
1507038428,22708823,0.19889,270.00000000,1
1507038428,22708821,0.19955,263.87796000,0
1507038193,22708612,0.20011,42.00000000,0
1507038174,22708592,0.20019,14497.31505070,0
1507038173,22708588,0.19950,415.00000000,0
1507037909,22708299,0.20023,500.00000000,1
1507037837,22708268,0.20042,500.00000000,0
1507037788,22708231,0.19991,1244.42490000,0
1507037788,22708230,0.19984,270.00000000,0
1507037601,22708031,0.20002,511.94951474,0
1507037596,22708029,0.20029,1523.31540415,0
1507037596,22708028,0.19966,270.00000000,0
1507037595,22708026,0.20080,6889.75017294,0
1507037594,22708025,0.20080,677.83409000,1
1507037594,22708024,0.20079,3389.17043000,1
1507037594,22708023,0.20070,1176.62973080,0
1507037594,22708022,0.20070,4299.84892518,0
1507037593,22708020,0.20029,27794.17258359,0
1507037593,22708019,0.20024,3389.17043000,0
1507037592,22708018,0.20015,6679.49215000,1
1507037592,22708017,0.19985,2500.00000000,0
1507037592,22708016,0.19983,1222.60150000,1
1507037591,22708015,0.19967,91.51545049,0
1507037565,22708000,0.19909,6674.97265600,1
1507037211,22707590,0.19952,1221.24985287,1
1507037210,22707589,0.19952,10290.56801000,0
1507037140,22707532,0.19929,130.07526719,0
1507037074,22707501,0.19908,0.47900000,1
1507036931,22707365,0.19926,455.55083810,0
1507036814,22707281,0.19869,270.00000000,0
1507036814,22707280,0.19866,415.00000000,0
1507036800,22707257,0.19802,113.32075000,1
1507036563,22707091,0.19954,4446.47133820,0
1507036378,22706829,0.19782,30859.33766810,0
1507036377,22706827,0.19782,18911.53200000,0
1507036377,22706824,0.19782,2439.69532090,0
1507036231,22706660,0.19800,0.00000091,0
1507036231,22706659,0.19800,10898.74135000,0
1507036108,22706518,0.19780,523.46961198,1
1507036108,22706517,0.19786,300.00000000,1
1507036107,22706515,0.19800,582.88187844,0
1507036107,22706514,0.19800,624.14231851,0
1507036106,22706510,0.19800,8164.69696969,1
1507036106,22706507,0.19800,600.00000000,1
1507036106,22706505,0.19800,25000.00000000,1
1507036106,22706504,0.19800,204.80922138,1
1507036105,22706503,0.19800,495.19077862,1
1507036104,22706501,0.19810,40000.00000000,1
1507036104,22706499,0.19810,250.00000000,1
1507036104,22706498,0.19810,35.00000000,1
1507036104,22706497,0.19810,30.00000000,1
1507036104,22706496,0.19820,35.00000000,1
1507036102,22706490,0.19860,700.00000000,1
1507036102,22706489,0.19862,60.00000000,1
1507036099,22706480,0.19820,700.00000000,1
1507036099,22706478,0.19830,16519.17202182,1
1507036099,22706474,0.19830,55.00000000,1
1507036098,22706470,0.19840,700.00000000,1
1507036098,22706468,0.19852,500.00000000,1
1507036098,22706467,0.19860,678.33631000,1
1507036098,22706466,0.19861,270.00000000,1
1507036082,22706389,0.19860,21.66369000,1
1507036081,22706388,0.19880,700.00000000,1
1507035917,22706110,0.19948,2045.21776619,0
1507035910,22706095,0.19900,400.00000000,1
1507035910,22706094,0.19900,268.69346733,1
1507035910,22706093,0.19900,1000.00000000,1
1507035910,22706092,0.19900,1911.35683142,1
1507035909,22706091,0.19900,3088.64316858,1
1507035909,22706090,0.19900,5099.84924623,1
1507035909,22706089,0.19900,1492.80566519,1
1507035908,22706085,0.19904,875.08582900,1
1507035908,22706083,0.19904,1181.36113700,1
1507035908,22706080,0.19904,3804.69552100,1
1507035907,22706079,0.19904,1525.56699800,1
1507035885,22706043,0.19904,15316.68831000,1
1507035883,22706042,0.19904,11552.66581700,1
1507035882,22706037,0.19904,4479.15973900,1
1507035882,22706036,0.19904,2886.94948500,1
1507035881,22706035,0.19904,12437.98277900,1
1507035872,22705992,0.19904,403.11193400,1
1507035811,22705826,0.19968,74.43329327,0
1507035639,22705653,0.19904,78.26194100,1
1507035628,22705599,0.19904,958.05700000,1
1507035609,22705497,0.19916,301.67924673,0
1507035608,22705491,0.19904,506.67914000,1
1507035561,22705373,0.19904,3230.35045800,1
1507035556,22705355,0.19904,3141.50063200,1
1507035556,22705354,0.19904,9049.29715900,1
1507035505,22705241,0.19961,1159.29888352,0
1507035445,22705156,0.19904,20427.14601300,1
1507035437,22705145,0.19904,2761.75615600,1
1507035429,22705139,0.19904,1346.97733000,1
1507035407,22705130,0.19904,4036.70662200,1
1507035407,22705129,0.19905,2248.23151000,1
1507035407,22705128,0.19905,11959.51067000,1
1507035407,22705127,0.19906,270.00000000,1
1507035347,22705031,0.19901,1571.11815300,1
1507035337,22705029,0.19905,3444.69758401,1
1507035337,22705028,0.19906,2176.58101000,1
1507035337,22705027,0.19906,585.23453318,1
1507035337,22705026,0.19908,270.00000000,1
1507035312,22705015,0.19999,143.00000000,1
1507035064,22704914,0.19999,270.00000000,0
1507034840,22704701,0.20013,11637.86643000,0
1507034761,22704661,0.19978,9975.00000000,1
1507034744,22704657,0.19978,1221.23000000,1
1507034742,22704654,0.19978,1429.85000000,1
1507034740,22704652,0.19978,1429.85000000,1
1507034739,22704651,0.19978,1429.85000000,1
1507034735,22704649,0.19978,270.00000000,0
1507034607,22704614,0.20007,1680.32628579,0
1507034607,22704612,0.19980,3000.00000000,0
1507034606,22704611,0.19979,270.00000000,0
1507034544,22704584,0.19906,3482.33151033,1
1507034544,22704583,0.19906,6247.66848967,1
1507034544,22704582,0.19909,270.00000000,1
1507034492,22704559,0.19906,9136.75986000,0
1507034491,22704558,0.19906,2657.07435000,0
1507034488,22704557,0.19906,2936.16579000,1
1507034488,22704556,0.19908,270.00000000,1
1507034423,22704520,0.19905,1995.00000000,1
1507034419,22704512,0.19904,783.00000000,0
1507034419,22704511,0.19900,307.19433481,1
1507034418,22704510,0.19900,400.00000000,1
1507034418,22704509,0.19900,700.00000000,1
1507034418,22704508,0.19902,3245.22310000,1
1507034418,22704507,0.19902,320.00000000,0
1507034418,22704506,0.19905,250.00000000,0
1507034417,22704505,0.19905,220.00000000,0
1507034416,22704504,0.19905,433.10725948,1
1507034416,22704503,0.19905,987.47530571,1
1507034325,22704441,0.19906,1341.05099830,1
1507034233,22704367,0.19905,10318.10210949,1
1507034232,22704366,0.19911,279.19240620,1
1507034232,22704364,0.19912,3463.48501000,1
1507034232,22704363,0.19925,60939.22047431,1
1507034178,22704323,0.19925,32200.41450687,1
1507034178,22704322,0.19925,498.55656864,1
1507034177,22704321,0.19926,3824.59272000,1
1507034177,22704319,0.19930,10706.43620449,1
1507034177,22704318,0.19931,2500.00000000,1
1507034176,22704315,0.19936,270.00000000,1
1507033868,22704106,0.19930,22435.69365000,1
1507033867,22704105,0.19933,1820.00000000,1
1507033867,22704104,0.19944,1459.90530000,0
1507033867,22704103,0.19949,4221.44701000,1
1507033866,22704102,0.19950,2500.00000000,0
1507033866,22704101,0.19950,270.00000000,1
1507033865,22704100,0.19951,14792.95404000,0
1507033864,22704098,0.19951,2500.00000000,1
1507033690,22704010,0.19957,30.47000000,1
1507033622,22703972,0.20063,2004.56312125,1
1507033621,22703971,0.20063,3384.33940000,1
1507033621,22703970,0.20063,270.00000000,1
1507033620,22703968,0.20063,1937.44442000,1
1507033619,22703967,0.20063,2500.00000000,1
1507033618,22703966,0.20052,270.00000000,0
1507033618,22703965,0.20051,14448.13679000,0
1507033578,22703936,0.20031,5067.00000000,1
1507033534,22703917,0.20031,783.00000000,0
1507033088,22703671,0.20031,87.12431700,1
1507033030,22703620,0.20031,270.00000000,1
1507033027,22703612,0.20031,270.00000000,0
1507032986,22703600,0.19931,4164.69223537,1
1507032986,22703599,0.19950,5520.00000000,1
1507032986,22703598,0.19950,47.03147800,1
1507032986,22703597,0.19951,270.00000000,1
1507032524,22703281,0.20053,46.26140727,0
1507032345,22703109,0.20016,16371.05318400,1
1507032345,22703108,0.20016,1289.53081600,1
1507032342,22703106,0.20012,18194.82800000,0
1507032342,22703105,0.20009,18644.58800000,0
1507032342,22703104,0.20008,2500.00000000,0
1507032215,22703026,0.20013,211.81232199,0
1507032187,22703010,0.19950,952.96852200,1
1507032187,22703009,0.19950,1610.37726800,1
1507032187,22703007,0.19951,270.00000000,1
1507032070,22702923,0.20055,1.00866000,0
1507032069,22702921,0.20004,783.00000000,0
1507032010,22702813,0.19950,911.25700000,1
1507031901,22702740,0.19950,3453.36573200,1
1507031901,22702739,0.19951,8768.98594000,1
1507031901,22702738,0.19954,270.00000000,1
1507031766,22702644,0.19951,3298.94652428,1
1507031764,22702643,0.19964,270.00000000,1
1507031673,22702605,0.20065,1608.57443114,0
1507031427,22702492,0.19951,363.85614200,0
1507031426,22702491,0.19951,194.13234575,1
1507031426,22702490,0.20000,30.00000000,1
1507031426,22702489,0.20015,163.12765425,1
1507030941,22702115,0.20015,0.57700000,1
1507030803,22702045,0.19991,824.00000000,0
1507030690,22701979,0.20056,60.73110520,1
1507030689,22701978,0.20056,270.00000000,0
1507030648,22701954,0.19931,3730.00000000,1
1507030646,22701953,0.19942,270.00000000,1
1507030509,22701851,0.20020,17857.11406066,0
1507030509,22701850,0.20017,270.00000000,0
1507030509,22701849,0.20015,14690.95883000,0
1507030479,22701832,0.20021,0.56940700,1
1507030328,22701742,0.20067,1100.37504726,1
1507030327,22701741,0.20067,10000.00000000,1
1507030327,22701739,0.20067,10000.00000000,1
1507030327,22701738,0.20067,10000.00000000,1
1507030307,22701727,0.20067,12161.69811700,1
1507030307,22701726,0.20067,8580.97917200,1
1507030301,22701718,0.20067,1889.94042100,1
1507030295,22701708,0.20067,7369.50408400,1
1507030279,22701699,0.20067,2355.34863354,1
1507030277,22701697,0.20067,17610.85065100,1
1507030277,22701696,0.20067,5914.35778900,1
1507030277,22701695,0.20067,2450.09414100,1
1507030272,22701693,0.20067,4883.80388600,1
1507030270,22701692,0.20067,7590.88004700,1
1507030266,22701690,0.20067,2571.67291800,1
1507030253,22701681,0.20067,5914.35778900,1
1507030248,22701679,0.20067,11023.10960100,1
1507030235,22701671,0.20067,4427.87766300,1
1507030235,22701670,0.20068,4932.33543000,1
1507030224,22701664,0.20067,5088.66820900,1
1507030224,22701662,0.20067,9794.11925900,1
1507030220,22701657,0.20067,4916.30278120,1
1507030220,22701656,0.20068,5450.40664000,1
1507030203,22701552,0.20068,1944.22000000,1
1507030200,22701546,0.20067,30862.00000000,1
1507030199,22701544,0.20067,637.83700000,1
1507030197,22701541,0.20067,917.08000000,1
1507030195,22701537,0.20067,1055.43698300,1
1507030192,22701536,0.20067,1012.90978000,1
1507030191,22701533,0.20067,19971.45567700,1
1507030191,22701532,0.20067,1428.68201800,1
1507030190,22701531,0.20067,15571.31798200,1
1507030190,22701530,0.20067,22239.97001100,1
1507030190,22701529,0.20067,20161.26841200,1
1507030189,22701527,0.20067,1428.68201800,1
1507030188,22701526,0.20067,1494.96791000,1
1507030187,22701525,0.20067,36375.45200000,0
1507030063,22701480,0.20030,1199.00000000,0
1507029994,22701450,0.20000,814.15159300,0
1507029986,22701445,0.20000,13229.00000000,0
1507029986,22701444,0.19967,824.00000000,0
1507029984,22701443,0.20000,5000.00000000,1
1507029593,22701186,0.20067,69.09518114,0
1507029390,22701105,0.20070,3680.33109118,0
1507029389,22701104,0.20052,1776.19949000,0
1507029389,22701103,0.20052,780.31933200,1
1507029389,22701102,0.20051,2500.00000000,0
1507029387,22701101,0.20042,270.00000000,0
1507029310,22701075,0.19918,10366.70942120,1
1507029310,22701074,0.19918,50.00000000,1
1507029310,22701073,0.19918,748.57300000,0
1507029310,22701072,0.19921,5859.11069000,1
1507029308,22701063,0.19925,270.00000000,1
1507029110,22700815,0.19922,748.72000000,1
1507029108,22700814,0.19947,270.00000000,1
1507029068,22700756,0.19946,14691.59451000,0
1507028945,22700658,0.19920,100.00350012,1
1507028945,22700657,0.19920,11568.42001553,1
1507028945,22700656,0.19962,431.99999917,1
1507028864,22700572,0.20070,1176.62976759,1
1507028860,22700566,0.20070,13553.37023241,1
1507028856,22700558,0.20062,270.00000000,0
1507028829,22700537,0.20145,2530.93387831,0
1507028829,22700536,0.20100,478.03610000,0
1507028829,22700535,0.20067,2743.99815618,0
1507028829,22700534,0.20063,6253.71144551,0
1507028829,22700532,0.20063,270.00000000,0
1507028829,22700531,0.20062,2723.32042000,0
1507028815,22700505,0.20213,146878.77573675,0
1507028815,22700504,0.20212,993.03168000,0
1507028815,22700503,0.20212,3506.29771221,1
1507028815,22700502,0.20212,11924.64092900,1
1507028814,22700501,0.20100,19571.00000000,0
1507028814,22700498,0.20070,73110.38000000,0
1507028814,22700494,0.20069,4965.15839000,0
1507028813,22700493,0.20067,270.00000000,0
1507028813,22700492,0.20067,3504.69670538,1
1507028813,22700491,0.20064,2500.00000000,1
1507028813,22700489,0.20063,11543.05200000,1
1507028812,22700485,0.20063,3503.09968599,1
1507028811,22700484,0.20063,14638.01277000,0
1507028774,22700467,0.19962,568.00000083,1
1507028737,22700441,0.20017,864.76135174,0
1507028737,22700440,0.20011,2781.47021324,0
1507028715,22700435,0.20011,24.95877268,0
1507028476,22700244,0.19962,824.00000000,0
1507027812,22699700,0.19911,45.63260000,1
1507027493,22699311,0.19933,1279.89060000,1
1507027493,22699310,0.19934,1168.74892000,1
1507027492,22699309,0.19971,4729.87480000,1
1507027470,22699296,0.20010,802.60000000,0
1507027447,22699285,0.19971,270.12520000,0
1507027286,22699194,0.19959,53.14780000,0
1507027242,22699156,0.19963,110.86350000,0
1507027242,22699155,0.19963,110.86350000,0
1507026981,22698903,0.20062,2199.35538480,1
1507026979,22698902,0.20017,270.00000000,0
1507026498,22698494,0.19906,2508.66784600,1
1507026496,22698490,0.19910,392.66151100,1
1507026093,22698213,0.19910,413.98848900,1
1507026036,22698175,0.20044,2720.07772899,0
1507026036,22698174,0.19992,1000.00000000,0
1507026034,22698171,0.19951,545.00000000,0
1507026007,22698162,0.19909,885.43454300,1
1507026000,22698158,0.19909,544.99999000,1
1507025464,22697749,0.19905,13694.42258480,1
1507025464,22697748,0.19907,1196.76000000,1
1507025464,22697747,0.19907,5000.00000000,1
1507025464,22697746,0.19920,507.81741520,1
1507025450,22697721,0.19920,9492.18258480,1
1507025450,22697717,0.19951,4156.00000000,1
1507025450,22697711,0.19951,36625.73441520,1
1507025289,22697517,0.19951,3319.58649900,1
1507025243,22697469,0.19951,4310.26892000,1
1507025231,22697460,0.19951,11312.97469800,1
1507025231,22697459,0.19951,4918.10926200,1
1507025231,22697458,0.19951,1514.00000000,1
1507025230,22697457,0.19951,9752.24837000,1
1507025212,22697434,0.19951,3653.54518100,1
1507025187,22697411,0.19951,15907.41717900,1
1507025186,22697404,0.19951,33146.56710671,1
1507025183,22697401,0.19951,185.09356800,1
1507025183,22697399,0.19951,76990.92628400,1
1507025183,22697397,0.19951,20882.90408100,1
1507025183,22697396,0.19951,3365.86385100,1
1507025171,22697368,0.19951,51998.31576200,1
1507025169,22697359,0.19951,43534.12351841,1
1507025165,22697336,0.19951,300.00000000,1
1507025159,22697315,0.19951,2863.93108500,1
1507025158,22697309,0.19951,5292.10061700,1
1507025156,22697301,0.19951,41942.49962500,1
1507025154,22697295,0.19951,2406.29650000,1
1507025153,22697288,0.19951,3202.80310200,1
1507025153,22697287,0.19951,8008.64083500,1
1507025152,22697286,0.19951,2621.87017700,1
1507025151,22697285,0.19951,61831.42165600,1
1507025150,22697279,0.19951,1953.27738200,1
1507025150,22697276,0.19951,2977.86385100,1
1507025144,22697254,0.19951,167.68515700,1
1507025142,22697245,0.19951,411.50729200,1
1507025137,22697234,0.19951,11329.15262400,1
1507025131,22697231,0.19951,1240.00115500,1
1507025128,22697221,0.19951,10691.58968000,1
1507025118,22697204,0.19989,249.47634054,0
1507025117,22697202,0.19951,4908.09364000,1
1507025115,22697199,0.19951,51039.66360400,1
1507025114,22697198,0.19951,84.35546000,1
1507025086,22697169,0.19951,2307.96599600,1
1507025083,22697167,0.19951,7235.21800000,1
1507025083,22697166,0.19951,2145.34473400,1
1507025082,22697164,0.19951,4878.09364000,1
1507025079,22697162,0.19951,5136.46643800,1
1507025046,22697119,0.19951,846.95005100,1
1507025028,22697099,0.19951,395.07772100,1
1507025008,22697070,0.19951,1368.04004600,1
1507024980,22697022,0.19951,18084.37340700,1
1507024979,22697021,0.19951,6010.75936600,1
1507024974,22697014,0.19951,861.84393300,1
1507024955,22696987,0.19951,5860.21990700,1
1507024955,22696986,0.19951,4924.76927000,1
1507024955,22696985,0.19951,2056.17622300,1
1507024955,22696984,0.19951,3761.38109700,1
1507024955,22696983,0.19951,2194.53357300,1
1507024953,22696980,0.19951,3591.47128200,1
1507024949,22696973,0.19951,41956.76434700,1
1507024946,22696970,0.19951,4762.60712600,1
1507024945,22696968,0.19951,4731.89896900,1
1507024938,22696957,0.19951,322.77054100,1
1507024927,22696937,0.19951,30956.96876300,1
1507024926,22696934,0.19951,2553.08662000,1
1507024923,22696927,0.19951,9388.08900000,1
1507024919,22696918,0.19951,5631.22865100,1
1507024898,22696895,0.19951,13031.74205900,1
1507024880,22696885,0.19951,814.80508500,1
1507024877,22696881,0.19951,4203.74144500,1
1507024873,22696876,0.19951,25620.58124600,1
1507024830,22696825,0.19989,0.00000043,1
1507024828,22696824,0.19989,4650.09659800,1
1507024802,22696806,0.19989,3768.47718000,1
1507024802,22696805,0.19989,5995.44230900,1
1507024801,22696804,0.19989,5398.44662100,1
1507024798,22696801,0.19989,2187.53729157,0
1507024763,22696779,0.19951,12000.00000000,1
1507024756,22696774,0.19989,1500.00000000,0
1507024696,22696718,0.19951,30298.51111100,1
1507024666,22696702,0.19989,2457.65170843,0
1507024622,22696681,0.19951,63358.47717068,1
1507024597,22696668,0.19951,6055.01200000,1
1507024592,22696660,0.19951,880.60000000,1
1507024540,22696639,0.19951,445.01119000,1
1507024526,22696635,0.19951,3027.20416300,1
1507024481,22696611,0.19951,76251.46000000,1
1507024470,22696606,0.19951,21140.91848000,1
1507024449,22696603,0.19951,604.28923200,1
1507024421,22696580,0.19951,12423.57736000,1
1507024418,22696579,0.19931,20989.53862000,0
1507024418,22696578,0.19919,102.00000000,0
1507024388,22696561,0.19931,15000.00000000,1
1507024388,22696560,0.19931,33.66443000,1
1507024388,22696559,0.19932,3976.79695000,1
1507023968,22696216,0.19931,37.00000000,1
1507023787,22695910,0.19945,2500.00000000,1
1507023787,22695907,0.19950,2500.00000000,1
1507023787,22695905,0.19950,5000.00000000,1
1507023787,22695904,0.19950,5000.00000000,1
1507023786,22695903,0.19952,200.00000000,1
1507023786,22695902,0.19955,805.00000000,1
1507023559,22695795,0.19965,980.00000000,1
1507023559,22695794,0.19966,270.00000000,1
1507023477,22695733,0.19965,2226.73343099,1
1507023413,22695708,0.20089,4239.63378124,1
1507023413,22695707,0.20089,890.66503900,1
1507023412,22695706,0.20084,5000.00000000,0
1507023412,22695705,0.20033,357.70726900,0
1507023412,22695704,0.20032,270.00000000,0
1507023410,22695703,0.20031,2500.00000000,0
1507023380,22695695,0.19965,246.24428000,1
1507023341,22695674,0.19953,2557.45655000,1
1507023341,22695673,0.19967,500.00000000,1
1507023291,22695636,0.19970,500.00000000,1
1507023291,22695635,0.19973,400.00000000,1
1507023291,22695634,0.19980,4977.84667700,1
1507023258,22695575,0.19980,2494.47417112,1
1507023258,22695572,0.19990,2500.00000000,1
1507023258,22695571,0.19995,2500.00000000,1
1507023258,22695569,0.19997,262.17316662,1
1507023256,22695560,0.19997,900.00000000,1
1507023253,22695544,0.19997,3359.95303600,1
1507023251,22695534,0.19997,182.78964800,1
1507023251,22695533,0.19998,2317.21035200,1
1507023251,22695532,0.19998,2500.00000000,1
1507023251,22695530,0.19998,7472.32084800,1
1507023229,22695501,0.19997,1162.32393900,1
1507023102,22695449,0.19997,2229.00000000,1
1507023090,22695439,0.19997,23944.29788000,1
1507023084,22695436,0.19997,8096.39056200,1
1507023009,22695372,0.19997,1045.29412200,1
1507022998,22695360,0.19997,422.96842500,1
1507022998,22695359,0.19998,4181.57724000,1
1507022998,22695358,0.19998,500.00000000,1
1507022998,22695357,0.20000,1141.06233400,1
1507022946,22695265,0.20000,5108.93766600,1
1507022946,22695264,0.20000,37994.51233200,1
1507022854,22695161,0.20001,1000.00000000,1
1507022839,22695148,0.20000,830.10191800,1
1507022837,22695146,0.20000,11175.38575000,1
1507022837,22695145,0.20001,4725.14325000,1
1507022813,22695129,0.20010,1400.00000000,1
1507022762,22695084,0.20010,600.00000000,1
1507022747,22695062,0.20033,400.00000000,1
1507022637,22694926,0.20033,100.00000000,1
1507022566,22694843,0.20099,345.16249564,1
1507022565,22694842,0.20059,102.00000000,1
1507022439,22694780,0.20030,15000.00000000,1
1507022439,22694778,0.20032,7762.09425000,1
1507022280,22694670,0.20120,7727.13686400,1
1507022262,22694658,0.20120,14997.50106200,1
1507022142,22694525,0.20120,49824.66552700,1
1507021997,22694388,0.20120,450.69654700,1
1507021237,22693952,0.20120,102.00000000,0
1507020921,22693787,0.20228,18.66625469,1
1507020919,22693785,0.20214,70.15479000,0
1507020755,22693691,0.20152,5304.78487154,1
1507020755,22693690,0.20160,4835.94611646,1
1507020445,22693487,0.20160,2217.13988000,1
1507020445,22693486,0.20162,8974.92014000,1
1507020176,22693188,0.20160,2597.50633500,1
1507020176,22693187,0.20161,1327.27890000,1
1507020176,22693186,0.20211,0.96266500,1
1507020136,22693141,0.20211,376.00000000,1
1507020127,22693119,0.20211,558.00000000,0
1507020058,22693016,0.20161,273.37300000,1
1507019538,22692545,0.20158,249.37500000,1
1507019537,22692543,0.20158,319.20000000,1
1507019537,22692542,0.20158,219.45000000,1
1507019536,22692541,0.20152,9695.21512800,1
1507019535,22692540,0.20156,9142.15331000,1
1507019535,22692539,0.20157,14241.24966000,1
1507018997,22692165,0.20164,4257.79123091,0
1507018997,22692164,0.20163,686.10798000,0
1507018997,22692163,0.20163,458.29704358,0
1507018965,22692105,0.20140,19256.00000000,0
1507018938,22692082,0.20138,1732.14000000,0
1507018937,22692080,0.20135,1118.99000000,0
1507018937,22692079,0.20078,558.00000000,0
1507018346,22691482,0.20035,2392.38309470,1
1507018345,22691481,0.20035,1853.57930000,1
1507018336,22691475,0.20034,270.00000000,0
1507018205,22691358,0.19973,5000.00000000,1
1507018205,22691356,0.19990,557.44227886,1
1507017767,22691001,0.19999,636.97532586,1
1507017766,22691000,0.19999,3002.68566000,0
1507017731,22690988,0.19990,0.27886057,0
1507017728,22690983,0.19990,557.72113943,0
1507017442,22690723,0.20000,440.50599927,1
1507017212,22690492,0.20006,1582.68173155,0
1507017212,22690491,0.20016,2500.00000000,1
1507017210,22690486,0.20025,270.00000000,1
1507017162,22690458,0.20001,181.38354144,0
1507017160,22690457,0.20024,270.00000000,1
1507017125,22690444,0.20111,798.50000000,0
1507016925,22690351,0.20129,424.04717097,0
1507016925,22690350,0.20129,3647.31857000,0
1507016925,22690349,0.20110,553.00000000,0
1507016925,22690348,0.20053,333.00000000,0
1507016922,22690347,0.20000,0.00000029,0
1507016595,22690090,0.19944,347.49948673,1
1507016586,22690085,0.19996,252.74757290,1
1507016582,22690080,0.19996,80.25242710,1
1507016582,22690079,0.19997,270.00000000,1
1507015734,22689499,0.20000,7891.50457871,0
1507015734,22689498,0.19999,1225.08070000,0
1507015734,22689497,0.19998,373.91029329,0
1507015699,22689480,0.19998,20202.08970671,0
1507015699,22689479,0.19992,1221.28560000,0
1507015699,22689478,0.19990,11723.19180000,0
1507015663,22689459,0.19990,998.00520260,0
1507015642,22689447,0.19990,1831.80000000,0
1507015518,22689353,0.19996,206.00000000,0
1507015503,22689325,0.19955,333.00000000,0
1507015432,22689232,0.19950,265.48000000,1
1507014964,22688876,0.19902,15000.00000000,1
1507014962,22688872,0.19905,5000.00000000,1
1507014935,22688843,0.19988,99.80329537,0
1507014886,22688741,0.19901,5911.10525620,1
1507014885,22688740,0.20008,2768.49542100,1
1507014884,22688739,0.20008,12376.19739900,1
1507014878,22688734,0.19901,21006.31952331,1
1507014877,22688733,0.19902,300.00000000,1
1507014877,22688731,0.19910,250.00000000,1
1507014877,22688730,0.19910,30.00000000,1
1507014876,22688729,0.19920,35.00000000,1
1507014876,22688728,0.19920,700.00000000,1
1507014876,22688726,0.19922,500.00000000,1
1507014876,22688725,0.19925,84.16458000,1
1507014875,22688720,0.19930,55.00000000,1
1507014875,22688715,0.19931,70.15479000,1
1507014875,22688711,0.19940,700.00000000,1
1507014874,22688708,0.19950,1007.00000000,1
1507014874,22688705,0.19950,700.00000000,1
1507014874,22688704,0.19960,5006.31262525,1
1507014874,22688702,0.19960,700.00000000,1
1507014873,22688701,0.19980,700.00000000,1
1507014873,22688700,0.19987,250.11649312,1
1507014873,22688699,0.19990,250.00000000,1
1507014872,22688697,0.20000,2803.87485790,0
1507014871,22688696,0.20000,500.00000000,1
1507014871,22688695,0.20000,10250.00000000,1
1507014871,22688693,0.20000,2510.55282512,1
1507014871,22688692,0.20000,6930.00000000,1
1507014871,22688691,0.20000,3621.50430530,1
1507014866,22688686,0.20000,50000.00000000,1
1507014857,22688676,0.20000,3928.60467800,1
1507014857,22688675,0.20001,5549.64825000,1
1507014845,22688656,0.20000,33236.22143279,1
1507014844,22688655,0.20000,100.00000000,1
1507014844,22688654,0.20000,14250.00000000,1
1507014844,22688653,0.20000,700.00000000,1
1507014844,22688652,0.20000,203.87000000,1
1507014829,22688619,0.20000,2000.00000000,1
1507014829,22688618,0.20000,2300.00000000,1
1507014829,22688617,0.20000,10000.00000000,1
1507014829,22688616,0.20000,5000.00000000,1
1507014829,22688615,0.20000,4838.40199987,1
1507014829,22688614,0.20005,2500.00000000,1
1507014757,22688526,0.20000,161.59800013,1
1507014757,22688525,0.20000,5000.00000000,1
1507014757,22688523,0.20000,2500.00000000,1
1507014757,22688522,0.20000,500.00000000,1
1507014757,22688521,0.20001,50240.00000000,1
1507014756,22688520,0.20010,5000.00000000,1
1507014756,22688519,0.20010,500.00000000,1
1507014756,22688518,0.20010,250.00000000,1
1507014756,22688517,0.20010,30.00000000,1
1507014756,22688516,0.20014,1000.00000000,1
1507014756,22688515,0.20017,269.99999987,1
1507014684,22688426,0.20017,2730.00000013,1
1507014684,22688425,0.20020,212.62900000,1
1507014684,22688424,0.20025,1071.91490787,1
1507014683,22688422,0.20025,3928.08509213,1
1507014683,22688420,0.20030,801.91490787,1
1507014683,22688419,0.20031,270.00000000,1
1507014676,22688417,0.20050,4003.38983100,1
1507014667,22688408,0.20050,553.00000000,1
1507014642,22688375,0.20050,4836.38349700,1
1507014637,22688364,0.20050,4556.38983100,1
1507014611,22688348,0.20050,17161.10000000,1
1507014611,22688347,0.20050,2000.00000000,1
1507014602,22688341,0.20050,150.00000000,1
1507014575,22688327,0.20050,3953.27741582,1
1507014570,22688320,0.20050,1242.49120000,1
1507014566,22688314,0.20050,6581.98875800,1
1507014565,22688313,0.20050,1166.05277100,1
1507014559,22688301,0.20050,4659.75623000,1
1507014555,22688298,0.20050,1772.38651900,1
1507014553,22688295,0.20050,3302.03983100,1
1507014553,22688294,0.20050,946.83408200,1
1507014553,22688292,0.20050,3000.00000000,1
1507014552,22688290,0.20050,423.94598686,1
1507014545,22688250,0.20050,16949.80021400,1
1507014544,22688240,0.20050,2287.63357100,1
1507014543,22688234,0.20050,697.19517200,1
1507014538,22688207,0.20050,3209.24220500,1
1507014534,22688172,0.20050,1611.96192100,1
1507014531,22688160,0.20050,5992.60166900,1
1507014493,22688023,0.20050,502.39514900,1
1507014486,22688014,0.20050,2000.00000000,1
1507014476,22688000,0.20050,41521.06241100,1
1507014472,22687996,0.20050,10060.48326900,1
1507014460,22687989,0.20050,16265.75085800,1
1507014459,22687985,0.20057,1149.37293712,1
1507014458,22687984,0.20053,211.00000000,0
1507014457,22687981,0.20050,172.72892000,1
1507014457,22687980,0.20051,2934.98309000,1
1507014455,22687978,0.20050,6549.98348400,1
1507014454,22687976,0.20050,6383.39971600,1
1507014414,22687951,0.20057,122.00000000,0
1507014270,22687863,0.20026,2074.16570800,1
1507014250,22687845,0.20026,5000.00000000,1
1507013997,22687715,0.20021,2661.92953300,0
1507013991,22687703,0.20021,2100.77681700,1
1507013989,22687697,0.20020,4787.37100000,1
1507013988,22687696,0.20050,237.37100000,1
1507013637,22687544,0.20095,148.91853695,0
1507013496,22687431,0.20050,565.12900000,1
1507013452,22687404,0.20110,49.77927059,1
1507013451,22687398,0.20110,503.22072941,1
1507013125,22687213,0.20083,298.38550876,1
1507013049,22687162,0.20139,1341.41079497,0
1507013048,22687161,0.20138,1563.41510000,1
1507013047,22687160,0.20138,1449.53915000,0
1507012868,22687038,0.20083,382.40980700,1
1507012868,22687037,0.20103,203.33419300,1
1507012866,22687033,0.20103,382.00000000,0
1507012717,22686892,0.20135,8337.87900000,0
1507012713,22686882,0.20082,750.00000000,0
1507012684,22686844,0.20084,500.00000000,1
1507012684,22686842,0.20095,500.00000000,1
1507012656,22686828,0.20138,4916.12871188,0
1507012619,22686795,0.20082,500.00000000,0
1507012213,22686532,0.20014,24730.00000000,1
1507012211,22686531,0.20015,270.00000000,1
1507012161,22686504,0.20014,2056.99245335,1
1507012161,22686503,0.20020,4000.00000000,1
1507012161,22686502,0.20020,700.00000000,1
1507012161,22686501,0.20020,1985.83250000,0
1507012160,22686500,0.20022,1670.07755900,1
1507012160,22686499,0.20035,801.60000000,1
1507012160,22686498,0.20036,1878.85480000,1
1507012159,22686497,0.20080,91.30557769,0
1507012158,22686494,0.20080,2289.74222396,1
1507011992,22686401,0.20080,139.86000000,1
1507011713,22686248,0.20080,8988.00000000,0
1507011708,22686245,0.20080,382.00000000,1
1507011617,22686134,0.20075,382.00000000,0
1507011561,22686025,0.20022,1831.02244100,1
1507011560,22686024,0.20028,8679.43618000,0
1507011559,22686023,0.20028,4489.54137900,1
1507011551,22686011,0.20028,10510.45862100,1
1507011551,22686010,0.20031,2500.00000000,1
1507011468,22685947,0.20087,794.70000000,0
1507011358,22685802,0.20030,13397.16851428,1
1507011358,22685801,0.20030,500.00000000,1
1507011358,22685800,0.20030,50.00000000,1
1507011358,22685799,0.20032,500.00000000,1
1507011358,22685797,0.20035,3881.96949072,1
1507011357,22685795,0.20035,17709.20911276,1
1507011357,22685793,0.20040,1832.13856324,1
1507011357,22685792,0.20040,2049.83092800,1
1507011348,22685770,0.20040,950.16907200,1
1507011042,22685458,0.20100,392.13065100,1
1507010978,22685421,0.20100,12272.32076700,1
1507010978,22685420,0.20101,4788.34502000,1
1507010976,22685416,0.20110,30.00000000,1
1507010970,22685406,0.20157,25.00000000,0
1507010960,22685389,0.20100,5263.32800000,1
1507010958,22685388,0.20163,601.84570000,0
1507010958,22685387,0.20161,28139.02400000,0
1507010958,22685386,0.20160,2500.00000000,0
1507010958,22685385,0.20160,4235.86598000,0
1507010958,22685384,0.20159,26776.08400000,0
1507010950,22685380,0.20100,2072.22058200,1
1507010950,22685379,0.20100,3302.59918200,1
1507010950,22685378,0.20101,4625.18023600,1
1507010948,22685377,0.20101,220.34439400,1
1507010878,22685322,0.20100,315.40081800,1
1507010854,22685302,0.20129,250.00000000,0
1507010851,22685301,0.20129,62.00000000,0
1507010851,22685300,0.20129,1373.00000000,0
1507010842,22685284,0.20130,9998.00000000,0
1507010838,22685282,0.20129,792.80000000,0
1507010833,22685281,0.20130,4000.00000000,0
1507010826,22685268,0.20130,45878.82228000,0
1507010826,22685267,0.20129,4121.17772000,0
1507010816,22685258,0.20130,4000.00000000,0
1507010808,22685255,0.20130,49.50000000,1
1507010699,22685182,0.20130,0.50000000,0
1507010605,22685134,0.20101,3840.32065000,1
1507010427,22685024,0.20130,997.00000000,0
1507010410,22685017,0.20090,382.00000000,0
1507010407,22685016,0.20050,215.32132371,1
1507010407,22685015,0.20050,2412.72852269,1
1507010407,22685014,0.20050,1118.49352000,1
1507010407,22685012,0.20051,2573.35337000,1
1507010405,22685010,0.20100,789.20000000,1
1507010226,22684906,0.20160,2913.99412168,1
1507010217,22684903,0.20163,2827.85438000,1
1507010214,22684899,0.20163,3393.20655623,1
1507010208,22684893,0.20164,2827.99459963,1
1507010206,22684892,0.20163,1180.52407876,0
1507010205,22684890,0.20163,1192.67085562,1
1507010201,22684886,0.20160,2288.53752884,1
1507010200,22684882,0.20161,270.00000000,1
1507010197,22684880,0.20160,2500.00000000,1
1507010196,22684879,0.20160,19222.00000000,0
1507010196,22684878,0.20159,1278.59330000,0
1507010178,22684870,0.20159,2262.39099842,0
1507010178,22684869,0.20159,1226.43310000,0
1507010044,22684806,0.20157,738.75440000,0
1507010044,22684805,0.20150,159.24560000,0
1507010044,22684804,0.20149,270.00000000,0
1507009972,22684771,0.20136,2231.59778677,0
1507009971,22684770,0.20100,37915.00000000,0
1507009962,22684765,0.20100,3585.00000000,1
1507009957,22684763,0.20137,222.23163747,0
1507009956,22684762,0.20137,555.46836253,0
1507009812,22684651,0.20043,67.49550000,1
1507009800,22684644,0.20135,6413.89927000,1
1507009788,22684637,0.20132,2220.00000000,0
1507009771,22684634,0.20134,524.00000000,0
1507009754,22684631,0.20135,4000.00000000,0
1507009748,22684626,0.20040,16215.41547300,1
1507009746,22684625,0.20100,4000.00000000,1
1507009736,22684621,0.20135,524.00000000,0
1507009713,22684610,0.20135,4000.00000000,1
1507009699,22684601,0.20135,1364.00000000,0
1507009691,22684594,0.20136,524.00000000,0
1507009673,22684576,0.20123,2850.10771800,1
1507009672,22684573,0.20119,1521.05470000,0
1507009672,22684572,0.20100,2667.65776121,0
1507009671,22684571,0.20100,1594.94782032,0
1507009656,22684554,0.20100,530.00000000,0
1507009648,22684542,0.20040,2164.12764327,1
1507009648,22684539,0.20040,1239.41240648,1
1507009642,22684527,0.20100,30.00000000,1
1507009642,22684525,0.20100,2637.58341726,1
1507009640,22684523,0.20134,1061.00000000,0
1507009639,22684522,0.20100,2124.87337183,1
1507009636,22684516,0.20135,162.25446916,0
1507009632,22684511,0.20150,798.98799110,1
1507009628,22684500,0.20150,1668.75439925,1
1507009623,22684486,0.20100,1998.00000000,1
1507009622,22684478,0.20156,373.00000000,0
1507009617,22684468,0.20100,1149.57498400,1
1507009617,22684466,0.20100,1000.00000000,1
1507009605,22684422,0.20110,480.00000000,0
1507009587,22684380,0.20110,20.00000000,1
1507009583,22684352,0.20110,230.00000000,1
1507009583,22684351,0.20111,270.00000000,1
1507009578,22684286,0.20120,3784.33099300,1
1507009577,22684285,0.20120,5135.77524900,1
1507009577,22684283,0.20132,270.00000000,1
1507009555,22684143,0.20120,6772.22475100,1
1507009555,22684141,0.20120,4454.00000000,1
1507009555,22684139,0.20121,1029.97179000,1
1507009552,22684129,0.20130,1000.00000000,1
1507009549,22684103,0.20136,2890.85733300,1
1507009547,22684081,0.20137,623.63504500,1
1507009547,22684078,0.20137,270.00000000,1
1507009478,22683765,0.20131,64.81501975,1
1507009478,22683764,0.20200,100.00000000,1
1507009478,22683763,0.20201,0.00000025,1
1507009359,22683628,0.20218,858.00000000,0
1507009211,22683566,0.20243,1900.65528824,1
1507009209,22683565,0.20223,45.00000000,0
1507009097,22683531,0.20201,499.99999975,1
1507009096,22683530,0.20210,231.00000000,1
1507009096,22683528,0.20214,70.78101000,1
1507009096,22683527,0.20220,0.00000025,1
1507009017,22683495,0.20274,852.00000000,0
1507008997,22683490,0.20220,74.18399975,1
1507008997,22683489,0.20220,2735.46626725,1
1507008997,22683488,0.20222,270.00000000,1
1507008887,22683437,0.20281,2914.00000000,0
1507008611,22683303,0.20220,4264.53373275,1
1507008611,22683302,0.20229,85.67489000,1
1507008611,22683300,0.20250,6540.71918525,1
1507008610,22683296,0.20251,2324.95259000,1
1507008545,22683254,0.20251,1497.00000000,0
1507008531,22683249,0.20252,270.00000000,1
1507008530,22683248,0.20253,1257.00574000,1
1507008481,22683220,0.20368,911.71050181,0
1507008481,22683219,0.20305,1899.46540000,0
1507008480,22683218,0.20304,2500.00000000,1
1507008479,22683217,0.20304,58516.03800000,0
1507008473,22683214,0.20306,197.55665813,1
1507008471,22683213,0.20282,45.00000000,0
1507008356,22683011,0.20251,215.17785214,1
1507008347,22682977,0.20250,1876.06549400,1
1507008347,22682976,0.20250,13335.57684000,1
1507008347,22682975,0.20251,2892.52247000,1
1507008342,22682953,0.20300,962.57083807,1
1507008342,22682951,0.20300,966.32693600,1
1507008341,22682949,0.20300,1016.45697600,1
1507008336,22682932,0.20300,229.20874303,1
1507008321,22682851,0.20300,1979.19599100,1
1507008305,22682791,0.20301,972.54297600,1
1507008288,22682751,0.20301,1630.00628400,1
1507008287,22682750,0.20301,1348.42440200,1
1507008267,22682717,0.20300,1219.20305200,1
1507008266,22682716,0.20301,1004.46590200,1
1507008247,22682661,0.20300,4934.99070600,1
1507008247,22682660,0.20300,59244.81642700,1
1507008242,22682653,0.20300,6373.13071300,1
1507008218,22682636,0.20300,50.00000000,1
1507008188,22682618,0.20300,100.00000000,1
1507008065,22682554,0.20340,555.46280122,1
1507008060,22682544,0.20343,73.73540000,1
1507008055,22682540,0.20350,1000.00000000,1
1507008055,22682539,0.20350,250.00000000,1
1507008055,22682538,0.20350,320.00000000,1
1507008055,22682537,0.20350,175.00000000,1
1507008000,22682524,0.20350,45.00000000,1
1507006800,22682233,0.20349,84.00000000,1
1507005600,22681974,0.20343,83.99999000,1
1507005389,22681948,0.20343,83.28701200,1
1507005379,22681942,0.20397,0.00000037,1
1507005377,22681941,0.20397,20138.63068100,1
1507005377,22681938,0.20397,13747.02783900,1
1507005377,22681937,0.20400,477.60000000,1
1507004343,22681704,0.20398,2566.28182650,1
1507004326,22681698,0.20479,2000.95492944,0
1507004265,22681668,0.20398,1639.29739000,1
1507004252,22681660,0.20398,2541.64515000,1
1507004231,22681641,0.20484,217.08709236,0
1507004229,22681639,0.20475,270.00000000,0
1507004015,22681569,0.20478,109.10142069,0
1507003954,22681552,0.20479,682.58603403,0
1507003953,22681551,0.20472,270.00000000,0
1507003828,22681522,0.20391,84.00000000,0
1507003200,22681435,0.20378,176.00000000,1
1507003200,22681434,0.20378,270.00000000,1
1507001597,22681225,0.20378,85.92086650,1
1507001593,22681223,0.20335,7044.89089000,0
1507001592,22681222,0.20335,10000.00000000,0
1507001592,22681221,0.20335,10000.00000000,0
1507001363,22681191,0.20369,330.00000000,0
1507001093,22681112,0.20397,116.00000000,0
1507000726,22681047,0.20366,1444.60894360,0
1507000726,22681046,0.20367,2500.00000000,0
1507000724,22681045,0.20379,270.00000000,1
1507000655,22681034,0.20400,3806.78000000,1
1507000655,22681033,0.20401,270.00000000,1
1507000271,22680923,0.20508,4395.81256095,0
1507000271,22680922,0.20507,852.90336000,0
1507000271,22680921,0.20500,100.00000000,0
1507000269,22680920,0.20495,270.00000000,0
1507000214,22680911,0.20495,67.85322119,0
1506999650,22680832,0.20418,446.00000000,0
1506999635,22680825,0.20500,66.04878048,1
1506999635,22680824,0.20500,34255.71462127,1
1506999606,22680803,0.20500,5649.54192134,1
1506999578,22680797,0.20500,7500.00000000,1
1506999458,22680791,0.20500,554.20000000,1
1506999442,22680790,0.20500,200.00000000,1
1506999327,22680782,0.20500,4611.64012100,1
1506999139,22680762,0.20508,9993.00000000,0
1506999130,22680759,0.20508,2878.24035000,0
1506999130,22680758,0.20507,1121.75965000,0
1506999118,22680756,0.20508,38806.78186046,0
1506999118,22680754,0.20507,1332.78374000,0
1506999099,22680735,0.20500,6771.07808100,1
1506999051,22680730,0.20500,3227.92191900,1
1506999049,22680729,0.20500,2500.00000000,1
1506998978,22680672,0.20500,5618.94705800,1
1506998961,22680663,0.20500,22731.29016700,1
1506998936,22680656,0.20507,936.31442921,0
1506998884,22680646,0.20500,23502.44991900,1
1506998884,22680645,0.20507,1058.91510216,0
1506998882,22680640,0.20504,55.00000000,0
1506998826,22680635,0.20500,113.64320500,1
1506998699,22680605,0.20500,9231.00000000,1
1506998625,22680601,0.20500,27214.30573418,1
1506998599,22680600,0.20500,526.54557321,1
1506998404,22680579,0.20500,2458.00000000,1
1506998312,22680570,0.20500,2500.00000000,1
1506998142,22680546,0.20508,3004.41563200,0
1506998142,22680545,0.20507,1954.94498000,0
1506998072,22680533,0.20507,452.22168000,1
1506998062,22680524,0.20507,2407.77832000,0
1506998044,22680515,0.20507,2860.00000000,0
1506998011,22680508,0.20508,601.25349000,0
1506998011,22680507,0.20507,3398.74651000,0
1506998003,22680502,0.20508,40130.06465354,0
1506997996,22680498,0.20508,9000.00000000,1
1506997867,22680444,0.20503,1735.43145600,1
1506997773,22680412,0.20500,8267.99927000,1
1506997773,22680411,0.20501,2732.00073000,1
1506997734,22680392,0.20500,157565.72241000,1
1506997734,22680391,0.20501,3334.79659000,1
1506997733,22680389,0.20502,270.00000000,1
1506997598,22680337,0.20501,1574.64964900,1
1506997598,22680336,0.20502,270.00000000,1
1506997581,22680331,0.20501,15.06339800,1
1506997581,22680330,0.20502,270.00000000,1
1506997555,22680324,0.20501,2675.87579100,1
1506997554,22680323,0.20501,0.64000000,1
1506997554,22680322,0.20530,914.00000000,1
1506997537,22680308,0.20530,723.09303500,1
1506997537,22680307,0.20569,914.00000000,1
1506997522,22680306,0.20574,1028.00000000,0
1506997505,22680303,0.20574,1472.00000000,0
1506997456,22680287,0.20558,55.00000000,0
1506997445,22680280,0.20530,7362.90696500,1
1506996024,22679945,0.20590,114.72004866,0
1506996024,22679943,0.20537,84.97318000,0
1506996022,22679942,0.20524,55.00000000,0
1506995894,22679906,0.20503,1577.70463470,1
1506995729,22679859,0.20510,250.00000000,0
1506995729,22679858,0.20510,30.00000000,0
1506995542,22679813,0.20502,199.00000000,1
1506995469,22679786,0.20501,70.31625960,0
1506995355,22679749,0.20501,0.00000040,0
1506995355,22679748,0.20500,1800.05000000,0
1506995355,22679747,0.20500,74.69749960,0
1506995355,22679746,0.20500,74.53420000,0
1506995355,22679745,0.20497,11746.00000000,0
1506995355,22679744,0.20497,4394.00000000,0
1506995278,22679726,0.20495,266.04168788,0
1506995227,22679697,0.20496,1024.17419700,0
1506994867,22679616,0.20356,66.00000000,0
1506994499,22679558,0.20442,1191.56319964,0
1506994499,22679557,0.20442,162.15214636,0
1506994499,22679556,0.20430,50.00000000,0
1506994498,22679555,0.20429,270.00000000,0
1506994473,22679541,0.20410,1460.05533864,0
1506994467,22679534,0.20410,4097.99316431,0
1506994428,22679513,0.20409,384.06652400,0
1506994416,22679510,0.20409,0.00835441,1
1506994413,22679508,0.20409,1092.01528000,0
1506994402,22679503,0.20410,3203.30182200,0
1506994392,22679501,0.20410,1593.52945800,0
1506994392,22679500,0.20409,1297.44390000,0
1506994391,22679499,0.20409,320.00000000,0
1506994347,22679494,0.20410,1292.86161347,0
1506994345,22679493,0.20409,896.89745500,0
1506994344,22679492,0.20409,784.57678500,0
1506994326,22679482,0.20409,1076.67512300,0
1506994326,22679481,0.20406,382.50213000,0
1506994284,22679436,0.20410,1579.80234200,0
1506994284,22679434,0.20409,395.01080000,0
1506994266,22679426,0.20410,2380.45626158,0
1506994266,22679424,0.20406,2470.59138000,0
1506994264,22679420,0.20392,0.00000005,0
1506994263,22679419,0.20392,347.31976100,0
1506994263,22679418,0.20389,165.00000000,0
1506994263,22679417,0.20387,494.11828000,0
1506994202,22679411,0.20325,1000.00000000,1
1506994093,22679403,0.20388,900.85947616,0
1506994092,22679402,0.20378,1202.78090000,0
1506994091,22679401,0.20378,270.00000000,0
1506994027,22679367,0.20284,66.00000000,0
1506993373,22679243,0.20353,1504.17211222,1
1506993372,22679242,0.20353,270.00000000,0
1506992781,22679068,0.20250,66.00000000,0
1506992400,22678962,0.20206,313.76983000,1
1506991659,22678834,0.20199,1032.17430869,1
1506991658,22678833,0.20201,5000.00000000,0
1506991658,22678832,0.20201,232.28538000,0
1506991658,22678831,0.20227,1160.23435000,0
1506991658,22678830,0.20227,2500.00000000,0
1506991657,22678828,0.20264,75.30596131,1
1506991648,22678825,0.20357,2575.88421673,0
1506991646,22678824,0.20347,270.00000000,0
1506991264,22678729,0.20264,49.23016200,0
1506990915,22678638,0.20381,236.82130400,1
1506990914,22678637,0.20381,250.00000000,1
1506990914,22678636,0.20381,220.00000000,1
1506990913,22678635,0.20381,2023.17869600,1
1506990902,22678632,0.20381,270.00000000,0
1506990594,22678571,0.20295,100.00000000,1
1506990560,22678563,0.20391,1189.51837575,0
1506990558,22678562,0.20389,270.00000000,0
1506990426,22678517,0.20391,90.61790701,0
1506990424,22678516,0.20324,363.00000000,0
1506989259,22678237,0.20290,79.73659000,1
1506989256,22678236,0.20290,14420.26341000,1
1506989256,22678235,0.20289,2500.00000000,0
1506989065,22678190,0.20306,1423.46816069,0
1506989063,22678189,0.20281,363.00000000,0
1506989013,22678169,0.20250,1670.05366100,1
1506988948,22678147,0.20250,5565.31473673,1
1506988886,22678115,0.20250,5680.08064923,1
1506988886,22678114,0.20250,14588.96698777,1
1506988886,22678113,0.20251,1359.40074000,1
